3967 6334
288 312 341 390 iti
767 319 918 380 uuonan
937 317 1041 376 rutra
1061 319 1090 376 s.
1110 319 1144 376 a.
1166 317 1195 376 a.
1216 317 1422 376 enauimus
1829 321 1865 383 a,

287 465 340 521 que
358 459 476 503 reserari
500 456 582 514 super
605 454 645 497 ee.
669 436 795 493 Exterior
814 436 918 492 ablutio
939 433 1075 506 significat
1090 439 1112 500 Α
1126 434 1254 506 quoniam
1269 434 1315 506 qui
1330 433 1510 506 cogitatione,
1522 431 1779 504 locutioueetopere,
1792 437 1862 504 caliga

287 541 456 602 interiorem,
477 543 508 590 ut
526 534 598 590 siem
619 545 690 603 aqua
712 530 786 584 lauat
808 541 930 596 carnem,
957 524 1076 596 Spiritus
1127 541 1263 592 seramus,
1279 527 1306 580 iu
1321 525 1424 581 eisdem
1439 524 1528 580 trihus
1543 521 1685 586 emendati,
1701 533 1778 581 murce
1788 525 1864 588 hung„

288 641 400 692 sanctus
420 635 556 701 cogitetur
573 624 707 681 mundare
727 628 856 677 mentem.
873 619 996 674 lavacro
1020 618 1078 689 ple·
1125 633 1182 688 Jam
1199 617 1330 673 lucemus.
1354 613 1457 670 llorum
1477 615 1610 671 Dominus
1621 616 1756 672 miseretur
1767 619 1866 694 15gu1.

287 740 403 798 rumque
413 723 485 794 ignis
500 719 667 791 adjungitur,
679 722 709 770 ut
721 713 841 786 perlecta
857 710 983 783 purgatio
999 710 1078 764 iutel-
1127 723 1194 764 cens
1207 706 1355 763 :Misereor
1369 705 1452 762 tetrice
1466 707 1529 778 quia
1544 706 1630 761 triduo
1639 721 1786 776 perseverant
1796 729 1866 770 um.

287 819 397 891 ligatur.
416 815 466 870 llis
482 813 613 868 niurirum
627 806 770 866 elementis
783 805 880 862 sordes
892 803 960 858 dilui
975 802 1078 869 soleut;
1129 798 1238 871 (llatth.
1265 797 1495 872 xu,52).l1adem
1519 797 1681 870 significatio
1700 799 1770 857 uobis
1781 805 1867 864 uolua

289 913 393 982 absque
412 909 474 980 igne
495 917 587 962 tamen
612 917 683 973 aqua
703 899 859 956 declaratur
882 910 1078 968 nonnunquam
1129 891 1240 948 intrina
1256 892 1402 956 mersione,
1414 893 1651 962 pariquenumero
1664 901 1794 949 consecuta
1806 913 1868 956 auu.

289 1001 473 1075 spiritualium
503 993 694 1070 permundatio
722 989 855 1048 sordium.
885 987 919 1042 Et
950 986 1080 1059 quoniam
1130 983 1218 1039 sione.
1236 983 1371 1038 Nimirum
1384 981 1543 1038 Christiano
1554 981 1647 1038 ordine
1664 983 1737 1053 prius
1748 1000 1774 1041 es
1787 992 1869 1046 moritu·

289 1110 367 1170 aquae
380 1094 470 1149 solum
483 1096 526 1147 est
536 1089 638 1148 lauare.
657 1083 781 1139 larandis
800 1080 979 1152 spiritualiter
992 1076 1080 1134 homi·
1130 1091 1190 1138 rus,
1206 1074 1434 1146 sepeliendusque
1449 1073 1594 1145 tripliciter
1607 1081 1726 1145 peccatu,
1739 1081 1869 1146 postmodum

289 1191 372 1245 trihus
392 1200 490 1256 aquam
509 1181 607 1238 merito
624 1176 766 1248 Scriptura
780 1175 906 1238 assumit,
918 1181 1032 1228 caeteros
1045 1171 1080 1226 li·
1130 1165 1190 1238 pari
1205 1181 1319 1220 numero
1334 1164 1382 1220 tihi
1399 1163 1565 1236 surgendum
1580 1171 1664 1220 estut
1677 1171 1870 1236 promovearisu,

289 1275 681 1355 quiores,imuetiamcaeterae
693 1270 820 1334 lementa,
833 1265 1012 1337 huicnegotio
1024 1263 1069 1321 sui
1131 1255 1229 1326 ligiosa
1249 1256 1468 1311 conuersatione.
1493 1253 1578 1312 llecte
1602 1256 1684 1327 igitur
1705 1271 1767 1328 aqua
1782 1257 1871 1333 designat

288 1375 372 1434 licere
385 1387 442 1426 nou
456 1366 553 1424 credit.
569 1364 646 1434 Aqua
667 1361 732 1417 dum
751 1360 841 1424 lavat,
864 1358 996 1430 Spiritum
1015 1372 1081 1412 san·
1133 1345 1264 1418 Spiritum
1276 1355 1420 1414 sanctum,
1435 1347 1564 1420 quoniam
1578 1348 1638 1420 ipse
1649 1349 1783 1404 mortrhcat
1794 1357 1872 1423 sepelit

290 1475 365 1521 ctum
390 1459 568 1517 mundantem
590 1454 733 1524 designat;
753 1465 852 1520 corpus
875 1449 940 1504 dum
963 1449 1080 1513 lavatur,
1132 1457 1185 1513 que
1200 1448 1352 1512 peccatum.
1364 1440 1430 1498 lure
1445 1442 1584 1498 immersio
1597 1441 1715 1498 insinuat
1727 1445 1873 1506 remissiorem

290 1555 434 1613 mundatio
455 1553 553 1606 animae
571 1548 743 1616 designatur.
764 1543 843 1614 Aqua
856 1558 922 1614 ergo
937 1540 1081 1613 Spiritum,
1132 1541 1319 1606 pcccatorum,
1335 1535 1466 1605 quoniam
1480 1534 1507 1589 id
1522 1542 1566 1591 est
1580 1534 1703 1606 immergi
1717 1538 1780 1608 quod
1795 1551 1874 1609 pecua

289 1649 390 1704 lauatio
408 1642 599 1702 remissionem
617 1643 792 1711 peccatorum
803 1634 937 1703 designat.
949 1632 1082 1686 Nimirum
1133 1627 1203 1682 mori
1224 1636 1305 1698 atque
1325 1626 1445 1696 sepeliri.
1466 1625 1499 1680 lh
1522 1627 1588 1698 quid
1606 1635 1649 1683 est
1663 1639 1767 1700 peccato
1781 1633 1874 1688 moriana

291 1746 379 1799 instar
400 1753 478 1811 aquae
500 1734 619 1807 Spiritus
630 1739 743 1787 sanctus
755 1729 821 1800 ogit,
837 1727 924 1783 instar
937 1723 1084 1780 lavationis
1135 1717 1253 1789 sepeliri,
1269 1717 1321 1773 nisi
1333 1731 1389 1772 non
1403 1717 1492 1774 solum
1507 1719 1587 1789 eulpa
1601 1717 1717 1788 expiari,
1731 1735 1810 1774 rerum
1819 1723 1874 1778 edan

289 1833 418 1892 remissio
438 1835 614 1902 peccaturum
626 1824 665 1889 ht,
678 1829 791 1877 auctore
809 1818 895 1874 Paulo
908 1837 915 1872 :
930 1817 1084 1886 Quicunque
1100 1805 1275 1866 Britolestias
1292 1826 1383 1882 prauae
1398 1810 1608 1868 consuetudinis
1623 1811 1730 1867 sedarit
1743 1811 1874 1886 llerltoquo

291 1927 420 1997 baptisati
434 1938 526 1978 sunaus
540 1921 567 1974 in
582 1916 687 1974 Christo
698 1913 774 1979 Jesu,
786 1915 814 1967 iu
825 1922 908 1966 morte
923 1909 1008 1980 ipsius
1020 1906 1084 1976 iap—
1134 1916 1187 1972 que
1204 1917 1252 1972 per
1270 1901 1451 1959 emersionem
1476 1903 1649 1974 regeneratio
1666 1903 1813 1968 declaratur,
1830 1925 1875 1978 quo

293 2023 369 2079 tizan
385 2035 477 2076 sumus
490 2032 498 2071 ε
511 2012 656 2082 consepulti
675 2010 744 2064 etaim
771 2021 863 2062 sumus
884 2020 943 2058 cum
967 2002 1015 2056 illo
1039 2017 1085 2070 per
1135 1995 1208 2048 uiam
1226 1994 1332 2066 sepulto
1346 2003 1458 2066 peccato
1470 1995 1539 2051 nihil
1553 1995 1628 2051 aliud
1642 2005 1740 2061 rest-at,
1760 1999 1805 2054 uisi
1823 2001 1874 2055 aare

292 2116 452 2185 baptismum
464 2111 491 2164 in
507 2115 627 2170 mortem,
646 2098 816 2174 utquomodo
832 2095 947 2152 surrexit
961 2093 1084 2149 Christus
1133 2086 1269 2158 justitiam
1292 2103 1488 2159 exsurgamus,
1505 2098 1535 2145 ut
1548 2089 1594 2161 qui
1612 2095 1725 2160 peccato
1742 2090 1791 2160 jam
1808 2095 1874 2147 „2ng

294 2228 311 2264 e
327 2205 439 2262 arorauis
454 2199 625 2274 perplurium
644 2194 747 2257 Putria,
765 2191 805 2245 ite
824 2197 849 2244 et
868 2205 915 2242 uos
930 2188 958 2240 lu
971 2185 1085 2240 nouitate
1136 2195 1242 2244 sumus,
1258 2181 1348 2236 denuo
1361 2181 1476 2252 justitiae
1490 2183 1627 2248 tiramus,
1645 2199 1676 2238 ac
1688 2199 1735 2254 per
1743 2185 1788 2239 hoc
1796 2186 1832 2256 qui
1839 2189 1875 2240 uati

293 2303 354 2357 citu
373 2297 537 2354 ambulemus
553 2289 639 2363 (Rom.
652 2304 692 2352 rr,
707 2285 746 2357 5),
768 2283 799 2338 ln
817 2289 906 2338 morte
924 2279 1038 2343 Christi,
1058 2276 1085 2333 id
1136 2271 1276 2330 luermuus
1297 2275 1444 2338 uetustati,
1468 2289 1649 2330 renascamur
1672 2275 1786 2331 nouitati.
1808 2277 1829 2332 ln
1846 2277 1876 2332 ia

293 2402 347 2458 est,
362 2393 391 2447 iu
405 2384 584 2447 similitudine
596 2380 693 2438 mortis
711 2377 782 2448 ejus,
797 2382 844 2430 aut
855 2389 903 2445 per
915 2378 1029 2427 rnortem
1044 2370 1086 2440 ip·
1135 2367 1237 2438 ptismo
1250 2367 1285 2421 ad
1300 2366 1412 2422 modum
1430 2381 1508 2438 aqum
1525 2369 1664 2425 antecedit
1680 2367 1795 2440 Spiritus,
1809 2369 1877 2424 spuit.

295 2488 354 2542 sius
367 2479 509 2554 baptizati,
532 2475 559 2531 id
579 2480 623 2531 est
645 2468 784 2544 puriheati
807 2481 913 2522 siturus.
930 2463 998 2518 ham
1014 2461 1086 2518 sieut
1136 2460 1232 2516 tudine
1263 2461 1409 2516 mersionis
1442 2461 1617 2532 subsequitur
1652 2461 1778 2525 remissio,
1807 2461 1877 2520 tutata

294 2576 424 2632 Christus
441 2563 696 2626 mortuusestritae
706 2559 832 2621 mortali,
846 2557 969 2612 itamors
982 2550 1086 2609 Christi
1136 2553 1327 2609 emersionem.
1348 2551 1506 2608 Extremum
1532 2561 1606 2610 tenet
1629 2554 1719 2610 locum
1744 2556 1876 2625 regeneratio

294 2687 347 2727 uos
371 2666 442 2722 mori
465 2661 531 2717 lacit
546 2674 596 2731 per
609 2655 776 2726 baptismum
796 2649 918 2722 pristinae
940 2659 1086 2702 corruersa·
1136 2642 1270 2699 Nimirum
1286 2660 1370 2702 causa
1383 2645 1529 2716 prevenit,
1545 2645 1638 2718 primo
1653 2661 1766 2719 purgans
1778 2645 1878 2702 habitura·

294 2762 365 2818 tioui
376 2780 382 2816 ι
395 2753 549 2825 Consepulti
560 2751 629 2806 enim
640 2763 731 2804 santus
742 2760 801 2798 cuna
812 2742 859 2797 ilio
869 2756 915 2809 per
927 2738 1086 2808 baptismum
1137 2739 1194 2794 lum
1204 2739 1287 2806 malo,
1300 2738 1408 2796 dentum
1420 2737 1573 2795 reformans
1587 2741 1673 2796 hono.

296 2858 324 2912 in
344 2862 470 2913 moriem,
487 2847 571 2903 idest
593 2858 642 2916 per
660 2839 826 2910 baptismum
839 2834 915 2890 vitiis
929 2831 1041 2894 mortui,
1059 2829 1086 2884 in
1417 2829 1533 2886 gqpqq
1552 2828 1650 2888 Ῑῃῃῃθ

295 2949 433 3019 haptisuro
452 2954 562 3014 quoque
586 2936 621 2991 ad
645 2930 851 2991 similitudinem
871 2925 975 2983 Christi
991 2938 1087 2980 sumus
1178 2932 1232 2988 cg,
1250 2949 1330 3003 „sque
1343 2931 1378 2987 aa
1392 2931 1560 3002 sesumam
1573 2931 1717 3003 dmm,
1731 2931 1852 3002 gagg-,m

297 3038 407 3112 sepulti,
424 3044 454 3092 ut
469 3048 525 3089 non
550 3030 639 3087 solum
663 3022 763 3081 mortui
778 3037 793 3078 a
807 3018 923 3093 pristina
942 3030 1088 3073 conversa·
1175 3024 1249 3098 (252)
1277 3024 1330 3082 Sed
1353 3024 1506 3096 baptismus
1529 3023 1584 3080 uisi
1604 3026 1752 3082 necessitas
1774 3021 1878 3096 urgeatai

296 3134 373 3189 tione
392 3141 544 3190 cessemus,
570 3122 619 3179 sed
643 3118 723 3191 quasi
746 3114 845 3187 sepulti
875 3119 958 3183 atque
980 3109 1088 3182 longius
1103 3155 1123 3212 C
1140 3117 1269 3188 aliquam,
1290 3115 1425 3186 praecipue
1445 3131 1510 3172 vero
1528 3115 1687 3186 paschalem
1703 3131 1781 3186 usque
1793 3115 1879 3171 solmui·

297 3223 380 3281 amoti
396 3236 451 3277 non
468 3234 529 3275 eam
544 3213 662 3286 amplius
679 3207 832 3282 appetendo
850 3206 1012 3276 cogitemus·
1035 3199 1089 3258 Sed
1140 3217 1222 3264 tatem
1238 3206 1341 3264 dill'erri
1355 3207 1433 3272 solet,
1445 3215 1475 3262 ut
1486 3206 1595 3263 interim
1610 3185 1808 3276 catechizatiid
1824 3209 1879 3264 esth

297 3315 363 3390 quid
384 3313 496 3386 prodeo
515 3306 600 3364 reteri
619 3317 713 3362 carere
727 3301 794 3365 utta,
808 3298 863 3355 nisi
878 3309 1090 3369 promoveamur
1141 3301 1193 3357 ttae
1217 3299 1355 3366 instructi,
1378 3300 1488 3356 tandem
1519 3301 1547 3356 in
1569 3300 1689 3357 eeclesia
1709 3301 1880 3356 anuuuurtaue

298 3413 327 3466 iu
340 3423 426 3472 nora,
445 3403 479 3459 Ut
490 3399 619 3474 atomvtit
630 3393 746 3452 surrexit
759 3391 881 3448 Christus
892 3387 1031 3442 “mittit
1045 3401 1091 3455 ttt't
1141 3393 1261 3460 diaholo,
1288 3409 1303 3448 a
1323 3393 1467 3450 sacerdote
1488 3393 1636 3450 celebriter
1646 3393 1811 3464 haptizeutur.
1828 3390 1878 3448 Cate

298 3501 411 3575 glorium
431 3496 536 3563 Patris,
557 3493 597 3547 ita
621 3500 646 3546 et
668 3503 716 3543 uos
736 3486 765 3541 in
784 3483 898 3539 nouitate
916 3482 977 3537 oitoe
996 3478 1091 3534 unibu—
1141 3485 1285 3540 chizanrur
1304 3484 1391 3556 prius,
1417 3486 1547 3557 quoniam
1566 3485 1674 3557 apsque
1691 3485 1741 3541 ΜΘ
1754 3485 1878 3546 qumquem,

299 3596 407 3652 &mg
1142 3586 1189 3632 aut
1202 3578 1310 3634 etiamsi
1320 3578 1420 3634 vellent
1430 3576 1564 3649 baptizari
1577 3593 1635 3634 non
1650 3577 1781 3641 deberent,
1793 3574 1880 3648 quonian

586 3673 700 3733 CthllT
721 3669 802 3727 liVll.
1141 3669 1212 3725 nihil
1227 3669 1381 3740 prodesset.
1401 3669 1535 3737 Quoniam
1552 3685 1619 3742 ergo
1634 3685 1667 3726 ex
1684 3670 1880 3725 necessitatene

413 3770 645 3834 turonenensis
660 3767 784 3839 baptismi
797 3775 821 3821 et
835 3760 977 3836 passionis.
1142 3763 1287 3817 chizantur
1301 3761 1402 3828 adulti,
1418 3760 1524 3818 ratione
1537 3762 1756 3829 corrsuetudinis,
1769 3761 1880 3832 abutere

339 3871 393 3928 Sed
407 3879 437 3926 ut
453 3863 633 3940 apostolicam
647 3859 820 3917 collationem
833 3853 950 3912 interius
964 3865 1092 3924 perscru·
1143 3855 1271 3912 cessitate
1285 3863 1390 3922 tamen,
1405 3856 1611 3913 catechizantur
1624 3863 1653 3912 et
1668 3857 1775 3926 paruuli.
1788 3853 1848 3908 hau.
1857 3851 1880 3906 s'·

301 3977 402 4032 temur,
416 3963 560 4019 uideamus
575 3954 643 4028 quid
660 3955 689 4010 in
707 3951 843 4024 haptismo
857 3947 950 4014 morti,
965 3945 1031 4016 quid
1047 3958 1091 3999 se·
1143 3957 1190 4003 eut
1199 3947 1284 4004 adulti
1294 3946 1318 4003 si
1328 3954 1418 4003 morte
1429 3961 1602 4019 praepropera
1615 3947 1771 4004 excludatur
1779 3942 1878 4014 mutu.

301 4061 429 4134 pultare,
450 4052 517 4125 quid
537 4052 647 4107 demum
670 4043 886 4116 comparandum
910 4041 947 4096 sit
968 4051 1093 4094 resurre-
1144 4040 1246 4096 solaex
1259 4039 1475 4095 catechizatione
1489 4038 1634 4095 credentes
1650 4039 1794 4102 saivanuu,
1806 4037 1880 4104 haper-

302 4152 397 4210 ctioui.
420 4148 492 4204 hum
514 4140 694 4215 baptizandus
711 4132 789 4208 aquae
808 4131 990 4204 immergitur,
1018 4143 1093 4184 mors
1144 4131 1201 4186 ruli
1223 4131 1288 4186 lieet
1312 4130 1501 4187 catechumeni
1522 4131 1627 4202 ahsquc
1648 4130 1778 4201 baptismo
1790 4137 1879 4182 canan

302 4245 408 4301 Christi
422 4240 595 4303 insinuatur;
610 4232 674 4288 dum
686 4231 738 4288 suh
750 4220 824 4300 aqua
834 4227 901 4281 latet
912 4238 1034 4286 mersus,
1050 4235 1094 4276 se-
1144 4225 1226 4280 tione·
1238 4224 1414 4280 damnantur.
1439 4222 1518 4279 Stare
1538 4233 1630 4280 umen
1652 4223 1730 4279 dehet
1748 4224 1785 4279 lex
1799 4219 1880 4276 raterii·

301 4338 412 4392 uultura
431 4330 534 4388 Christi
557 4329 785 4398 repraesentatur.;
804 4319 869 4374 dum
891 4316 1094 4373 sublevaturer
1145 4315 1225 4372 zaudi
1239 4325 1266 4372 et
1282 4317 1311 4371 in
1326 4315 1458 4388 parvulis,
1471 4331 1527 4371 non
1538 4316 1627 4372 solum
1648 4316 1769 4388 quoniam
1783 4311 1880 4370 inaduhs

303 4429 393 4502 aquis,
406 4423 575 4483 resurrectio
587 4417 690 4476 Christi
701 4415 868 4471 declaratur.
891 4409 993 4466 llersio
1016 4421 1096 4478 repe·
1145 4409 1304 4474 antecessit,
1328 4424 1423 4464 uerum
1447 4408 1534 4463 multu
1557 4411 1646 4482 magis
1666 4409 1785 4480 quonian
1798 4403 1879 4478 quadan

303 4525 372 4579 tltur
393 4518 485 4583 tertio,
507 4530 563 4570 non
583 4511 672 4570 solum
693 4509 722 4564 in
744 4504 926 4586 reverentiam
939 4500 1092 4565 Trinitatis,
1109 4503 1189 4558 licat
1202 4499 1363 4574 expellendo
1378 4499 1486 4556 diabolo
1498 4503 1674 4572 preparatio,
1688 4509 1716 4556 ut
1727 4483 1772 4572 pro
1786 4498 1880 4569 tapiua

304 4610 496 4671 verumetiam
510 4614 622 4680 propter
631 4602 788 4658 triduanam
797 4596 900 4654 Christi
914 4594 1092 4666 sepulturam.
1146 4593 1190 4650 dis
1201 4591 1375 4664 supplicatio,
1389 4591 1483 4648 ualens
1495 4591 1617 4663 quidem,
1629 4607 1685 4649 non
1695 4592 1814 4648 sulieiens
1824 4597 1879 4642 rma

304 4705 337 4764 iu
350 4703 490 4777 sepultura
500 4696 678 4755 Dominidies
692 4699 802 4750 noctem
819 4688 902 4745 tertio
919 4686 1053 4758 sequitur,
1066 4683 1096 4738 in
1147 4685 1238 4743 saluti.
1255 4682 1359 4755 Quippe
1373 4690 1403 4738 ut
1416 4683 1537 4739 salvetur
1550 4684 1623 4756 quis,
1640 4691 1688 4740 aut
1701 4678 1831 4740 nedessuh
1840 4675 1880 4732 tite

304 4797 444 4869 baptismo
462 4803 572 4863 quoque
589 4787 691 4843 trinam
705 4784 779 4840 trina
794 4778 959 4836 mersionem
977 4773 1096 4831 emersio
1146 4783 1189 4832 cst
1201 4773 1313 4839 adultis,
1335 4779 1383 4828 aut
1399 4780 1602 4829 sacramentum
1616 4773 1689 4840 tidei,
1711 4773 1755 4846 qui
1769 4779 1804 4828 est
1815 4765 1880 4838 lapte

305 4887 462 4946 comitatur.
473 4881 697 4938 Anteadueutum
706 4877 810 4935 Christi
823 4877 882 4934 dies
897 4875 1022 4948 sequenti
1033 4889 1096 4931 cum
1146 4881 1219 4931 mus,
1240 4863 1370 4937 paruulis.
1386 4861 1456 4918 Nam
1469 4863 1575 4936 ahsqne
1593 4871 1711 4938 utroque
1731 4877 1801 4920 nemo
1817 4855 1879 4915 saluti

306 4987 388 5038 nocte
402 4975 622 5049 computabatur,
636 4973 664 5028 iu
673 4971 804 5044 passione
817 4970 925 5026 llomiui
939 4969 1008 5025 ordo
1021 4983 1096 5024 com·
1146 4968 1246 5033 potest.

305 5070 458 5146 putationis
471 5075 608 5133 mittatur,
624 5071 651 5121 et
664 5063 724 5119 dies
738 5056 909 5119 anwcedenti
931 5075 995 5116 cum
1017 5069 1097 5116 nocte
1439 5047 1555 5107 CAPUT
1577 5047 1646 5108 iiix,

306 5171 476 5222 numerante.
497 5158 590 5215 Prima
603 5156 770 5228 computatio
781 5171 797 5210 a
809 5155 854 5211 die
867 5154 896 5210 iu
912 5159 1021 5210 noctem
1041 5159 1097 5208 ter·
1195 5141 1250 5199 Ctr
1262 5143 1363 5211 petrini
1378 5157 1458 5214 atero
1473 5141 1502 5195 iu
1517 5139 1647 5213 taurianae
1661 5146 1720 5194 rant
1733 5131 1850 5192 musard

306 5254 437 5317 minatur,
458 5249 588 5323 quoniam
612 5247 719 5320 primus
743 5244 831 5301 Adam
849 5261 866 5299 a
881 5243 927 5300 dle
948 5243 1097 5299 creationis
1184 5235 1258 5309 (253)
1277 5233 1349 5292 Puer
1367 5249 1432 5306 ergo
1451 5235 1582 5306 quoniam
1602 5231 1713 5290 credere
1721 5227 1873 5288 nescitura*

305 5349 402 5419 lapsus
420 5341 525 5401 corruit
546 5342 576 5397 iu
594 5349 703 5398 nomem
718 5337 955 5410 transgressionis.
971 5334 1097 5392 Secrruda
1149 5337 1271 5385 mentum
1295 5326 1424 5383 credendi
1447 5325 1574 5398 requirit.
1596 5323 1625 5379 lu
1648 5323 1699 5379 hae
1718 5315 1879 5388 uueopttti

307 5437 477 5510 computatio
491 5451 506 5491 a
520 5441 601 5491 noete
624 5433 653 5488 in
674 5432 748 5489 diem
771 5431 945 5494 terminatur,
967 5427 1098 5500 quoniam
1149 5420 1278 5495 patrinis,
1291 5435 1407 5492 quorum
1422 5418 1576 5475 ministerio
1589 5417 1723 5474 sacerdoti
1736 5417 1879 5486 puerprat*

308 5529 447 5588 secundus
462 5527 660 5583 hdamueteris
673 5525 790 5598 caligine
804 5521 1039 5595 praeuaricationis
1052 5520 1098 5576 de-
1149 5523 1236 5582 tetur,
1258 5529 1376 5587 quorum
1399 5511 1573 5577 testimonio,
1599 5525 1633 5566 ue
1657 5507 1750 5566 deiude
1768 5493 1879 5578 quesiti!

309 5623 400 5696 pulsa,
413 5622 473 5679 luce
484 5637 541 5677 sum
553 5619 684 5676 nouitatis
697 5617 830 5672 mundum
841 5615 998 5672 illustrarit.
1016 5612 1099 5670 Terni
1150 5610 1316 5681 baptismate
1349 5605 1465 5670 oriatur,
1485 5620 1552 5676 puer
1570 5604 1730 5675 baptizatur.
1742 5589 1879 5665 lt'anaqrtt‘tt

308 5713 370 5771 ates
388 5715 417 5769 iu
437 5713 578 5784 monitura
601 5710 710 5766 oomni
734 5716 889 5781 emuntur
909 5717 968 5767 tres
992 5715 1099 5773 noctes,
1150 5701 1286 5771 baptisma
1294 5697 1451 5768 emergitur,
1459 5695 1483 5751 st
1491 5684 1879 5768 ptreresaquouianaiurrttr

346 5803 422 5880 (atii
441 5804 579 5878 Magister,
595 5819 632 5872 tr,
647 5803 675 5860 d.
691 5802 718 5872 t,
736 5801 751 5874 l
767 5800 794 5858 6.
1188 5791 1261 5866 (tto)
1281 5790 1399 5866 Magist,
1417 5805 1456 5860 tr,
1471 5787 1500 5845 tl.
1515 5784 1542 5853 6,
1559 5785 1572 5861 5
1589 5785 1612 5844 7.
