3967 6334
238 340 312 398 ausa
781 302 927 382 'suuunn
948 321 1094 378 inuans
1112 322 1142 380 s.
1163 319 1312 380 orovrsn
1807 320 1877 376 aas

237 459 346 520 ruisset,
358 451 490 508 liamanis
500 447 702 512 resistentibus,
711 459 804 516 pacem
815 443 938 500 obtinere
949 441 1032 498 Petro
1047 448 1069 503 Α
1083 440 1301 496 bonam-llallem
1317 441 1408 514 (386),
1424 449 1524 512 preter
1536 442 1656 498 claustra
1670 435 1886 502 monachorum,

237 546 338 604 beums
351 547 459 601 vivente
472 558 528 598 non
542 541 639 612 poturit.
659 537 712 594 Sed
733 552 795 592 eum
815 533 914 592 Petrus
932 533 1033 592 Leonis
1082 547 1143 603 quse
1163 530 1340 597 tetendebat,
1361 533 1424 604 igne
1443 548 1622 589 concremare
1639 530 1775 592 fecisset.
1794 529 1846 585 sed
1859 539 1887 584 et

236 637 272 694 de
290 635 380 692 medio
394 633 519 698 abiisset,
546 646 613 702 paee
631 628 760 686 Ecclesia
777 635 840 698 post
857 625 965 697 longam
982 623 1030 679 tlu-
1082 623 1135 678 alia
1155 622 1214 679 vice
1233 637 1296 677 cum
1314 622 1599 680 castellum-lienardi
1622 621 1651 678 le
1673 621 1757 677 teudo
1774 623 1888 676 comnis

236 726 425 788 ornationem,
452 731 514 794 post
538 720 660 776 diutinos
680 728 708 776 et
734 734 804 789 pene
824 716 1032 786 consumptivos
1082 713 1234 770 'lbeobaldi
1253 731 1302 788 per
1323 715 1449 772 bomines
1463 717 1545 772 etiam
1563 716 1665 772 absens
1678 715 1886 778 destruxisset.

236 819 394 890 languores,
409 815 458 870 liei
470 813 573 870 auxilio
587 812 724 878 restituta,
734 809 863 865 dominus
873 822 943 880 papa
959 806 1032 862 leliei
1081 821 1114 862 ea
1127 822 1209 876 quam
1224 815 1373 862 extremam
1387 806 1452 862 lecit
1465 795 1684 879 expeditionem,
1705 805 1886 862 nobilissino

237 924 369 965 successu
380 905 583 964 sanctissimam
597 901 755 958 cathedram
766 901 829 956 vitae
843 906 870 956 et
886 897 967 954 ollicii
978 914 1032 954 me
1081 897 1202 952 exercitu
1216 902 1338 952 castrum
1352 895 1446 952 Sancti
1461 897 1608 954 Brietionis
1618 913 1703 968 super
1716 895 1835 951 durium
1845 894 1889 949 li·

237 999 292 1054 rito
302 994 487 1054 nobilitavit..
1082 987 1168 1056 gerim
1183 987 1219 1041 ob
1231 987 1274 1042 soi
1290 988 1484 1058 rapacitatem,
1500 997 1528 1046 et
1541 997 1728 1046 mercatorum
1740 987 1887 1058 depraeda-

271 1085 444 1158 lamjamque
462 1084 590 1141 dominus
605 1097 653 1138 res
672 1078 828 1136 Ludovicus
842 1088 870 1135 et
893 1093 1034 1150 corporeae
1082 1077 1196 1141 tionem,
1212 1086 1238 1135 et
1254 1079 1383 1136 incendio
1393 1080 1530 1148 dissolvit,
1545 1090 1574 1138 et
1588 1082 1689 1136 turrim
1699 1089 1728 1138 et
1738 1080 1886 1138 dominum

237 1177 380 1250 gravitatis
395 1177 480 1240 mole,
499 1183 527 1232 et
542 1175 667 1230 laborum
682 1173 843 1228 continuato
858 1171 958 1228 sudore
981 1169 1033 1224 ali·
1082 1168 1117 1223 ad
1138 1169 1304 1226 deditionem
1325 1174 1426 1244 coegit.
1449 1173 1509 1240 Qua
1529 1189 1672 1246 regressus
1692 1173 1886 1260 expetitione,-

237 1269 398 1340 quantispcr
417 1267 533 1331 tractus,
553 1273 584 1321 ut
605 1265 731 1320 humanm
749 1263 947 1335 complexionis
972 1277 1033 1318 mos
1082 1259 1154 1332 apud
1169 1263 1311 1318 castellum
1326 1279 1426 1319 novum
1442 1264 1687 1322 biantis-Treberii
1708 1263 1788 1336 (387)
1807 1263 1883 1335 graui

237 1370 290 1425 est,
312 1374 428 1430 corpore
449 1373 503 1413 non
525 1357 617 1412 animo
637 1355 798 1412 deficiebat:
820 1369 883 1410 cum
902 1353 1033 1410 tamensi
1082 1352 1217 1408 diarrhaea
1230 1353 1335 1410 ventris
1350 1354 1495 1426 pmlluvio,
1513 1359 1585 1412 sicut
1596 1355 1751 1428 aliquando
1764 1369 1885 1410 coam·

237 1451 304 1522 quid
313 1452 393 1522 regiae
403 1449 540 1520 majestati
550 1452 736 1520 importunum
747 1462 795 1518 per
805 1445 962 1503 universum
975 1461 1034 1517 reg·
1082 1451 1169 1508 verat,
1184 1447 1305 1516 graviter
1315 1448 1400 1519 coepit
1413 1448 1532 1503 anxiari.
1551 1446 1604 1515 Qui
1620 1455 1651 1502 ut
1664 1455 1727 1504 erat
1745 1446 1777 1502 ia
1790 1447 1884 1502 musi-

237 1558 303 1598 num
316 1549 476 1614 emergeret,
488 1541 604 1596 inultum
616 1539 782 1595 nullomodo
795 1538 932 1608 praeterire
947 1537 1033 1592 susti·
1082 1534 1127 1590 liis
1141 1534 1283 1607 providus,
1300 1537 1352 1593 sibi
1368 1538 1422 1609 ipsi
1434 1538 1593 1602 consulens,
1607 1545 1637 1593 et
1652 1536 1806 1592 miseratus
1824 1537 1883 1590 am-

238 1636 323 1686 neret.
341 1628 435 1686 Tantae
452 1630 526 1686 enim
542 1628 665 1685 scientiae
679 1634 706 1684 et
724 1625 866 1684 industriae
882 1641 1033 1698 sexagena·
1082 1641 1135 1681 mae
1149 1642 1216 1690 sna,
1240 1625 1296 1682 llco
1314 1629 1435 1698 placens,
1452 1627 1632 1698 lrequcutatae
1649 1626 1838 1682 confessionis
1855 1633 1883 1680 et

238 1719 382 1792 11651581)
402 1728 471 1786 erat,
495 1727 524 1774 nt
546 1720 568 1776 si
588 1719 749 1790 impinguati
764 1718 889 1790 corporis
906 1719 1032 1775 molestia
1083 1717 1237 1772 orationum
1249 1717 1301 1773 sibi
1313 1717 1457 1775 devotione
1466 1717 1645 1791 providebat:
1661 1717 1715 1774 boc
1725 1725 1883 1772 unumtoto

236 1811 310 1882 jugis
320 1826 375 1866 non
387 1811 538 1872 resisteret,
550 1824 659 1864 omnem
670 1809 860 1866 universaliter
871 1809 977 1866 hostem
987 1825 1032 1866 su·
1047 1795 1069 1852 Β
1082 1809 1167 1865 animi
1179 1808 1277 1865 aflectu
1288 1818 1453 1881 praeoptans,
1464 1811 1537 1882 apud
1548 1820 1660 1865 sanctos
1673 1816 1884 1882 martyrespm

239 1903 358 1976 perando
366 1908 530 1958 contereret.
544 1899 621 1956 Unde
632 1915 704 1971 saepe
713 1899 817 1956 intimis
827 1899 1032 1972 ingemiscendo
1083 1906 1201 1958 tectores
1217 1916 1283 1958 suus
1296 1901 1456 1974 Dionysium
1470 1901 1622 1972 sociosque
1637 1901 1701 1971 ejus
1721 1916 1755 1956 se
1768 1915 1884 1972 quona-

237 1997 419 2066 querebutur:
446 1992 539 2058 clleo,
557 1994 656 2064 inquit,
672 1992 779 2048 miserm
794 1992 955 2058 conditioni,
970 2009 1032 2064 quae
1081 1993 1227 2065 docunque
1241 1992 1361 2059 deterri,
1377 2000 1405 2048 et
1419 2001 1482 2049 ame
1498 1993 1692 2049 sacratissima
1708 2007 1811 2048 corun
1822 2007 1884 2047 οω-

238 2087 310 2144 scire
321 2095 349 2142 et
360 2101 441 2156 posse
456 2085 578 2150 insimul,
596 2092 644 2140 aut
657 2084 703 2140 vix
716 2090 763 2140 aut
778 2099 918 2155 nunquam
932 2085 1033 2141 admit·
1082 2099 1149 2156 pora
1165 2085 1241 2156 regni
1254 2093 1282 2140 et
1297 2099 1409 2139 coronae
1421 2083 1608 2155 depositione,
1622 2097 1760 2140 eoronam
1773 2097 1826 2154 pro
1838 2097 1883 2137 rc

149 2187 151 2192 ’
237 2179 284 2234 titi
306 2177 335 2233 Si
349 2179 422 2234 enim
433 2178 544 2248 juvenis
560 2177 685 2240 scissem,
707 2183 755 2231 ant
773 2175 855 2233 modo
869 2191 952 2234 senex
966 2192 1032 2248 pos-
1081 2191 1167 2241 runa,
1198 2191 1248 2247 pro
1276 2176 1414 2248 regalibus
1443 2175 1598 2247 insignibus
1630 2181 1659 2230 et
1689 2174 1884 2246 imperialibas

237 2285 306 2335 sem,
326 2269 512 2328 efficacissime
527 2284 610 2337 regna
628 2269 715 2322 multa
729 2267 944 2338 perdomassem.
963 2288 972 2320 ι
991 2267 1031 2322 Ea
1080 2268 1252 2326 ornamentis
1267 2269 1397 2324 humilem
1414 2267 1488 2325 beati
1501 2267 1643 2325 Benedicti
1662 2267 1795 2322 babitun
1808 2283 1884 2322 eon·

237 2369 330 2418 tanuen
353 2361 478 2431 corporis
501 2359 659 2416 debilitatus
676 2358 749 2431 (586)
781 2358 927 2431 gravitate,
947 2358 1031 2415 etiam
1080 2361 1224 2428 mutando,
1245 2361 1430 2418 monasticum
1450 2361 1577 2418 ordinem
1597 2359 1735 2432 pmuteri.
1754 2357 1882 2422 Videam,

236 2453 308 2508 lecto
330 2451 527 2523 rigidissimus,
549 2465 637 2522 usquc
655 2449 724 2506 adeo
738 2459 766 2506 et
779 2450 835 2520 regi
849 2449 963 2521 Angliae,
980 2463 1030 2504 ro·
1080 2454 1128 2524 qui
1149 2454 1310 2510 monastice
1328 2452 1484 2525 paupertati
1498 2453 1643 2524 derogant,
1664 2450 1812 2523 quomodo
1829 2468 1884 2507 aaa

237 2543 351 2614 mitique
366 2542 523 2600 Theobaldo
533 2550 560 2598 et
569 2541 698 2598 omnibus
709 2541 902 2606 resistebat,ut
911 2542 1029 2613 quicun-
1080 2542 1170 2600 solum
1192 2543 1403 2615 archicpiscopi,
1423 2544 1472 2600 sed
1488 2552 1517 2600 et
1537 2544 1590 2616 ipsi
1611 2557 1694 2614 reges
1713 2543 1884 2597 transsitor'o

237 2649 292 2704 qne
305 2649 368 2689 enm
383 2632 553 2706 viderent,et
561 2632 694 2706 praeclara
702 2630 938 2704 operataudirent,
945 2631 1030 2688 animi
1079 2634 1164 2688 vitam
1177 2643 1309 2690 aeternam
1322 2633 1518 2705 proterentes,
1542 2635 1577 2691 ad
1595 2633 1773 2705 singularem
1788 2649 1882 2689 mona·

237 2724 405 2782 nobilitatem
416 2723 1031 2798 praedicarent‚corporisdebilitatemdeplau·
1081 2721 1143 2778 stiei
1158 2723 1264 2778 ordinis
1279 2724 1391 2779 tutelam
1406 2723 1582 2780 securissime
1595 2722 1777 2794 coniugium.

238 2822 341 2888 gerent.
367 2813 406 2869 Ea
428 2814 511 2870 etiarn
530 2813 691 2870 molestatus
705 2813 835 2885 angaria,
854 2829 917 2869 cum
931 2821 1030 2871 contra
1116 2813 1185 2870 Cum
1198 2821 1289 2870 autem
1301 2814 1336 2871 de
1349 2815 1394 2871 die
1408 2815 1437 2870 in
1451 2815 1524 2871 diem
1539 2815 1615 2888 gravi
1631 2814 1775 2870 diarrhaea
1789 2814 1884 2870 mrca-

238 2903 426 2960 'lbcobaldum
443 2902 573 2960 comitem
591 2902 657 2960 laeso
673 2919 755 2960 crure
783 2910 810 2960 et
825 2904 870 2960 vix
886 2903 1029 2976 deportato
1080 2913 1168 2974 retur,
1185 2914 1278 2963 motus
1292 2907 1377 2963 tantis
1388 2914 1416 2962 et
1428 2913 1485 2962 tam
1500 2906 1623 2963 molestis
1637 2905 1819 2962 medicem
1836 2921 1883 2978 pt

238 3037 283 3092 din
296 3043 494 3092 commoratum
509 3035 604 3098 luisse,
612 3009 859 3107 indcqnelurones
871 3037 982 3104 adiisse,
992 3039 1027 3094 ad
1081 3037 1235 3104 Februarii,
1252 3037 1345 3095 indict.
1369 3039 1546 3105 mlncamut.
1562 3039 1643 3096 bom.
1660 3040 1755 3104 itai.
1777 3042 1884 3111 μή·

237 3107 289 3164 sibi
305 3105 506 3162 courciliandum
526 3106 687 3162 Gaul'ridum
701 3105 889 3178 Plantagenet,
900 3108 1063 3184 andem-g
1079 3119 1155 3165 catus
1176 3125 1236 3166 uero
1251 3109 1352 3164 domini
1368 3109 1515 3164 lanorentii
1527 3125 1602 3180 papoe
1617 3109 1651 3165 lt
1662 3115 1883 3176 aenomaus.

236 3193 333 3234 rurum
358 3177 500 3240 comitem,
516 3174 806 3257 antequamParisios
828 3179 941 3235 veniret.
961 3178 1028 3246 Quae
1079 3180 1252 3303 pleraque,
1271 3179 1370 3234 Annei.
1391 3179 1501 3236 cisterc.
1525 3181 1559 3236 ad
1572 3197 1619 3238 an.
1642 3181 1735 3246 ll32,
1757 3197 1825 3264 cap.
1846 3185 1882 3247 1).

236 3247 433 3311 cer-tconsilia,
450 3253 480 3300 ut
500 3254 577 3302 notat
605 3245 779 3304 blabrllonius
806 3247 915 3319 (diruat.
949 3248 1027 3318 Bam,
1101 3249 1243 3320 ugdunnm
1258 3249 1375 3306 subinde
1393 3266 1456 3305 cum
1467 3249 1632 3316 advenisset,
1645 3251 1807 3308 illicmcrt
1858 3270 1883 3308 ι

236 3317 759 3399 Ι81141168),11111ι111ροιιιιιιιιιοεῑ
773 3319 919 3374 concilium
935 3317 1029 3376 beodii
1078 3321 1181 3384 emisit,
1196 3322 1225 3377 in
1245 3322 1326 3390 cuius
1347 3320 1403 3404 line·
1420 3320 1519 3409 legitur
1534 3341 1543 3376 ι
1556 3323 1653 3406 Actum
1674 3332 1718 3378 em
1860 3328 1882 3390 ',

235 3387 850 3540 nutun„limantururla
866 3389 1029 3542 stratae
1078 3389 1884 3546 attt-intutmmtdmndtm”trias

235 3529 439 3584 celclnandum.
475 3543 567 3584 ansus
581 3526 782 3610 liotbomagnm
803 3531 960 3586 secontulrt
985 3529 1029 3585 ln·
1078 3532 1204 3603 ideoque,
1213 3541 1243 3588 ut
1256 3533 1384 3588 observat
1394 3529 1578 3602 Pagrus,ante
1591 3533 1664 3589 diem
1677 3533 1714 3588 16
1745 3534 1881 3598 ebream,

235 3599 380 3680 nocentius
397 3616 420 3680 ;’
442 3613 502 3680 ‘qna'
535 3598 603 3653 urbe
646 3599 746 3679 litteris
787 3597 902 3720 suifm
931 3600 1028 3682 immi
1078 3615 1134 3672 qno
1161 3604 1272 3659 tertium
1307 3600 1484 3684 pontificatus
1516 3617 1618 3684 annum
1647 3603 1655 3614 “
1764 3619 1801 3661 us
1828 3615 1879 3661 est

234 3673 357 3737 scriptis,
381 3670 521 3738 privilegia
535 3674 563 3722 et
576 3683 767 3737 possessiones
784 3666 812 3723 S.
851 3685 1028 3742 ronysncun·
1081 3670 1272 3743 ‹Progressus
1287 3671 1350 3727 inde
1366 3670 1661 3736 Valentiamubra22
1695 3674 1881 3731 ebruariidie

235 3737 476 3793 triumlatronum
491 3736 681 3808 llotlaomaqi...
700 3753 738 3792 vn
754 3736 818 3792 ldus
833 3737 860 3792 ll
864 3741 902 3794 nii
910 3779 918 3803 ,
933 3740 1025 3797 indict.
1077 3741 1113 3796 ad
1128 3742 1162 3796 16
1178 3742 1268 3800 llartii
1278 3749 1417 3797 versatum
1432 3757 1497 3796 eum
1508 3741 1595 3799 luisse
1607 3759 1641 3798 ex
1653 3744 1760 3801 litteris
1774 3745 1833 3802 illic
1847 3748 1881 3800 ala

236 3822 275 3868 ιιι,
292 3805 402 3862 lncmn.
424 3806 503 3861 Dora.
520 3824 565 3862 un.
580 3807 661 3871 liiii,
685 3808 758 3876 pocati
773 3809 856 3863 'cutus
874 3809 964 3864 dunnri
980 3809 1028 3865 ln·
1077 3827 1111 3866 eo
1125 3811 1196 3869 datis
1211 3811 1333 3870 ostendit
1357 3811 1468 3892 Pagius
1485 3812 1587 3883 (adan.
1604 3813 1690 3878 1132,
1718 3831 1750 3869 ιι.
1776 3816 1809 3870 11
1827 3815 1880 3878 ,ad

235 3875 742 3950 ιιοιιιιιὶίραρω11,ιιιιιιοιειιιιιι1ιι.1
765 3893 836 3934 scra.
853 3877 922 3935 illst.
938 3879 1027 3936 aas,
1078 3880 1108 3937 S.
1131 3881 1269 3953 AEgidium
1280 3881 1438 3947 descendat,
1453 3891 1481 3938 et
1499 3897 1549 3953 per
1560 3891 1682 3940 montem
1695 3883 1805 3941 Genu
1828 3889 1878 3958 leg.

234 3945 283 4010 11,,
297 3963 324 4016 p.
338 3949 395 4019 aa).
412 3945 583 4018 Rotbomago
591 3949 617 4004 di
638 3963 743 4012 ressus,
753 3948 924 4005 Bellovacum
936 3952 1025 4021 petiit,
1076 3949 1214 4026 Generael,
1226 3951 1315 4024 inquit
1326 3952 1444 4023 scriptor
1458 3967 1635 4025 anonymusa
1650 3953 1778 4010 baronio
1788 3957 1881 4011 lauda·

234 4017 274 4072 nti
290 3963 906 4100 testaturdiploma,quoionationemcentum
921 4024 1028 4144 argenti
1078 4031 1138 4088 tus,
1159 4024 1227 4080 lines
1251 4022 1450 4104 longobardiae
1471 4023 1600 4089 intrarit,
1619 4033 1649 4080 et
1669 4026 1747 4096 apud
1771 4027 1877 4092 amau,

233 4102 402 4150 marcarum,
414 4087 590 4143 clumacensi
604 4097 773 4144 monasterio
787 4087 887 4145 iactam
903 4090 938 4146 ab
961 4090 1026 4148 len·
1077 4093 1251 4150 solemnitate
1271 4091 1507 4155 lllesurrectrcnis
1533 4092 1686 4152 Dominicae
1720 4097 1876 4162 celebrata.

234 4157 372 4282 limiti
385 4157 705 4310 illlltntt'ltlti·
720 4157 1027 4301 lttttddltiillt
1076 4161 1468 4305 Pitilltll‘slmm,
1502 4235 1752 4308 arnapam
1782 4253 1877 4296 m

233 4297 359 4354 lustratis
370 4296 509 4361 Ecclesirs,
525 4297 700 4356 Noviomensi
714 4299 849 4370 imprimis
869 4315 901 4355 ac
916 4299 1028 4358 Laudu-
1076 4303 1194 4360 librarii.
1757 4279 1767 4306 ’

233 4367 517 4440 neusi,compendii,
533 4376 564 4424 ut
574 4369 613 4424 ait
627 4367 769 4440 Saganos,
781 4369 918 4426 demorari
929 4373 1025 4444 elegit,
1124 4374 1177 4430 585
1203 4373 1290 4432 codd.
1306 4374 1336 4430 S.
1350 4372 1482 4429 Germet
1497 4371 1527 4430 S.
1540 4371 1632 4437 ilion..
1649 4375 1802 4432 debilitati

234 4438 366 4509 usquead
380 4437 517 4495 lienrense
529 4439 689 4503 concilium,
706 4438 779 4510 quod
790 4439 918 4497 Octobris
933 4441 967 4497 te
982 4443 1026 4498 die
1122 4445 1176 4499 586
1202 4444 1269 4500 cod.
1285 4443 1357 4499 6265
1371 4443 1452 4515 lieg.,
1466 4442 1645 4500 Bnmoeacllis
1666 4450 1873 4506 nauum

233 4505 1026 4652 mimicitiislimtt‘bllntll'ltdlii
1042 4479 1499 4640 ‘'satiasti'liiffll'ffi‘
1519 4513 1582 4569 ⁰⁰⁶·
1597 4513 1667 4586 Μ·
1686 4516 1765 4572 ⁵⁹²⁵
1784 4518 1874 4574 ⁸*

233 4648 347 4704 resedit.
362 4647 490 4704 Adiuisse
504 4620 599 4704 bac’in
617 4649 686 4705 urbe
701 4650 858 4722 pontificem
878 4652 929 4708 sub
942 4651 1024 4708 finem
1111 4624 1186 4725 (tt't)
1217 4653 1263 4710 Sic
1288 4659 1406 4724 quatuor
1432 4651 1513 4708 codd.
1534 4661 1654 4708 castrum
1677 4655 1752 4710 iliad
1778 4675 1875 4713 m

233 4715 394 4775 Norembris
406 4718 486 4774 docet
501 4733 551 4774 nos
564 4719 693 4790 diploma,
718 4736 773 4790 quo
786 4718 986 4778 Paracletensis
996 4723 1024 4778 in
1075 4721 1308 4780 Hortis-Trebatii
1324 4721 1491 4785 Felibianus.
1515 4739 1579 4778 cum
1599 4722 1715 4783 Gallicis
1730 4726 1875 4785 &ilium-

233 4786 347 4843 dioecesi
375 4786 506 4843 Trecensi
541 4791 717 4859 parthenonis
751 4792 943 4861 possessiones
971 4793 1024 4848 sub
1074 4793 1107 4849 sii
1122 4792 1267 4851 chronicis
1277 4802 1397 4850 castrum
1409 4791 1684 4850 lloutislricardiia
1844 4791 1873 4870 ';

232 4857 385 4984 ffostolico
399 4858 569 4938 patrocinio,
598 4858 733 4915 Abaelardi
750 4869 864 4932 rogatu,
892 4863 1024 4933 suscepit.
1074 4863 1207 4921 lectiones
1223 4865 1328 4922 veroin
1352 4865 1541 4919 anniversario
1555 4862 1687 4921 Ludorici
1749 4869 1808 4924 'tus
1831 4871 1874 4926 tii·

235 4927 737 5071 „exitialiter”tillim
745 4929 1024 5058 1616111611)
1074 4933 1874 5067 ld⁰¹22},aestimassetisrltdlssmc

232 5083 307 5138 psrpoe
325 5085 394 5124 unna
415 5085 435 5123 n
469 5041 562 5133 liuius,
579 5069 652 5126 llist.
677 5071 752 5126 tinio.
775 5069 876 5138 Puris,
897 5079 917 5127 t.
942 5072 974 5139 ll,
995 5089 1021 5144 p.
1075 5045 1242 5132 haereremus
1264 5074 1391 5130 latemur.
1413 5073 1482 5130 Nam
1501 5091 1550 5146 per
1570 5045 1693 5134 llirntem
1711 5077 1872 5136 Tricardia

233 5137 306 5204 lat).
323 5139 427 5196 Antissi
465 5155 515 5194 uro
527 5141 688 5210 demigravit
702 5139 833 5203 lartuarin
848 5157 942 5199 mense
957 5145 1024 5199 antri
1075 5142 1104 5199 S.
1127 5145 1265 5202 brictione
1280 5159 1378 5201 versus
1391 5144 1514 5202 Parisios
1537 5155 1642 5202 rectum
1661 5165 1720 5205 non
1737 5159 1794 5214 est,
1818 5155 1872 5207 ina

233 5207 314 5269 1158,
332 5211 359 5264 in
377 5209 483 5265 ltaliam
498 5225 672 5275 reversurus,
687 5213 866 5284 pervenitque
881 5211 1022 5270 Februarii
1073 5215 1192 5272 maxime
1210 5215 1320 5270 devium
1334 5215 1402 5282 iter;
1416 5222 1549 5286 agrotum
1562 5231 1628 5273 vero
1643 5220 1803 5292 principe·
1828 5223 1870 5278 ria

232 5275 361 5358 Kalendis
383 5279 418 5334 od
439 5279 620 5337 cluniacense
638 5283 832 5360 monasterium
854 5289 885 5337 nt
909 5285 1024 5357 ipsemet
1072 5283 1191 5340 breviori
1205 5286 1240 5341 ad
1259 5300 1310 5342 sua
1330 5299 1471 5342 reversum
1485 5301 1549 5342 esse
1561 5287 1642 5344 ratde
1656 5293 1805 5359 probabile
1817 5303 1868 5348 est

232 5349 329 5426 srrrlnt
355 5349 389 5403 ad
412 5348 580 5406 Ludovicum
605 5367 696 5422 regem
723 5351 823 5408 litteris
849 5351 974 5409 cluniaci
996 5369 1024 5410 tv
1072 5353 1170 5410 Annon
1189 5356 1279 5425 potius
1293 5355 1379 5411 castri
1393 5356 1456 5411 nori
1479 5355 1723 5416 Meritis-Treberii
1748 5363 1870 5434 appab-

231 5412 324 5498 bonas
335 5415 553 5475 Februarildatis
563 5418 676 5492 (concil.
689 5429 709 5476 t.
721 5421 756 5484 ll,
772 5437 798 5493 p.
811 5421 885 5494 956).
900 5421 1023 5481 Necdum
1072 5425 1147 5481 tione
1156 5424 1285 5480 Castrum
1298 5424 1403 5482 licum
1417 5425 1452 5481 ad
1462 5425 1580 5500 Ligerim
1594 5430 1869 5502 intelligendum.

232 5485 297 5566 binc
311 5487 474 5545 discesserat
486 5489 520 5544 to
530 5490 654 5559 ejusdem
665 5493 780 5554 mensis,
793 5508 848 5563 quo
863 5493 907 5550 die
917 5494 1023 5551 litteras
1072 5509 1128 5564 quo
1142 5495 1268 5550 navicula
1278 5494 1385 5552 delatos
1397 5512 1457 5562 rex,
1471 5499 1535 5554 inde
1546 5498 1669 5557 Parisios
1679 5511 1760 5560 reate
1774 5519 1869 5575 pure·

232 5556 307 5611 delzt
326 5555 464 5629 Stephano
476 5557 699 5616 cisterciensium
714 5562 822 5626 abbati,
833 5564 934 5651 quibus
948 5572 1023 5620 vetat
1071 5565 1160 5620 ueriti
1175 5565 1229 5620 dut
1243 5566 1326 5622 etiam
1336 5574 1459 5622 castrum
1472 5570 1555 5640 vulgo
1568 5569 1711 5641 lriguiu
1724 5587 1869 5646 ιιιιιιαμ-

231 5627 1022 5768 11118111881611,1611660111111618“
1071 5635 1237 5773 illirici
1257 5636 1469 5765 ¹⁰''imdiilii
1487 5639 1868 5772 661ἯῖἏῶ

233 5765 334 5822 nodum
352 5765 606 5836 renirecompettm.
634 5769 732 5838 Datum
751 5768 871 5826 cluniaci
899 5789 924 5828 tv
956 5721 1019 5830 laria
1072 5775 1226 5830 duritiis?
1260 5791 1299 5831 arc
1313 5779 1503 5849 conjectando.
1569 5745 1576 5765 ⁸
1695 5753 1704 5769 ⁶
