3967 6334
220 269 256 326 dl
700 270 888 327 230ssdeAE
908 268 1214 326 cdutsoeoutrsot
1231 269 1388 328 eruscos!
1830 280 1868 333 lb

221 383 286 439 ltro.
303 383 436 456 Quisquis
445 399 510 456 ergo
529 392 602 441 arsut
617 383 712 450 Deum,
725 385 808 442 sires
822 384 876 442 beo
888 403 918 442 se
941 386 1017 442 desi·
1030 391 1054 448 A
1069 383 1144 439 dicat
1155 384 1256 440 :Extra
1271 386 1362 457 ipsum
1376 386 1447 442 nibil
1457 391 1561 442 tactum
1575 389 1714 446 subsistit.
1727 390 1867 461 Sapientis

221 475 299 532 derat
314 476 534 542 amari,obedist
548 476 697 548 Evangelio
711 484 842 548 tanquum
872 478 923 534 sibi
947 479 1017 533 scri·
1069 477 1143 532 enim
1168 478 1275 547 uttiuqit
1298 495 1315 531 u
1335 478 1388 548 tine
1408 477 1545 549 usquead
1565 481 1646 550 finem
1667 480 1865 555 sortiter(Sup.

220 575 278 640 pto.
291 566 417 623 llserctiei
428 583 498 624 nova
510 568 683 638 promittunt,
697 569 745 625 sed
755 567 905 639 'liseophilo
920 569 1018 624 verbo-
1068 567 1144 635 rur),
1158 566 1184 622 id
1197 577 1237 623 cst
1263 567 1404 622 aminima
1416 576 1543 624 creatura
1559 586 1646 641 usque
1659 571 1694 627 ad
1703 573 1865 630 maximam.

221 673 294 722 rum,
310 657 344 714 de
367 658 468 728 quibus
493 657 618 714 eruditus
636 664 690 723 est,
715 658 817 713 ueritas
836 656 1017 728 exprimenda
1067 657 1145 712 Unde
1160 657 1293 713 Dominus
1308 659 1543 729 perpropietam:
1560 658 1697 716 Coelumet
1708 672 1807 719 terrum
1818 681 1867 735 epe

222 751 401 821 promittitur.
1067 749 1162 820 impleo
1174 749 1242 821 (ier.
1255 749 1348 820 niu).
1362 748 1547 822 Hieronymus
1561 749 1794 810 deessentiabei:
1811 753 1866 823 Qui

478 839 758 898 cucurrerimus.
1067 843 1168 898 coelum
1188 848 1217 898 et
1232 851 1333 896 terram
1353 841 1463 912 implet,
1479 843 1576 912 procul
1598 843 1683 900 dubio
1709 844 1801 904 nullus
1821 855 1867 903 est
1972 860 1973 881 ι

249 933 290 987 'ln
306 932 437 1001 principio
456 941 521 986 erut.
539 933 663 998 Verbum,
684 941 709 986 et
734 932 847 987 Verbum
865 939 924 986 erat
947 931 1017 999 apud
1066 934 1145 989 locus
1161 933 1196 989 ab
1210 933 1271 1005 ejus
1284 935 1430 1004 praesentia
1445 934 1556 990 absens.
1571 933 1659 1009 Super
1669 951 1751 995 omne
1761 941 1867 1010 quippe

219 1022 316 1086 Deum,
331 1032 356 1076 et
381 1021 452 1078 Deua
466 1031 524 1077 sset
541 1022 665 1078 Verbum.
689 1021 747 1077 Hoc
768 1031 825 1076 erut
841 1023 868 1076 iu
887 1022 1017 1093 principio
1067 1033 1221 1082 creaturam
1233 1025 1371 1096 praesidet,
1384 1025 1504 1096 regendo
1514 1034 1596 1098 atque
1604 1027 1774 1099 imperando.
1791 1029 1867 1086 Sub-

177 1175 185 1185 ,
221 1114 291 1186 rprul
303 1115 395 1170 ileum.
1067 1123 1113 1171 tus
1123 1116 1215 1170 omnia
1237 1123 1290 1181 est,
1304 1115 1481 1171 subsistendo
1498 1123 1581 1186 atque
1603 1116 1738 1188 portando
1757 1120 1864 1186 omnia,

256 1205 388 1272 Verbum,
401 1207 427 1263 id
440 1214 482 1264 est
493 1209 627 1279 sapientia
646 1216 723 1275 nata,
741 1207 892 1279 disponens
913 1221 1015 1273 omnm,
1067 1222 1122 1263 non
1137 1207 1258 1278 pondere
1271 1206 1384 1274 laboris,
1410 1207 1459 1262 sed
1471 1206 1635 1279 infatigabili
1651 1213 1768 1279 uirtute3
1792 1225 1866 1282 quo-

212 1307 280 1355 erat
295 1301 323 1354 in
335 1301 482 1372 principio,
495 1316 587 1356 rerum
608 1301 714 1357 scilicet
724 1299 917 1364 creandarum,
940 1305 1018 1355 ante-
1066 1300 1141 1356 niam
1152 1300 1227 1354 nrrlla
1242 1306 1369 1356 creatura
1392 1315 1441 1370 per
1452 1315 1483 1355 se
1497 1299 1650 1357 subsistere
1663 1302 1746 1368 salet,
1758 1303 1812 1358 nisi
1827 1303 1866 1360 ab

220 1407 303 1462 quam
331 1392 435 1462 aliquid
458 1391 544 1449 lieret.
569 1391 599 1448 ln
625 1393 678 1448 boc
698 1391 825 1449 uidelicet
851 1391 1018 1448 aeternaliter
1067 1389 1128 1461 ipso
1141 1395 1311 1446 sustentetur
1321 1389 1368 1461 qni
1381 1390 1456 1445 illum
1471 1390 1585 1445 crearit.
1602 1389 1687 1446 Extra
1697 1399 1789 1447 omnia
1805 1401 1864 1460 est,

220 1491 280 1540 erat
291 1479 422 1549 Verbum,
437 1494 467 1539 ut
481 1492 556 1542 esset
568 1485 748 1556 principium,
777 1483 804 1540 id
826 1493 869 1540 est
892 1485 971 1554 origo
990 1490 1018 1538 et
1067 1481 1115 1537 sed
1126 1496 1182 1536 non
1194 1480 1334 1536 exclusus.
1349 1500 1358 1532 s
1372 1479 1778 1537 Graecuslibernonuabetsiue
1792 1483 1864 1553 ipso,

220 1589 305 1630 carisa
318 1574 493 1643 futurorum3
508 1575 582 1646 quod
591 1576 703 1647 quidem
719 1576 808 1646 ipsum
823 1577 856 1631 de
870 1574 1018 1644 semetipso
1074 1573 1134 1638 sed,
1149 1582 1226 1628 estre
1246 1573 1343 1641 ipsum.
1358 1570 1491 1628 Similiter
1501 1571 1553 1627 ibi:
1570 1570 1656 1626 Extra
1671 1589 1712 1627 sne
1726 1573 1793 1628 nibil
1813 1590 1866 1644 po-

220 1666 267 1720 ait:
281 1665 333 1737 Epo
341 1667 507 1736 principium,
519 1669 564 1738 qui
571 1677 596 1722 ει
608 1672 698 1738 loquor
707 1667 777 1722 uobis
792 1665 882 1738 (Joou.
894 1665 969 1738 utri).
978 1665 1019 1720 bc
1069 1667 1143 1721 testis
1153 1665 1240 1737 lucere
1252 1664 1344 1737 (loon.
1361 1667 1418 1737 xv).
1434 1662 1470 1717 Ut
1478 1672 1569 1718 autem
1580 1663 1717 1735 intelligas
1730 1673 1823 1720 ortum
1834 1674 1867 1721 et

221 1759 348 1820 sidicat:
365 1757 422 1829 Ego
439 1774 502 1814 sum
523 1759 569 1814 illa
584 1775 702 1831 superna
716 1758 859 1829 sapientia,
885 1759 914 1813 in
937 1758 1017 1828 cujus
1031 1753 1054 1808 B
1067 1757 1249 1813 mutationem
1272 1761 1462 1812 creaturarum
1488 1753 1547 1810 deri
1562 1755 1666 1824 absque
1681 1754 1757 1809 omni
1770 1763 1866 1810 muta-

219 1847 403 1920 dispositione
423 1850 515 1904 omnia
525 1851 602 1920 prius
624 1850 781 1905 conduntur
807 1855 907 1915 mente,
932 1863 1015 1920 quam
1066 1848 1140 1904 tione
1153 1847 1254 1904 mentis
1267 1846 1377 1910 diuinus,
1397 1861 1458 1917 quae
1483 1844 1662 1902 immutabilis
1683 1853 1712 1902 et
1732 1847 1864 1919 primeva

214 1927 407 2008 eonr'pleantur
417 1952 508 2008 opere.
526 1936 604 1994 Unde
618 1947 646 1994 ει
667 1939 872 2008 scriptumest:
904 1937 957 2004 Qus·
976 1938 991 2007 s
1002 1967 1016 1978 -
1033 1957 1036 1963 ·
1065 1956 1158 1998 rerum
1171 1939 1242 1996 ratio
1258 1947 1310 2004 eet,
1320 1937 1469 2010 supponit:

214 2028 254 2080 eit
265 2043 323 2097 quoe
334 2026 425 2096 futuro
440 2036 511 2082 suist.
531 2027 656 2082 Etulibi:
675 2027 771 2082 Ouinio
782 2027 809 2080 iu
833 2026 964 2095 supientia
976 2026 1016 2096 [e-
1101 2028 1179 2097 Quod
1194 2030 1296 2089 [netum
1306 2041 1357 2094 est,
1367 2043 1396 2081 m
1410 2029 1468 2097 ipso
1479 2028 1535 2081 uita
1551 2034 1617 2082 erut.

219 2118 280 2172 cisti
294 2116 381 2188 (erat.
394 2117 487 2187 cxxx).
504 2116 562 2172 lloc
577 2125 669 2172 atatem
681 2117 799 2173 Verbum
820 2133 904 2188 aquo
919 2124 1014 2172 nutum
1102 2119 1253 2175 Sciendum
1279 2119 1344 2190 quin
1367 2117 1518 2189 improprie
1542 2124 1570 2172 et
1591 2116 1705 2188 dqssrate
1731 2118 1866 2176 dicuntur

218 2208 265 2272 sit,
282 2207 359 2263 idest
372 2209 599 2279 cujnssupientia
614 2209 660 2274 sit,
678 2209 843 2266 determinat
871 2209 1015 2280 Evangeli·
1064 2210 1179 2268 effectus
1198 2210 1295 2278 luisse,
1319 2209 1366 2265 ubi
1385 2224 1482 2265 eorum
1511 2223 1602 2264 causae
1620 2209 1769 2280 originales
1791 2225 1866 2283 pras·

214 2307 274 2364 sta,
289 2302 400 2356 dicens:
420 2299 452 2354 lit
469 2300 582 2354 Verbum
596 2310 654 2355 erut
675 2300 744 2370 opud
766 2301 862 2367 Deum,
883 2307 1016 2372 tanquam
1066 2308 1219 2358 cesserunt.
1242 2299 1288 2355 Sic
1313 2300 1387 2356 enim
1406 2301 1462 2354 dici
1488 2301 1567 2355 solet·
1593 2298 1695 2358 Omnes
1711 2301 1814 2359 luimus
1830 2303 1863 2360 iu

221 2392 354 2463 sapientia
370 2392 398 2446 in
418 2391 478 2462 ipso
489 2392 568 2461 cujus
581 2399 633 2446 est.
651 2391 871 2462 dtnesapicntiu
891 2392 944 2447 ista
966 2391 1015 2447 bei
1067 2393 1168 2450 lumbis
1181 2392 1256 2456 Adae,
1274 2392 1303 2447 id
1318 2398 1377 2458 est,
1389 2407 1405 2446 a
1418 2406 1503 2447 causa
1518 2391 1555 2445 ibi
1574 2393 1745 2463 precedente
1760 2408 1864 2467 propa·

216 2483 306 2546 aliud,
321 2497 404 2553 quam
424 2481 497 2538 Deus
506 2489 660 2553 putaretur,
677 2481 749 2538 sicut
760 2483 880 2539 bominis
898 2483 941 2540 rel
965 2499 1016 2538 an·
1066 2485 1120 2556 pati
1137 2499 1245 2540 sumus.
1261 2481 1301 2537 lta
1314 2483 1397 2539 etiam
1418 2482 1521 2538 dicitur
1535 2498 1599 2538 arcu
1618 2484 1705 2541 luisse
1721 2486 1749 2541 in
1769 2495 1863 2545 mente

221 2575 274 2644 qcli
286 2575 422 2646 supientia
435 2573 510 2628 alind
523 2583 564 2630 est
575 2589 656 2646 quam
669 2575 750 2630 bomo
763 2575 822 2646 ipse
831 2575 874 2631 vel
889 2576 1014 2646 angelus,
1065 2573 1189 2638 artilicis,
1202 2573 1339 2645 quincius
1353 2573 1501 2643 dispositio
1524 2579 1552 2628 et
1562 2573 1631 2628 ordo
1645 2574 1683 2630 ibi
1706 2577 1860 2646 praecessit.

219 2668 265 2721 cui
283 2682 333 2739 per
356 2665 484 2722 accidens
511 2666 594 2731 inest,
621 2666 715 2724 addit:
742 2666 778 2722 Ει
790 2667 879 2728 insum
901 2667 1014 2723 Verbum
1067 2664 1321 2737 Similiterquoque
1338 2664 1458 2721 dicitur:
1471 2663 1551 2732 Quod
1571 2665 1675 2721 sactum
1691 2676 1744 2734 est,
1758 2669 1863 2726 eratin

219 2765 277 2810 erut
291 2749 373 2812 Deus.
386 2754 450 2811 Tria
466 2755 627 2826 disjunctim
639 2757 756 2822 dixerat,
778 2757 823 2812 illa
844 2757 1015 2828 conjunctim
1065 2757 1126 2830 ipso
1140 2758 1207 2823 rita,
1222 2758 1275 2814 hoc
1288 2765 1340 2823 est,
1357 2758 1444 2813 avita
1458 2757 1487 2812 in
1501 2755 1592 2813 Verbo
1602 2758 1706 2825 habita,
1720 2762 1862 2818 contraxit

218 2847 393 2918 recapitulat,
417 2853 447 2903 ut
465 2846 499 2901 ad
516 2849 659 2918 sequentia
673 2855 807 2904 transeat.
832 2847 889 2904 lloc
909 2849 1015 2906 scilicet
1065 2849 1139 2922 quod
1153 2848 1256 2906 lactum
1270 2859 1323 2916 est,
1334 2857 1362 2906 et
1373 2848 1444 2918 lieri¹
1459 2855 1486 2905 et
1496 2849 1657 2906 subsistere.
1677 2849 1770 2906 Vitam
1793 2867 1863 2908 sero

221 2937 570 3006 Verbum,eristensbeus,
582 2949 641 2995 erst
651 2940 680 2995 in
691 2941 827 3010 principio
837 2940 907 3011 apud
917 2938 1012 2998 Deum.
1066 2939 1095 2994 in
1105 2937 1195 2996 Verbo
1210 2939 1336 2995 nominat
1352 2955 1444 2996 rerum
1455 2939 1579 2996 rationes
1594 2946 1622 2996 et
1633 2955 1744 3006 causas,
1760 2941 1862 2999 immu-

220 3031 343 3098 Quurum
361 3039 452 3087 autem
464 3047 556 3087 rerum
572 3032 662 3103 ipsum
683 3029 803 3090 Verbum
823 3039 897 3088 esset
910 3033 1015 3103 princi·
1065 3033 1163 3089 tabiles
1174 3039 1257 3090 atoue
1266 3041 1394 3089 aeternus.
1406 3030 1485 3088 Unde
1498 3030 1668 3104 Augustinus
1679 3032 1761 3090 Libro
1770 3051 1863 3108 quaes·

218 3123 307 3194 pium,
321 3122 452 3188 ostendit,
479 3122 585 3178 scilicet
600 3123 722 3178 omniurn
744 3130 906 3180 naturarum
920 3093 1049 3180 uosteaC
1066 3125 1172 3180 tionum
1182 3124 1321 3196 octoginta
1337 3124 1440 3178 trium:
1459 3142 1469 3176 r
1495 3123 1593 3181 Omnia
1617 3125 1725 3181 ratione
1749 3127 1863 3182 condita

219 3211 367 3270 luctarum.
384 3212 416 3268 ltu
427 3213 479 3270 boc
493 3221 552 3270 cst:
1065 3224 1141 3282 sunt,
1157 3225 1184 3273 et
1194 3231 1250 3271 non
1273 3215 1370 3272 eadem
1385 3215 1493 3271 ratione
1515 3214 1598 3272 homo
1612 3231 1667 3287 qua
1681 3232 1778 3288 equus.
1801 3216 1861 3276 lloc

257 3304 355 3362 Osnsriu
365 3305 664 3378 peripsumtuctouuut
1065 3309 1139 3364 enim
1150 3305 1301 3364 absurdum
1315 3314 1358 3363 εει
1380 3306 1550 3363 existimare.
1566 3305 1680 3378 Singula
1699 3307 1782 3379 igitur
1793 3325 1860 3380 pro·

254 3395 349 3452 Omnis
361 3403 523 3453 creaturaet
540 3412 672 3467 corporea
691 3407 719 3454 et
739 3398 912 3469 incorporea,
933 3414 1015 3458 omne
1064 3399 1135 3472 priis
1144 3405 1209 3455 sunt
1219 3405 1312 3454 creata
1322 3397 1485 3454 rationibus.
1507 3397 1563 3454 llas
1577 3406 1668 3454 autem
1679 3400 1801 3456 rationes
1814 3415 1860 3456 ar·

212 3488 292 3560 qrrod
302 3489 469 3544 naturaliter
478 3490 549 3545 inest
566 3490 742 3557 substantiis,
762 3491 848 3546 ueluti
862 3491 1013 3562 quantitas,
1067 3491 1229 3549 bitrandum
1245 3496 1287 3546 est
1305 3505 1368 3546 esse
1391 3489 1420 3544 in
1444 3491 1504 3561 ipsu
1522 3496 1614 3546 mente
1625 3487 1773 3547 Creatoris.
1799 3490 1861 3546 lton

219 3579 350 3651 qualitas,
378 3588 480 3645 urotus,
495 3588 561 3645 etc..
573 3597 621 3652 per
641 3579 691 3637 bei
715 3579 836 3638 Verbum
872 3590 1015 3653 coeperunt
1069 3582 1142 3638 enim
1155 3588 1233 3637 extra
1247 3595 1277 3635 se
1291 3577 1441 3650 quidquam
1457 3578 1577 3650 positum
1587 3578 1755 3643 intuebatur,
1770 3587 1799 3634 ut
1813 3596 1862 3636 se-

212 3685 290 3726 ›esse
311 3667 412 3725 bialum
429 3685 495 3726 uero
510 3678 617 3727 nonest
629 3669 732 3726 iactum
755 3687 803 3742 per
820 3686 921 3741 ipsum,
949 3672 1014 3743 quia
1065 3671 1187 3729 cundum
1201 3672 1230 3727 id
1248 3670 1430 3726 constitueret
1444 3669 1518 3741 quod
1527 3669 1724 3728 constituebat.
1744 3669 1821 3737 Quod
1835 3673 1862 3727 εἰ

219 3764 295 3820 nulla
305 3765 397 3835 specie
411 3765 578 3834 continetur,
606 3764 682 3820 nullu
692 3771 790 3820 natura
811 3779 861 3820 sua
876 3763 1012 3830 subsistit,
1065 3765 1107 3821 bae
1121 3779 1215 3820 rerum
1230 3763 1355 3819 omnium
1365 3761 1548 3818 creandarum
1558 3762 1643 3818 uariae
1656 3763 1779 3818 rationes
1788 3761 1862 3820 diri·

220 3853 270 3908 sed
282 3853 369 3910 solum
390 3852 583 3923 priuatioboni
602 3858 657 3912 est.
681 3850 760 3909 Sicut
782 3853 856 3908 enim
879 3853 1014 3910 naturalis
1064 3871 1100 3910 na
1114 3856 1401 3921 mentecontinentur,
1416 3869 1506 3925 neque
1526 3852 1555 3907 in
1567 3850 1660 3909 diuina
1670 3860 1762 3910 mente
1775 3854 1861 3924 quid·

219 3944 333 4000 luminis
352 3943 477 4000 absentia
492 3944 602 3999 cecitas
619 3942 720 3999 dicitnr
738 3945 822 4010 ocull,
847 3951 874 4001 et
889 3943 961 4000 sicut
974 3953 1015 4000 te-
1064 3963 1146 4020 quam
1174 3962 1231 4003 non
1257 3956 1391 4003 ueternum
1415 3952 1497 4017 atque
1523 3944 1747 4002 incommutabile
1768 3956 1861 4017 potest

219 4033 312 4088 nebrae
332 4032 403 4088 lucis
424 4033 549 4089 absentia
572 4039 646 4098 sunt,
665 4041 692 4088 et
718 4033 821 4100 inedia,
838 4033 1015 4091 comestionis
1064 4056 1142 4107 esse,
1156 4039 1198 4096 bae
1209 4040 1331 4096 rationes
1344 4053 1436 4095 rerum
1457 4037 1635 4108 principales,
1648 4044 1757 4093 aetemae
1776 4044 1862 4109 atque

222 4124 358 4189 exclusio,
371 4125 410 4178 ita
425 4124 528 4178 malum
543 4124 662 4180 dicimus
674 4125 827 4181 absentiam
850 4125 925 4192 boni,
940 4125 1015 4197 quod
1065 4129 1306 4185 incommutabiles
1330 4135 1453 4195 manent,
1483 4133 1617 4197 quantum
1649 4127 1863 4198 participatione

221 4217 243 4273 si
255 4216 375 4280 adesset,
394 4223 529 4272 creaturae
542 4215 669 4271 rationali
693 4215 855 4273 naturaliter
877 4227 1015 4288 conspete·
1065 4217 1105 4286 sit,
1129 4226 1161 4275 ut
1172 4220 1208 4276 sit
1220 4217 1356 4290 quidquid
1365 4224 1417 4283 est,
1434 4231 1546 4288 quoquo
1563 4215 1708 4272 modoest.
1725 4215 1781 4273 llas
1796 4221 1862 4289 qui·

212 4315 271 4364 iret.
290 4306 397 4363 Etenim
411 4321 475 4361 cum
489 4305 617 4362 uoluntas
632 4306 661 4360 in
674 4312 765 4362 mente
776 4307 909 4373 nuscitur,
922 4315 1014 4364 motus
1064 4312 1126 4367 dem
1142 4313 1264 4368 rationes
1279 4312 1337 4366 sire
1350 4310 1438 4375 ideas,
1453 4309 1512 4365 sire
1530 4307 1644 4370 formas,
1661 4309 1720 4365 sive
1740 4311 1861 4380 species,

217 4399 330 4471 quidem
354 4398 488 4454 naturalis
502 4405 563 4465 est3
588 4407 615 4454 et
634 4398 658 4455 si
680 4399 899 4470 gratiaprmsens
917 4399 1010 4466 luerit,
1027 4438 1050 4493 D
1065 4405 1122 4459 sire
1150 4406 1277 4468 rationes,
1299 4403 1364 4457 licet
1390 4415 1500 4466 uocare,
1529 4407 1557 4455 et
1581 4400 1675 4456 multis
1697 4402 1861 4458 conceditur

219 4507 281 4563 quae
302 4491 389 4546 libero
403 4489 520 4546 arbitrio
539 4497 713 4560 cooperetur,
737 4491 886 4547 voluntatis
907 4499 1011 4547 motum
1065 4495 1219 4566 appellare,
1252 4494 1301 4551 sed
1323 4492 1499 4565 paucissimis
1531 4491 1625 4547 ridere
1656 4490 1730 4564 quod
1763 4509 1861 4550 rerum

219 4582 364 4653 dirigendo
378 4589 406 4638 ct
416 4581 571 4637 ordinando
583 4581 610 4636 in
623 4582 668 4638 bis
681 4583 863 4653 qutejustitiae
877 4591 953 4650 sunt,
968 4599 1014 4640 ro
1064 4596 1116 4644 est.

219 4675 311 4730 lnntss
326 4675 395 4730 bona
406 4681 460 4739 est,
472 4681 499 4731 ct
510 4675 732 4731 remuneratione
746 4674 829 4747 digna
843 4685 896 4734 εει.
908 4675 936 4731 Si
948 4691 1014 4733 uero
1102 4677 1196 4733 Etuitn
1210 4684 1269 4732 erut
1282 4676 1330 4730 lun
1339 4676 1485 4731 lusoriuum.

211 4775 312 4822 ,motus
328 4765 479 4821 uoluntatis
494 4773 603 4837 appetat
617 4765 734 4823 retinere
744 4767 788 4822 rel
798 4768 929 4838 consequi
939 4769 1014 4840 quod
1100 4769 1128 4826 ld
1139 4778 1192 4834 cst,
1207 4770 1281 4824 tunde
1301 4768 1449 4824 rationales
1461 4776 1605 4831 creatura,
1618 4763 1858 4830 utbeataeliereut,

217 4859 327 4928 iustitia
341 4865 425 4923 uetat,
442 4859 668 4929 utiqueabsentia
683 4861 787 4930 gratiae,
808 4862 887 4930 cuius
898 4871 941 4917 εει
951 4877 1014 4917 mo·
1065 4860 1345 4918 illuminandoeerant.
1363 4858 1393 4915 ln
1407 4858 1500 4914 lutura
1511 4859 1611 4914 etenim
1626 4856 1694 4920 uita,
1718 4871 1781 4927 quae
1793 4871 1860 4914 vere

213 4958 279 5006 -tum
292 4951 444 5007 uoluntatis
464 4949 581 5022 dirigere
595 4958 623 5008 ct
634 4951 773 5018 ordinare,
788 4952 956 5008 inordinatio
965 4969 1014 5008 vo-
1065 4956 1121 5011 uitu
1135 4954 1251 5010 dicenda
1264 4963 1317 5017 est,
1333 4951 1454 5023 cognitio
1468 4949 1610 5021 saptentiae
1623 4947 1672 5004 Dei
1679 4955 1706 5004 et
1717 4948 1859 5004 rationum

219 5041 335 5099 luntatis
348 5050 401 5108 est,
413 5042 514 5097 molum
529 5055 581 5108 cst,
594 5053 737 5115 peccatum
760 5053 813 5109 est,
834 5045 903 5100 nilril
918 5053 1013 5101 tamen
1064 5049 1134 5118 ejus,
1145 5063 1196 5117 per
1205 5062 1275 5117 quas
1289 5046 1392 5117 optimc
1406 5049 1506 5099 cuncta
1519 5051 1584 5098 sunt
1597 5041 1708 5097 condita
1722 5050 1750 5096 et
1762 5041 1860 5112 dispo-

211 5134 255 5190 de
272 5135 490 5192 subsistentibus
504 5141 556 5192 cst.
570 5134 668 5193 beluam
678 5137 778 5208 quippe
787 5138 875 5209 gratia
891 5137 930 5191 ait
940 5135 1015 5192 Psul-
1065 5140 1129 5206 sita,
1145 5146 1223 5194 tanto
1237 5138 1387 5194 beatiorem
1399 5151 1536 5207 quemque
1549 5134 1656 5197 elliciet,
1678 5146 1783 5203 quanto
1801 5149 1860 5189 am-

185 5243 203 5286 t.
223 5229 319 5282 mista:
350 5225 536 5284 Misericordia
561 5229 618 5300 ejru
637 5231 776 5299 prusenus
796 5240 821 5284 et
840 5228 1015 5300 subsequetur
1065 5231 1138 5303 plius
1149 5231 1282 5301 cuiquect
1295 5230 1455 5292 innotuerit,
1469 5235 1496 5283 et
1509 5225 1720 5298 participatione
1734 5225 1777 5281 sui
1798 5241 1859 5280 ma·

215 5335 262 5374 me
278 5317 366 5390 (Paul.
376 5319 467 5392 ursis).
481 5320 514 5375 Et
529 5337 562 5378 ne
577 5323 640 5392 quis
652 5321 722 5378 sorte
741 5321 950 5392 putaretaliqua
964 5337 1013 5376 seu
1064 5322 1107 5392 gis
1118 5319 1314 5375 illuminaverit
1334 5335 1407 5375 eum.
1422 5318 1491 5372 liam
1510 5332 1610 5388 sapore
1632 5314 1751 5386 quodam
1774 5315 1860 5386 spiri·

215 5410 324 5475 omnia,
336 5426 396 5480 quas
405 5427 452 5480 per
466 5411 512 5468 bei
524 5409 648 5470 Verbum
664 5421 818 5483 ceperunt,
835 5421 911 5468 extra
923 5413 1014 5483 ipsum
1066 5414 1148 5468 tualis
1162 5421 1259 5484 gustus
1270 5410 1297 5466 id
1312 5419 1377 5466 tunc
1390 5409 1556 5482 experiendo
1567 5415 1750 5478 cognoscetur
1759 5407 1787 5462 in
1798 5408 1858 5478 ipsa

212 5513 293 5562 esse,
304 5500 382 5570 (quasi
399 5503 603 5574 persemetipsa
617 5504 812 5568 subsisterent,
824 5501 941 5573 adjecit:
1065 5505 1104 5560 oei
1121 5505 1221 5575 specie.
1247 5504 1320 5574 quod
1348 5519 1423 5558 niune
1437 5509 1545 5558 tenetur
1557 5500 1585 5555 in
1603 5499 1666 5555 lide.
1686 5497 1725 5555 lle
1741 5515 1796 5570 qua
1809 5513 1858 5554 co·

257 5589 293 5646 Et
303 5593 359 5647 siue
369 5593 425 5662 ipso
440 5594 586 5652 factumest
601 5595 677 5650 nibil.
1065 5595 1187 5666 gnitrone
1201 5596 1260 5661 ipsa
1273 5595 1376 5652 ueritas
1391 5595 1425 5650 ad
1436 5594 1562 5649 Patrem:
1580 5591 1645 5647 llus
1656 5601 1695 5646 est
1705 5599 1794 5646 sutem
1805 5591 1858 5644 uiso

251 5681 322 5740 Tale
338 5685 551 5760 estiqitumiue
578 5689 634 5758 ipso
659 5687 757 5759 furtum
778 5695 816 5742 est
840 5685 915 5753 uelit,
944 5685 1014 5741 acsi
1066 5698 1218 5755 uteremur
1234 5697 1391 5760 ecquoscout
1410 5697 1433 5742 te
1454 5701 1541 5742 cerrum
1557 5684 1653 5751 Druna,
1669 5695 1785 5754 ecquem
1806 5683 1858 5738 su·
