3967 6334
122 473 188 531 ilbi
862 472 1012 531 sattim.
1678 478 1747 535 iil!

121 604 198 645 tomo
212 590 336 647 secundo
347 591 413 647 hist.
431 589 621 647 universitatis
629 587 795 644 Parisiensis
809 588 909 658 pagina
923 594 946 648 Λ
958 588 1088 657 poposcit.
1104 585 1153 641 b'bi
1165 596 1223 658 port
1237 585 1315 643 uerba
1336 584 1528 658 edificationis,
1551 601 1609 639 cnm
1623 587 1746 659 lacrymis

120 681 175 738 262
201 690 229 739 el
252 682 326 754 apud
351 681 540 740 tiabitloninm
556 682 585 738 in
608 680 760 737 fusioribus
783 679 857 758 notis
880 678 909 734 in
959 690 985 735 et
997 680 1094 751 gemitu
1108 679 1344 750 omniumpedibus
1359 680 1522 751 provolutus,
1536 682 1747 751 eorumseiudi·

119 774 203 845 epist.
231 774 261 832 S.
279 775 412 831 Bernardi
441 790 564 839 ustrou,
587 775 640 830 col.
661 772 708 836 28,
728 779 756 829 et
778 773 806 827 in
825 771 907 842 epist.
958 771 1002 825 cio'
1013 770 1147 827 lumiliter
1159 772 1301 843 esposuit:
1321 770 1530 843 lacrymabiliter
1550 772 1698 842 postulans,
1720 783 1748 827 nt

119 880 230 930 arant,
247 866 301 922 col.
318 866 361 930 il.
384 866 487 937 iegitur
506 866 575 921 titt
590 880 640 937 pro
657 865 733 920 tario
747 864 853 921 scilicet
866 863 909 918 in·
958 862 1029 934 quod
1043 864 1125 920 ineos
1149 863 1305 936 deliquerat,
1324 864 1364 919 uel
1382 864 1555 936 neplipeotius
1585 876 1684 937 eperat,
1706 883 1746 921 rr·

119 956 241 1013 elinandi
256 972 357 1012 annum
370 959 486 1015 ratione.
502 958 578 1015 illins
592 956 737 1028 exsequias
751 954 909 1011 Ludoricus
959 965 1049 1025 spectu
1070 956 1177 1025 pietatis
1203 956 1227 1011 ei
1252 955 1412 1011 relaxarent.
1445 955 1521 1023 Quod
1539 956 1636 1028 iratres
1658 974 1747 1012 omnes

119 1063 186 1113 rex,
199 1048 309 1104 tantetsi
323 1057 390 1105 tnnc
399 1051 479 1122 longe
492 1056 625 1116 remotus,
639 1065 689 1105 suo
704 1048 848 1123 praesentia
861 1062 909 1103 co·
959 1049 1078 1103 maximo
1092 1065 1152 1103 curn
1170 1048 1314 1115 deuotione,
1328 1058 1354 1103 et
1369 1049 1474 1118 copioso
1488 1049 1667 1120 locrpnrarum
1678 1050 1746 1121 epo-

121 1138 318 1198 honestatnros
331 1144 541 1213 aooessit,qnas
561 1150 588 1198 et
604 1141 682 1197 inniti
696 1141 828 1211 presules
841 1153 908 1211 pro-
959 1141 1032 1195 sione
1055 1140 1253 1211 protantissinte
1275 1139 1403 1210 feceruut.
1429 1140 1549 1195 Transiit
1570 1150 1657 1195 autent
1677 1140 1747 1196 torst

119 1234 208 1288 secuti
224 1240 299 1289 sont.
311 1231 487 1304 Visiturejus
497 1234 620 1290 tumulus
641 1233 669 1289 in
686 1233 909 1289 eoelesiaetrons·
959 1232 1114 1287 uenerabilis
1125 1244 1200 1302 poter
1214 1232 1282 1287 inter
1292 1232 1508 1287 uerbaorationis
1526 1242 1550 1287 et
1565 1231 1687 1303 spntboli,
1704 1232 1748 1287 die

119 1338 201 1379 uersa
211 1340 295 1380 eruce
305 1326 377 1381 intra
393 1342 502 1382 morum
517 1326 552 1381 ud
571 1325 713 1381 meridiem
727 1326 807 1396 juxta
819 1324 909 1394 majo·
959 1325 1026 1380 ldos
1044 1327 1140 1381 mensis
1154 1324 1291 1391 lornarii,
1305 1344 1375 1381 anuo
1389 1343 1448 1381 uero
1468 1325 1574 1381 Domini
1587 1326 1666 1390 tt5t‚
1694 1342 1747 1382 ιιι

117 1427 179 1469 ῐθῐῐί
198 1423 315 1486 portam,
339 1432 394 1487 qut
408 1416 586 1472 destendilur
605 1404 637 1470 'itt
662 1415 824 1479 claustrum,
844 1422 909 1469 ante
958 1417 1747 1491 aetolissnoeanno.asusceptioneouteotrnonastict'babitus

115 1520 200 1576 qoem
209 1507 316 1576 positos
325 1514 369 1561 est
384 1507 691 1579 lapissepoicraliscum
708 1506 784 1563 hisce
795 1506 905 1562 verbis:
958 1512 1012 1582 pere
1022 1528 1066 1577 nx,
1080 1512 1244 1582 proetattonis
1258 1528 1318 1567 nero
1332 1528 1387 1567 sure
1402 1526 1478 1567 xxix.
1495 1510 1578 1581 Cujus
1604 1511 1747 1582 sepulturis

118 1596 175 1651 llic
184 1597 259 1667 jacet
271 1597 398 1669 Superius
413 1598 710 1656 attasttucrtoettcet
723 1598 908 1655 iiatthaeusde
957 1614 983 1659 et
1005 1605 1135 1676 exsequiis
1155 1604 1331 1674 interfuerunt
1360 1618 1406 1657 ses
1427 1603 1550 1673 episcopi,
1573 1620 1632 1657 curu
1656 1604 1746 1659 multis

116 1686 260 1746 Venddme
272 1692 359 1748 abbas
374 1691 482 1763 Sugerii
496 1708 598 1765 corpus
609 1699 638 1750 et
651 1693 769 1748 aliorum
785 1692 907 1763 quinque
957 1694 1110 1761 abbatibus,
1132 1694 1351 1750 christianissimo
1377 1710 1435 1766 rege
1455 1691 1481 1748 F
1481 1695 1581 1748 rancia
1604 1692 1746 1761 buclanico,

114 1782 295 1841 decessorum
310 1785 455 1841 transferri
476 1787 584 1841 curarit
604 1800 650 1841 an.
675 1783 907 1856 incoeptionis
956 1786 1003 1841 ubi
1016 1796 1041 1841 et
1053 1787 1161 1857 pietatis
1175 1796 1307 1841 memoret
1318 1787 1456 1841 immensos
1469 1785 1550 1856 regite
1567 1784 1743 1845 celsitudinis,

117 1876 179 1933 loco
203 1875 407 1932 Sammartbani
433 1886 592 1949 excerptum
611 1877 713 1933 veteris
733 1877 838 1932 codicis
850 1892 903 1933 ms.
956 1877 1021 1933 dum
1042 1877 1196 1947 sepeliretur
1218 1875 1385 1931 amarissime
1407 1874 1498 1944 fierit:
1517 1874 1637 1946 fieritque
1662 1876 1745 1929 omnir

116 1966 212 2023 Sancti
235 1966 357 2040 Dionysii
381 1976 567 2035 attenderunt,
585 1970 728 2033 nolentes.
760 1970 904 2041 inquiunt,
920 1936 1143 2041 ”reginbarius
1154 1970 1199 2024 seb
1212 1978 1237 2025 et
1249 1968 1372 2039 populus,
1394 1968 1439 2039 qui
1458 1984 1518 2022 eum
1532 1975 1658 2038 tanguam
1681 1982 1746 2036 pru·

118 2058 266 2124 omittere,
293 2060 357 2131 quin
382 2058 490 2132 Sngerii
517 2060 677 2117 memoriam
702 2059 905 2131 quodammodo
955 2062 1139 2118 «lentissimum
1152 2060 1347 2124 consiliarium,
1363 2057 1576 2129 totiusqueregui
1589 2056 1746 2127 gubernato-

117 2150 259 2205 iilostrare
280 2150 399 2207 ridetur.
420 2151 499 2207 Absit
513 2152 596 2207 etiam
617 2159 649 2206 ot
669 2152 842 2217 omittamus,
857 2154 905 2223 qui
956 2176 1012 2213 rem
1027 2166 1052 2214 et
1061 2157 1304 2213 administratorem
1327 2154 1486 2225 planxerunt
1510 2153 1743 2223 sapientissimum.

112 2242 208 2312 potius
229 2240 366 2313 adaugere
389 2252 541 2300 memorato
566 2244 658 2315 digna,
676 2260 759 2317 quam
781 2246 907 2301 minnere
955 2248 1015 2304 Dno
1028 2246 1152 2320 ejusdem
1164 2244 1270 2319 Sugcrii
1291 2243 1449 2301 referuntur
1464 2260 1479 2299 a
1494 2242 1634 2300 Felibiano
1654 2242 1743 2313 epitu-

113 2332 283 2401 prolttemor.
295 2330 388 2403 lpsnna
407 2341 451 2391 est
469 2333 629 2403 huiusmodi
646 2355 653 2393 :
689 2335 742 2390 llic
756 2345 796 2391 est
817 2353 904 2391 annus
955 2338 1019 2410 phin
1034 2338 1101 2409 (39),
1113 2352 1231 2409 quornm
1242 2336 1271 2391 in
1287 2336 1375 2391 altero
1390 2334 1493 2391 obiisse
1516 2333 1618 2389 dicitur
1632 2334 1688 2388 lure
1700 2350 1743 2387 se-

112 2426 225 2481 otrtnss
247 2426 307 2481 titre
335 2425 421 2496 [elicis
445 2427 637 2484 recordationis
658 2428 773 2500 isuperii
800 2430 905 2487 obbatis
953 2430 1038 2500 ptimo
1061 2429 1245 2501 Theophanios,
1261 2428 1313 2485 hoo
1322 2434 1366 2485 est
1387 2426 1422 2483 tn
1443 2426 1569 2485 ianuarii
1582 2446 1589 2493 ;
1602 2428 1631 2483 in
1644 2428 1743 2491 altero.

111 2519 269 2593 monester’p’
278 2519 373 2589 regalis
385 2518 415 2575 S.
431 2519 554 2592 Dionysii
573 2522 602 2577 in
626 2518 757 2589 Francia,
774 2522 825 2577 riri
846 2540 905 2578 ma·
954 2524 999 2579 tlie
1012 2538 1051 2579 ιι.
1067 2520 1221 2579 Retinenda
1235 2520 1295 2577 dies
1309 2534 1361 2575 xttt
1384 2518 1634 2583 surdissimum,
1650 2528 1680 2574 ut
1696 2518 1745 2573 ita-

111 2626 172 2680 gna
183 2608 330 2671 prudentie
340 2619 365 2664 et
376 2609 540 2682 eloquentior,
552 2629 583 2667 ac
603 2612 672 2667 inter
692 2613 835 2684 preclaros
851 2612 904 2668 Ec·
954 2616 1034 2670 betur
1048 2613 1077 2669 in
1092 2614 1206 2685 antiqno
1230 2612 1260 2669 S.
1276 2611 1400 2687 Dionysii
1423 2612 1591 2683 necrologio,
1613 2618 1640 2667 et
1657 2612 1745 2667 sancti

108 2701 201 2755 cleric
216 2698 363 2757 Gallicano
377 2704 446 2757 siros
462 2704 639 2760 eruditissimi
661 2714 686 2759 et
707 2706 903 2775 [mundissimi.
954 2708 1028 2765 Petri
1038 2705 1231 2773 (limatensis,
1253 2722 1362 2765 necnon
1376 2709 1406 2763 in
1427 2704 1621 2778 martyrologio
1637 2702 1747 2760 Sancta

109 2794 283 2862 cuitempore
307 2795 472 2862 prolationis
493 2806 622 2868 quantum
645 2798 698 2869 luit
722 2798 850 2864 studium,
874 2810 904 2854 ut
943 2799 1101 2857 Genoveiae
1115 2798 1292 2867 Purisiensis‚
1315 2799 1358 2859 itis
1375 2798 1484 2855 verbis:
1512 2796 1606 2852 idibus
1619 2794 1746 2851 tenuant

109 2884 249 2939 ecclesiam
262 2888 421 2941 suumomni
434 2888 556 2959 ploriuet
570 2889 667 2946 ltonore
683 2891 826 2956 attolleret,
842 2893 905 2947 reli·
955 2894 1165 2950 onniuersurittnt
1180 2892 1286 2966 Superii
1301 2892 1405 2947 abbatis
1420 2888 1450 2947 S.
1467 2890 1599 2962 Dionysii.
1613 2890 1688 2958 cujus
1698 2906 1746 2959 ope

109 2975 184 3046 §5⁰⁸0
197 2976 341 3043 Mittam,
355 2986 450 3034 Oltam
473 2981 619 3037 redditibus
639 2983 800 3052 opulentant,
818 2984 904 3054 adipi·
954 2996 1033 3059 atque
1056 2986 1200 3051 industria,
1221 2986 1371 3057 injungente
1394 2985 1537 3039 ιίιαιιιιαι
1555 2980 1745 3039 recordationis

106 3068 162 3122 ciis
176 3070 341 3139 ampliorem,
360 3075 522 3129 ornamentis
536 3074 688 3129 decoratam
702 3076 830 3143 redderet,
846 3095 904 3132 ont-
955 3081 990 3137 D.
1004 3080 1121 3153 Eugenia
1136 3096 1206 3151 papa
1225 3088 1251 3134 et
1269 3078 1370 3134 illustri
1392 3074 1557 3131 Francorum
1581 3091 1640 3147 repe
1653 3074 1745 3130 Ludo·-

107 3160 190 3215 situs
202 3172 282 3231 potet.
296 3162 458 3235 cooperante
472 3166 553 3219 etiam
567 3182 681 3237 superno
699 3168 772 3223 illios
789 3168 903 3224 clemen-
954 3176 1021 3238 uico,
1044 3182 1136 3229 nostro
1160 3171 1271 3228 ecclesie
1291 3170 1323 3227 ae
1337 3178 1410 3226 stata
1423 3168 1591 3225 secularium
1605 3169 1746 3223 cononice-

108 3250 162 3314 tio,
175 3254 220 3322 gui
231 3256 304 3323 ponit
324 3255 435 3310 humiles
459 3256 486 3311 itt
505 3256 627 3326 sublime,
641 3270 666 3313 et
680 3259 767 3327 ipsum
779 3258 812 3315 be
829 3260 939 3355 plebec
954 3284 1014 3321 rum
1027 3270 1062 3322 ιιι
1073 3265 1236 3338 repuleriurn
1250 3264 1368 3320 ordinent
1382 3272 1420 3319 est
1443 3272 1555 3318 mutata.
1581 3260 1627 3317 Sic
1653 3270 1745 3317 nutem

105 3341 206 3396 lturnili
220 3345 362 3410 ricereait
376 3356 405 3401 ιιι
418 3363 470 3402 nort
491 3350 576 3402 solurn
591 3349 620 3404 in
633 3349 805 3405 Porlornento
819 3354 903 3423 regali
953 3360 1037 3415 habet
1056 3356 1240 3429 necrologium
1263 3354 1392 3411 Ecclesia
1409 3353 1592 3411 Parisiensis:
1611 3368 1668 3408 xrtt
1686 3350 1745 3406 Ka·

103 3434 208 3487 solium
222 3452 254 3489 uc
268 3437 397 3491 Tribunol
411 3436 509 3508 judicii
531 3441 680 3511 rapientia,
701 3458 753 3512 pua
773 3443 902 3512 proditus
949 3448 1025 3504 lenti.
1042 3446 1184 3504 Februarii
1195 3446 1259 3502 obiit
1276 3444 1403 3518 Superius
1413 3444 1495 3500 obbas
1507 3443 1599 3499 Soneti
1610 3443 1744 3515 Dionpsii,

104 3533 179 3595 erat,
193 3528 362 3584 laudabiliter
383 3541 544 3601 peroraret:
569 3550 658 3588 oerum
674 3536 756 3589 etiam
776 3545 903 3607 tanquam
953 3560 1001 3613 prs
1015 3542 1090 3613 cujus
1102 3543 1193 3597 anima
1208 3538 1365 3597 GuilleIntttr
1377 3555 1455 3611 nepos
1480 3538 1538 3609 ejus
1552 3538 1743 3593 concanonicus

105 3617 152 3671 ‘¹⁹'
164 3620 257 3692 milii
274 3621 380 3675 “ibiibi
400 3630 426 3675 θ’
452 3622 603 3689 btdttltt'oe·
625 3642 658 3679 αθ
678 3626 706 3680 bt
731 3629 802 3682 θωπί
825 3626 903 3683 dom·
950 3644 1042 3690 noster
1055 3633 1126 3689 dedit
1137 3632 1212 3689 nobis
1227 3648 1261 3687 tx
1285 3632 1367 3688 libros
1378 3632 1554 3687 Parisicnses.
1566 3630 1677 3703 Legitur
1687 3630 1743 3701 (lb)

107 3710 345 3780 '‘liillliiliiil'l
358 3712 512 3782 etprobatae
524 3714 597 3785 fidei,
622 3734 682 3771 cvm
696 3718 806 3773 excellit
825 3720 899 3789 prin·
953 3733 980 3784 et
998 3726 1026 3781 in
1048 3726 1162 3797 antiquo
1186 3724 1283 3780 Sancti
1312 3711 1435 3795 Dionysii
1460 3722 1634 3793 necrologio:
1651 3720 1743 3776 Pridie

106 3802 214 3870 erpibus
225 3803 384 3872 consederet,
396 3822 428 3860 oc
438 3806 512 3877 regni
523 3808 607 3874 ipsius
617 3807 796 3879 gubernacula
808 3811 903 3879 proci·
952 3832 1038 3872 nonos
1059 3814 1188 3871 bustuarii
1210 3825 1235 3870 et
1257 3814 1341 3884 pridie
1366 3830 1449 3868 nonar
1473 3810 1625 3877 Februarii,
1647 3812 1743 3882 sicque

102 3906 160 3959 lm
184 3890 386 3947 mihimilli?
409 3911 521 3950 “limbi
547 3897 665 3968 inimi,
690 3898 789 3970 ibtlboe
812 3900 902 3965 tt'ltt·
952 3908 1140 3979 persingulas
1156 3920 1265 3963 menses
1285 3914 1384 3975 praeter
1410 3903 1568 3969 Octobrem,
1585 3920 1743 3959 commemo·

106 3984 263 4037 litterarum
285 3986 414 4049 scientio,
437 3986 557 4041 dictandi
581 3987 762 4062 scribendique
790 3992 902 4060 peritia,
952 3996 1022 4050 rotio
1037 3995 1071 4051 D.
1084 3994 1189 4067 superii
1200 3993 1314 4051 abbatis.
1330 3993 1447 4065 Scripsit
1460 3994 1505 4049 liic
1517 4001 1593 4065 gesta
1611 3992 1742 4050 Lndorici

103 4090 211 4144 semper
233 4076 262 4129 in
285 4077 523 4147 resplenduerunt,
536 4089 667 4151 tantoque
687 4082 817 4152 opinionis
832 4082 904 4155 opud
953 4087 1041 4155 sexti;
1057 4094 1180 4159 coepcral
1192 4095 1220 4143 et
1232 4085 1354 4142 scrihere
1378 4086 1522 4141 historiam
1541 4083 1672 4142 Ludorici
1693 4084 1743 4142 ln·

104 4182 207 4237 popam
223 4167 370 4239 Eugenium
380 4173 493 4236 exstitit,
515 4182 545 4226 ut
558 4175 658 4244 mones
672 4175 763 4247 eliqua
776 4178 804 4232 io
824 4194 903 4249 regno
953 4180 1051 4244 moris,
1067 4195 1142 4237 mors
1165 4179 1352 4252 prohibuitne
1365 4187 1483 4251 coeptam
1498 4177 1652 4251 perliceret.
1669 4176 1743 4233 Scri·

105 4260 234 4327 proniora
253 4262 434 4333 eroterpebant‚
459 4273 485 4318 et
508 4281 589 4335 usque
610 4265 645 4319 ab
666 4266 724 4337 ejus
739 4269 903 4325 audientiam
952 4272 1008 4342 psit
1022 4278 1048 4326 et
1058 4270 1151 4341 plures
1160 4271 1292 4341 epistolas
1304 4271 1338 4325 ad
1352 4250 1656 4341 summumpontilicem
1672 4268 1740 4341 (ll),

106 4351 224 4421 perlato,
238 4354 319 4408 istius
328 4354 448 4425 probatu
464 4354 619 4412 discretioni
642 4359 808 4415 terminando
827 4378 902 4416 corn·
952 4362 985 4418 nd
1002 4378 1078 4435 reges
1092 4370 1120 4417 et
1135 4362 1169 4419 ad
1180 4376 1309 4433 proceres
1329 4360 1516 4417 nitidissimos
1530 4374 1663 4433 atrosque.
1679 4374 1740 4413 mn-

107 4442 241 4500 mittebat.
268 4443 406 4504 Gloriosus
418 4437 508 4502 Ietiant
527 4464 575 4503 rea
604 4447 729 4507 Francia
754 4450 901 4509 bodonicus
951 4454 1106 4519 sinte‚dum
1121 4468 1236 4525 regnum
1248 4452 1408 4524 dignissime
1423 4451 1637 4514 administraret,
1654 4447 1742 4505 Ludo-

110 4535 327 4611 Hierosolymam
348 4542 528 4610 proficiscens,
553 4545 707 4615 pontificum
720 4554 746 4600 et
764 4560 902 4615 procerum
951 4550 1012 4604 rico
1025 4546 1138 4604 iuniore
1154 4546 1303 4603 interram
1324 4550 1448 4599 sanctam
1463 4542 1598 4614 prolecto,
1613 4556 1646 4596 oc
1657 4542 1740 4597 vicis-

107 4630 232 4697 concilio‚
244 4647 277 4686 ea
290 4633 449 4702 parteillius
460 4633 523 4703 fidei
533 4637 689 4713 et'solsrtt'e
702 4655 811 4709 regnunt
821 4656 899 4695 suurn
913 4650 938 4712 p
951 4642 1003 4697 sim
1020 4641 1143 4711 plurima
1163 4639 1197 4694 ad
1212 4652 1275 4693 eunt
1294 4642 1405 4693 exstant
1426 4648 1588 4707 magnorum
1603 4634 1738 4697 virorum,

105 4721 258 4789 pericliter
280 4725 413 4780 cummisit
432 4726 583 4797 rependum.
609 4728 687 4795 Quod
702 4730 758 4795 ille,
778 4728 833 4786 Deo
850 4731 900 4802 ju·
952 4731 1025 4789 Petri
1049 4729 1189 4803 inprimis
1212 4727 1403 4786 cluniacensis
1430 4727 1538 4784 abbatis
1558 4736 1585 4782 et
1606 4724 1740 4783 Bernardi

105 4822 196 4877 sonu,
209 4816 249 4869 ita
261 4816 457 4873 adorrinistrooit
467 4828 492 4874 et
504 4821 583 4885 rexit,
604 4831 633 4875 ot
644 4823 757 4893 principi
780 4823 900 4879 redeunti
950 4822 1179 4886 clarevaltensis.
1194 4822 1241 4893 qui
1263 4834 1294 4877 ea
1318 4828 1398 4877 aetatc
1422 4819 1537 4877 scientia
1558 4826 1584 4875 et
1609 4818 1739 4889 religione

103 4908 252 4962 compsisse
274 4908 326 4963 sibi
348 4926 408 4964 curn
432 4926 496 4980 pace
524 4922 550 4968 et
570 4914 721 4985 intepritote
739 4917 897 4971 restitueret.
951 4915 1096 4973 florebant.
1117 4914 1241 4986 Denique
1259 4911 1368 4985 Sngerii
1390 4914 1474 4968 vitam
1497 4910 1595 4968 iittcrIs
1614 4910 1739 4965 exoravit

110 4996 221 5063 Fauor,
235 5000 299 5071 puio
313 5000 493 5058 seruditione
508 5005 637 5060 moriendi
658 5023 733 5062 nemo
753 5008 900 5079 excipitur,
951 5006 1114 5065 Goillelmus
1129 5006 1218 5079 ipsius
1229 5006 1374 5062 familiaris
1389 5012 1417 5062 et
1431 5004 1523 5061 Sancti
1541 5001 1662 5073 Dionysii
1679 5014 1739 5055 mo·

104 5106 168 5145 curn
183 5091 343 5160 ualetudine,
367 5111 421 5166 quo
440 5107 561 5152 mortuas
589 5108 639 5163 est,
660 5101 756 5155 uereri
770 5102 900 5173 cepisset,
952 5101 1069 5165 nocitus,
1082 5115 1164 5172 qnam
1188 5098 1293 5157 videsis
1317 5098 1391 5155 inter
1412 5096 1588 5170 probationes
1611 5092 1738 5171 Historia

104 5182 225 5252 fratrum
244 5186 366 5242 monitu
381 5198 545 5246 ιιιιιιιιιιιιιιι
556 5192 585 5245 in
604 5192 751 5261 capitulum
766 5193 902 5250 sedeloci
953 5192 1047 5249 Sancti
1061 5193 1184 5265 Dionysii
1199 5200 1270 5265 part.
1287 5207 1317 5257 ιι,
1336 5206 1397 5263 pag.
1414 5188 1475 5244 tet.

154 5320 191 5375 r'rl
219 5320 290 5378 ilist.
305 5320 430 5405 sotori.
441 5341 503 5449 Bag.
520 5326 582 5381 stt.
991 5327 1049 5401 lli)
1068 5327 1100 5385 T.
1116 5326 1149 5383 tv
1167 5327 1266 5401 Script.
1280 5327 1343 5384 hist.
1359 5318 1457 5381 trane.
1471 5338 1530 5394 pag.
1548 5318 1677 5377 tto-mo.

154 5392 191 5447 ld
218 5391 301 5448 Proto.
318 5393 425 5450 hosts.
465 5412 520 5452 ton.
535 5404 606 5467 part.
621 5414 652 5463 n,
668 5416 694 5469 p.
712 5398 775 5455 tot.
1602 5456 1604 5461 ,

287 5978 423 6043 Parnon.
445 5980 642 6050 Clsxit'Xt'l.
