3967 6334
277 394 331 452 idi
753 384 941 446 deiiAiiiAE
960 381 1265 444 cttntsonotttnn't
1283 379 1437 440 nutscort
1828 395 1862 464 pm

275 515 382 582 septem
403 501 501 564 diebus
520 501 649 568 uoluitur,
674 516 688 555 a
711 500 792 557 bonis
817 499 949 571 operibns
971 497 1080 556 steriles
1093 501 1117 558 Δ
1130 496 1177 568 qui
1198 497 1312 552 omnino
1332 493 1484 568 perierunt,
1507 500 1537 550 ut
1559 493 1698 552 Sadducaei
1711 500 1863 580 potebantnq

274 602 412 665 existunt,
426 605 454 654 et
466 595 500 650 ad
515 595 643 650 ultimum
658 592 719 665 ipsa
735 591 875 648 mundana
887 589 1074 654 conuersatio,
1126 590 1252 646 uiuorum
1267 587 1324 645 rita
1336 589 1426 645 beata.
1440 585 1543 644 Dmnes
1558 587 1631 643 enirn
1652 603 1757 658 quornm
1772 595 1863 668 Dontnq

274 691 355 763 quasi
371 704 444 746 neor
453 701 549 744 eorum
564 685 725 750 infecunda,
741 684 852 741 transit.
1126 688 1154 738 et
1168 681 1241 738 Deus
1255 687 1309 748 est,
1324 679 1422 736 visunt
1435 679 1471 745 ei,
1488 679 1536 752 qni
1548 687 1649 736 aterna
1669 679 1819 754 dispositione
1832 713 1864 758 qq

266 844 273 860 .
311 784 347 840 ut
364 784 401 838 ait
415 781 470 836 illis
484 779 564 835 lesos
582 793 591 832 .·
611 778 726 846 limatis,
747 778 890 833 nescientes
910 773 1074 844 Scripturas,
1125 775 1182 830 rita
1195 781 1239 831 est
1252 773 1417 838 animarum,
1435 779 1463 827 et
1481 771 1648 828 resurrrectio
1667 786 1802 845 corporum,
1815 784 1864 850 pp,

274 893 355 949 neque
368 876 491 932 viritatem
503 874 565 929 Dei.
579 870 648 928 Filii
660 871 753 928 soecuii
767 870 847 942 hujus
860 867 963 925 nubunt
976 874 1003 922 et
1019 873 1076 919 tro·
1127 865 1192 920 alibi
1206 864 1343 921 Dominus
1360 883 1368 920 ι
1387 863 1440 931 Qut
1449 863 1532 920 credit
1541 863 1569 918 in
1585 881 1636 931 me,
1656 865 1731 920 etiarn
1749 871 1769 924 si
1784 889 1864 938 norton

268 959 374 1022 'dantur
391 966 426 1020 ad
443 967 561 1035 nuptias.
580 963 626 1018 ilii
647 971 735 1017 autem
750 963 796 1034 qui
817 959 891 1032 dipni
911 956 1077 1014 habebuntur
1127 953 1217 1026 suerit,
1230 955 1398 1028 uiuettdoan.
1414 953 1466 1028 rt).
1482 954 1594 1010 Poterat
1615 957 1744 1026 apertiora
1762 960 1789 1020 de
1807 982 1866 1026 ιιιιι.

266 1045 371 1114 'seculo
387 1059 439 1114 ista
449 1067 476 1113 et
484 1057 674 1114 resumentione
684 1069 718 1109 es
728 1054 851 1122 mortuis,
866 1067 948 1123 neque
962 1048 1074 1114 nubunt,
1126 1044 1249 1100 rectione
1263 1045 1420 1101 testimonia
1434 1043 1550 1100 reddere
1565 1043 1762 1116 prophetarum,
1779 1054 1816 1108 sed
1825 1072 1865 1126 pen

274 1168 357 1225 neque
379 1152 481 1208 ducunt
503 1166 610 1216 uxores,
635 1163 717 1218 neque
738 1147 808 1202 eninr
831 1145 904 1199 ultro
918 1143 987 1198 mori
1004 1150 1076 1213 pote·
1127 1137 1224 1208 phetas
1239 1135 1381 1192 Sadducaei
1398 1153 1453 1192 non
1467 1135 1607 1208 recipiunt

274 1252 348 1312 runt,
372 1243 417 1300 sed
439 1252 501 1300 sunt
520 1243 589 1298 sicut
609 1240 696 1310 anqeii
714 1237 763 1293 Dei
778 1239 805 1292 in
818 1236 893 1304 caelo,
909 1245 935 1292 et
948 1235 1001 1308 filii
1014 1232 1084 1290 snnt'
1162 1227 1197 1284 Et
1221 1229 1357 1284 audientes
1380 1229 1474 1294 turbu,
1491 1227 1660 1284 mirabantur
1676 1229 1702 1284 in
1714 1229 1864 1312 doetdnaejq,

275 1333 337 1400 bei,
352 1350 412 1390 ean
427 1334 481 1388 stne
495 1331 546 1402 filit
559 1327 770 1384 ressurrectionis.
1125 1319 1318 1391 despondentes
1337 1329 1424 1374 aurem
1447 1319 1556 1392 midan
1574 1319 1740 1394 Scribarum,
1762 1325 1867 1390 liniant.-

311 1426 376 1482 llaec
397 1440 453 1481 non
476 1423 515 1478 ita
536 1419 743 1492 intelligendum
759 1425 812 1484 est,
827 1417 902 1490 quod
915 1418 1031 1490 indigni,
1048 1416 1075 1471 id
1126 1411 1266 1484 disputes,
1280 1411 1458 1468 benedixisti.

275 1524 320 1574 est
341 1522 518 1588 peccatores,
543 1513 586 1568 rel
607 1511 723 1567 minime
745 1509 946 1573 resurrecturi,
970 1507 1015 1564 uel
1041 1506 1075 1562 ad
1162 1503 1270 1577 [Brenn]
1287 1502 1368 1569 Nota,
1390 1519 1453 1559 cum
1469 1503 1679 1561 insidiatoribus
1698 1511 1724 1561 et
1741 1513 1869 1572 consolato

275 1605 387 1678 nuptias
406 1603 592 1661 resurrecturi
607 1603 664 1658 sint
685 1599 835 1669 credendi;
860 1597 910 1656 sed
928 1597 1004 1672 qnod
1018 1597 1073 1654 Do·
1126 1591 1343 1650 ribusDominus
1354 1603 1460 1651 secreta
1470 1594 1601 1666 mysteria
1610 1594 1745 1669 loquatur,
1755 1609 1868 1660 nontamen

275 1699 416 1762 minus,ut
425 1695 461 1752 ad
469 1694 682 1752 resurrectionis
691 1691 807 1764 gloriam
815 1691 927 1754 excitet,
935 1688 1074 1746 declectis
1125 1692 1251 1742 sanctum
1272 1687 1321 1743 dat
1344 1686 1480 1754 canibus;
1512 1685 1560 1741 sed
1581 1687 1696 1743 aderant
1716 1689 1807 1758 idonei,
1825 1713 1870 1767 qnae

276 1785 450 1845 solummodo
464 1785 581 1842 volucrit
596 1784 687 1840 iacere
701 1796 867 1839 sermonem.
880 1779 1074 1838 Resurreetnri
1125 1787 1236 1849 propter
1247 1777 1365 1833 aliorum
1377 1776 1578 1833 immunditiam
1590 1793 1644 1833 non
1654 1782 1785 1849 oportebat
1794 1788 1868 1860 negligi.

276 1877 397 1951 aequales
416 1883 499 1934 erunt
521 1875 626 1948 angelis
638 1881 665 1930 et
686 1875 715 1929 in
734 1873 862 1929 castitate
876 1878 904 1928 et
918 1872 947 1927 in
960 1871 1074 1927 immor·
1089 1849 1111 1909 Β
1126 1867 1251 1944 [Gerre]
1276 1869 1329 1926 Dbi
1358 1871 1393 1926 de
1413 1885 1496 1926 manu
1522 1869 1600 1924 arida
1620 1876 1760 1940 tractatur,
1782 1875 1871 1938 cbristus

275 1971 392 2026 talitatc.
418 1967 562 2025 connubia
580 1966 683 2038 quippe
697 1965 834 2021 habentor
847 1969 962 2036 propter
983 1963 1072 2026 iiiios,
1125 1962 1371 2020 calumniatoribus
1400 1962 1519 2035 primum
1544 1961 1596 2018 sub
1618 1961 1735 2034 quadarn
1762 1971 1870 2037 question

276 2061 325 2118 illii
333 2057 817 2134 proptersoccessionem‚successio
825 2063 938 2127 propter
946 2063 1071 2110 mortem.
1125 2055 1317 2112 auctoritatem
1332 2053 1448 2126 proten,
1470 2053 1568 2110 deinde
1589 2053 1733 2111 rationem.
1755 2055 1797 2113 llio
1811 2071 1871 2119 anun

278 2152 419 2227 [Drauso]
438 2151 489 2209 Ubi
503 2167 570 2224 ergo
584 2165 639 2207 non
653 2159 697 2207 est
709 2164 796 2216 mors,
811 2163 902 2220 neque
923 2145 1071 2203 connubia.
1125 2147 1203 2220 prius
1227 2146 1362 2202 rationem
1387 2144 1490 2217 posuit,
1515 2144 1643 2203 disens:
1673 2143 1707 2200 ln
1728 2153 1871 2207 narnatino

277 2245 421 2302 Sadducaei
432 2261 487 2300 non
497 2243 649 2300 credebant
660 2257 723 2299 esse
731 2241 862 2314 conjugia
871 2248 935 2314 post
945 2251 1072 2306 moruem,
1125 2241 1197 2296 eninr
1211 2254 1292 2310 neque
1302 2237 1410 2303 neunt,
1421 2252 1502 2308 rreqm
1512 2236 1655 2302 nudentur,
1680 2234 1771 2294 deinde
1789 2243 1871 2296 andon-

277 2334 500 2409 quandoquidem
514 2334 603 2407 ipsam
620 2332 853 2390 resurrectionem
866 2331 1014 2404 negabant,
1026 2330 1075 2388 sed
1125 2339 1220 2396 tatem,
1237 2325 1293 2400 Epo
1305 2345 1366 2384 sune
1374 2327 1444 2384 Deus
1454 2327 1601 2384 Abrabam.
1613 2325 1674 2388 lioc
1688 2327 1758 2396 iecit,
1767 2337 1793 2385 ut
1802 2332 1873 2386 niun

277 2425 466 2483 defensionem
481 2425 586 2481 erroris
599 2423 642 2479 sui
653 2425 788 2495 potabant
801 2438 832 2480 se
845 2423 985 2478 invenisse
1002 2420 1075 2494 apud
1125 2421 1281 2480 aratoribus
1305 2419 1382 2492 prius
1403 2419 1597 2476 auctoritatem
1619 2417 1794 2492 proferamus.
1808 2421 1873 2479 deinde

277 2531 308 2572 se
321 2516 447 2572 dicentes
463 2535 469 2571 :
485 2513 564 2570 Sicut
578 2520 690 2573 nonest
704 2515 847 2586 possibile,
864 2513 1075 2586 utmniierquae
1126 2515 1270 2571 rationem.
1286 2511 1523 2584 Interrogantibus
1539 2519 1630 2567 autem
1644 2527 1799 2585 quocunque
1809 2529 1873 2586 propo

275 2608 330 2663 init
352 2616 459 2681 septem
481 2607 605 2663 virorum
628 2607 665 2663 sit
689 2607 772 2663 onius
792 2620 864 2662 nror
890 2605 1007 2676 priuata,
1028 2612 1076 2660 aut
1127 2607 1191 2671 sito,
1209 2605 1287 2677 prius
1313 2605 1449 2660 rationem
1460 2617 1641 2674 exponamus,
1653 2614 1746 2675 postea
1755 2606 1873 2662 annorum

276 2698 400 2756 oninium
421 2697 579 2755 communis
593 2716 602 2754 ι
617 2698 659 2754 sic
672 2712 730 2753 non
748 2703 792 2753 est
812 2695 954 2768 possibile,
974 2703 1006 2752 ut
1028 2694 1078 2750 ilat
1126 2696 1331 2754 confirmemus.
1342 2693 1561 2751 Calumniatores
1574 2694 1648 2751 enim
1661 2697 1780 2752 convinci
1792 2707 1873 2768 spond,

276 2789 443 2848 resurrectio
458 2797 641 2846 mortuorum.
653 2787 746 2856 Quare
756 2786 900 2854 Dominus,
915 2801 979 2843 cum
990 2786 1024 2843 de
1037 2787 1076 2858 jn·
1127 2791 1343 2860 interrogatores
1366 2794 1458 2843 autem
1485 2787 1578 2843 doceri
1591 2805 1599 2854 3
1610 2790 1691 2842 'narn
1721 2789 1873 2854 calrrnniator,

272 2883 362 2954 jnrriis
374 2889 403 2938 et
417 2881 600 2954 eleemosynis
612 2879 775 2952 caterisque
785 2878 1077 2949 rinutibosspiritua·
1126 2881 1235 2941 etiamsi
1246 2881 1380 2938 rationem
1396 2879 1541 2952 intelligat,
1558 2895 1615 2940 non
1634 2882 1777 2940 consentit.

276 2976 351 3034 libus
361 2976 471 3030 lbettitts
486 2973 593 3039 suissei,
610 2957 667 3028 noti
687 2972 847 3044 angelorum
867 2969 1075 3026 similitudinem
1384 2993 1500 3051 CAPUT
1519 2993 1662 3053 cxxpppp·

277 3066 430 3126 introduxit
449 3066 505 3123 nisi
526 3066 627 3122 modoi
645 3064 781 3133 Quoniam
796 3065 870 3120 sicut
884 3077 981 3120 omnes
997 3071 1075 3119 actus
1384 3106 1431 3157 m
1558 3105 1601 3157 13¹
1729 3105 1769 3158 m

277 3159 404 3214 carndes
426 3172 510 3229 opera
536 3164 600 3214 sont
623 3156 797 3222 animalium,
822 3155 960 3227 precipue
982 3162 1109 3256 tannenG
1285 3124 1349 3214 M·
1399 3181 1418 3218 ιι
1465 3127 1521 3214 R·
1637 3125 1693 3213 L·

276 3259 355 3308 actius
367 3248 506 3307 libidinis:
522 3250 565 3307 sic
578 3257 607 3307 et
620 3264 718 3307 omnes
731 3247 844 3322 quidem
857 3245 976 3305 uirtutes
992 3247 1076 3320 spiti-
1162 3250 1295 3308 Pharisaei
1308 3260 1396 3307 autent
1407 3249 1543 3306 audientes
1557 3252 1621 3322 qaia
1633 3251 1768 3306 silentione
1777 3251 1877 3321 imposne·

277 3342 368 3399 tuales
380 3357 427 3399 res
441 3348 507 3400 sunt
521 3343 668 3415 angelicae,
685 3342 824 3414 praecipue
835 3349 928 3397 tamen
948 3339 1073 3398 castitas.
1126 3353 1165 3401 est
1178 3343 1344 3411 sadduceis,
1355 3352 1529 3400 conuenerant
1540 3343 1568 3400 in
1581 3359 1676 3401 unum.
1688 3342 1723 3400 tlt
1733 3344 1876 3398 ιιιιιιίιιιιι

278 3431 332 3490 Ubi
346 3432 490 3490 diattbaeus
499 3440 528 3490 et
537 3432 646 3490 blancus
658 3433 771 3498 babent,
782 3447 864 3504 neque
875 3432 982 3497 ιιιιιιιιι,
994 3447 1076 3502 neque
1125 3437 1158 3493 de
1172 3435 1282 3502 Scribis,
1300 3434 1365 3508 lepis
1380 3433 1482 3504 doetee,
1497 3441 1601 3490 uniant
1612 3451 1674 3490 eum
1685 3443 1712 3489 et
1727 3433 1824 3488 dicens:
1838 3429 1877 3486 de

275 3525 417 3591 studentur,
441 3523 537 3581 uraca
560 3525 686 3581 idiomati
709 3523 810 3580 Latina
833 3524 1005 3581 consuetudo
1019 3538 1075 3579 nott
1125 3531 1216 3600 pistas,
1228 3527 1297 3600 quod
1306 3535 1346 3584 est
1357 3526 1512 3584 mandatum
1524 3541 1652 3597 magnum
1663 3527 1692 3581 in
1706 3525 1775 3598 lepti

276 3615 435 3688 respondet.
451 3615 561 3674 Nubere
575 3616 650 3672 enim
664 3616 776 3689 proprie
790 3617 922 3673 dicontur
933 3615 1073 3682 mulieres,
1162 3621 1302 3696 [Dieron]
1326 3621 1402 3677 Licet
1421 3619 1554 3676 Pharisaei
1575 3627 1603 3676 et
1630 3618 1770 3675 Saddncaei
1788 3617 1877 3672 intere

276 3717 305 3766 ei
320 3709 373 3766 tiri
393 3725 495 3766 uxores
516 3707 630 3764 ducere·
655 3707 711 3764 Sed
726 3723 778 3764 not
793 3709 956 3780 simpliciter
970 3707 1075 3763 ditium
1125 3714 1258 3770 contrarii
1270 3718 1375 3778 essent,
1391 3719 1483 3768 tamen
1499 3711 1558 3783 pari
1573 3719 1666 3768 mente
1677 3705 1876 3768 consenseruottd

276 3800 474 3872 intelligamus,
498 3815 588 3871 neque
611 3801 715 3856 nubent
736 3800 800 3870 riri,
825 3816 914 3873 neque
937 3801 1075 3857 nubentur
1125 3805 1449 3869 tentandrrmDominum,
1461 3804 1535 3876 quod
1546 3804 1666 3876 legimus
1679 3799 1878 3859 iecisseiiemdtn

276 3891 419 3949 mulieres.
436 3890 495 3948 Hoc
508 3892 623 3963 respicit
644 3892 680 3947 ad
699 3892 831 3948 uirtutem
849 3892 910 3959 Dei,
931 3893 1075 3965 sequentia
1125 3906 1152 3954 et
1166 3897 1284 3954 Pilatum
1301 3899 1329 3952 in
1342 3913 1410 3954 nece
1423 3895 1542 3953 Domini.
1561 3895 1713 3952 Pharisaeis
1734 3907 1799 3965 saepe
1813 3889 1878 3948 mrb-

277 3999 346 4042 rero
358 3984 393 4042 ad
407 3985 460 4045 boc
473 3984 548 4056 qnod
558 3984 684 4043 dixerat:
697 3985 813 4051 Erratis,
828 3989 984 4044 nescientes
999 3985 1077 4042 Scri·
1125 3991 1200 4055 tntis,
1222 3988 1325 4046 malitia
1351 3994 1378 4044 et
1403 3989 1474 4044 livor
1494 3988 1582 4044 nutrit
1604 3988 1806 4060 impudentiam.
1816 3982 1879 4054 inqut

277 4085 383 4146 pturas.
1125 4081 1192 4137 nudi
1206 4095 1222 4136 a
1236 4079 1362 4144 ueritate,
1375 4079 1782 4144 multitudinesearrsarerant,
1792 4077 1878 4132 dieentes

313 4167 385 4236 Quia
398 4184 459 4223 sero
473 4177 613 4239 resurgant
627 4170 737 4234 nortui,
762 4186 817 4223 non
835 4168 935 4240 legistis
958 4170 986 4223 in
1006 4169 1074 4224 lilro
1125 4170 1196 4241 apud
1213 4185 1242 4226 se
1260 4189 1266 4226 :
1283 4168 1386 4227 Omnes
1400 4171 1546 4242 loquamur
1560 4185 1610 4242 per
1622 4187 1722 4238 unum,
1742 4177 1771 4226 ut
1789 4165 1880 4226 siluerit

276 4257 365 4331 iiopsi
379 4275 456 4330 super
471 4259 579 4327 radunt,
592 4261 657 4331 quio
669 4260 770 4314 dietum
783 4269 823 4316 est
837 4279 854 4315 a
866 4261 931 4327 Deo,
941 4262 1074 4334 quomado
1124 4261 1225 4328 rietus,
1240 4263 1368 4320 rideatur
1383 4264 1526 4320 coniusus.
1545 4263 1709 4336 lingistrnm
1729 4269 1809 4324 vocat,
1827 4257 1879 4326 cajus

275 4349 374 4407 dixerit
395 4350 436 4405 illi
459 4350 530 4407 Deus
545 4366 554 4405 :
570 4349 634 4422 Epo·
647 4368 707 4406 sunt
733 4351 805 4408 Deus
829 4353 976 4419 dicabant,
1002 4352 1076 4408 Deus
1125 4371 1181 4412 non
1193 4356 1253 4412 vult
1266 4371 1327 4412 esse
1341 4356 1506 4427 discipulus.
1522 4354 1753 4427 simplicissimus
1766 4355 1879 4419 nmnea·

278 4440 369 4509 tenu,
383 4451 409 4499 et
419 4442 490 4498 Deus
499 4441 584 4498 Jacob
595 4441 697 4514 (Esod.
711 4443 766 4517 ιιι).
784 4442 846 4499 Non
859 4454 899 4501 est
913 4445 985 4502 Deus
1000 4461 1072 4500 mor·
1125 4453 1179 4513 tor,
1194 4457 1221 4504 et
1234 4446 1453 4520 malignissimus
1466 4447 1623 4514 insidiator,
1633 4448 1670 4504 de
1681 4461 1778 4519 magno
1787 4441 1880 4500 mandato

278 4545 394 4602 tuorum,
408 4533 454 4589 sed
468 4535 595 4590 uiuorum.
609 4533 787 4592 Omneseninr
800 4537 932 4593 nisumei.
948 4537 1073 4609 Voserpo
1089 4537 1286 4610 ltinterrogat,
1307 4537 1355 4609 qui
1375 4551 1426 4594 nec
1446 4537 1591 4594 minimum
1613 4539 1754 4596 observat.
1776 4536 1814 4590 ille
1832 4533 1879 4587 min

276 4625 390 4678 seruitum
404 4627 511 4680 errans.
1124 4629 1205 4686 debet
1219 4629 1391 4701 interrogare
1404 4630 1438 4686 de
1452 4631 1551 4700 majori
1571 4629 1696 4703 justitia,
1718 4630 1764 4702 qui
1784 4629 1879 4683 minoren

252 4699 265 4758 i
313 4710 454 4786 [Hannon]
481 4713 511 4770 ln
535 4715 606 4774 rubo
629 4715 782 4773 similitudo
804 4726 902 4796 nostra
922 4718 991 4787 luit,
1008 4721 1074 4793 quia
1124 4721 1280 4792 compleuit.

274 4804 347 4874 ignis
361 4803 400 4860 ibi
414 4806 537 4873 ardebat,
555 4807 604 4864 sed
620 4824 677 4864 non
690 4811 753 4880 ejus
767 4811 863 4882 spinas
880 4813 1071 4871 consumebat.
1159 4811 1205 4865 dit
1225 4811 1267 4866 ilii
1282 4810 1361 4869 iesus
1376 4811 1523 4868 :Prienam
1550 4815 1672 4869 omniurn
1690 4813 1830 4870 mandatura
1841 4819 1881 4864 est:

276 4895 323 4949 Sic
345 4894 375 4950 in
397 4896 478 4950 nobis
499 4897 639 4968 eloquium
666 4898 791 4956 divinum
816 4901 933 4973 ignitum
952 4911 1005 4970 est,
1022 4919 1074 4961 trec
1124 4902 1195 4958 tani
1208 4901 1294 4958 iuuet
1305 4903 1435 4962 Dominus
1448 4905 1520 4960 Dettt
1535 4913 1606 4971 tuus,
1620 4905 1694 4962 Deus
1706 4901 1882 4968 consestetli·

275 4985 372 5054 spinas
387 4995 497 5043 nostras
516 4989 569 5044 sub
586 4989 733 5047 maledicto
753 4994 922 5065 germinatas
941 4991 1071 5052 absumit.
1125 4995 1188 5064 lipes
1207 4994 1350 5050 Dominum
1367 4995 1452 5052 Deum
1472 5006 1548 5051 tunna
1561 5011 1593 5051 en
1607 5005 1665 5052 toto
1683 4999 1761 5053 eorde
1778 5007 1823 5057 ιιι,
1836 5003 1883 5046 etrn

274 5073 423 5148 iuquiens:
443 5077 514 5135 Deus
524 5080 673 5154 discitum,
692 5081 764 5138 Deus
783 5083 874 5152 isaac,
896 5084 966 5141 Deus
976 5085 1072 5152 iacob,
1126 5093 1181 5141 tota
1191 5088 1281 5142 areima
1293 5095 1349 5153 tua,
1360 5095 1428 5142 etex
1440 5094 1495 5142 tata
1506 5097 1591 5144 niente
1603 5097 1663 5158 tas,
1683 5099 1709 5144 et
1719 5105 1752 5144 en
1762 5085 1882 5142 ronanus

273 5177 318 5224 ter
332 5168 417 5226 ὓιιιιιι
430 5171 612 5236 nominando,
627 5171 792 5230 Trinitatem
811 5176 964 5248 signiticat;
986 5177 1074 5235 Deum
1126 5187 1181 5235 tua.
1197 5177 1465 5248 docuissentne
1476 5179 1623 5236 monimum
1644 5182 1806 5237 mmdatsn.
1820 5175 1881 5248 (dett

274 5261 391 5328 sterilli,
407 5278 491 5318 unam
507 5264 704 5322 substantiam.
721 5263 844 5341 [littam]
857 5267 1072 5338 tirossamen,
1124 5270 1175 5340 ιι).
1191 5270 1341 5327 Secundam
1353 5281 1442 5327 auum
1453 5273 1540 5328 datiis
1552 5281 1593 5329 est
1607 5273 1671 5329 daie
1690 5290 1700 5328 ι
1716 5273 1807 5346 Diliges
1821 5265 1882 5340 pttt'r

274 5352 323 5423 qni
339 5353 486 5411 vendicant
502 5356 657 5428 portionem
670 5373 761 5426 suam,
776 5375 861 5432 quam
874 5363 1014 5435 elegerant
1028 5365 1075 5420 ba·
1125 5379 1197 5416 neum
1221 5371 1296 5418 tuum
1316 5365 1385 5419 sicut
1403 5365 1526 5435 teipsum.
1548 5364 1582 5421 ln
1602 5366 1646 5422 iris
1665 5367 1768 5423 dnobus
1785 5358 1882 5420 ιιιιιιιιίι

274 5445 342 5504 bere
361 5447 390 5503 in
416 5455 492 5504 terra
515 5449 677 5507 virentium.
701 5450 732 5510 st
744 5453 818 5509 enirn
831 5452 982 5524 Abrabam,
997 5455 1075 5514 isaac
1125 5457 1247 5512 uniuersa
1260 5456 1303 5511 les
1314 5449 1408 5527 moder
1420 5466 1447 5513 et
1460 5449 1702 5532 prophetaribenit.
1715 5459 1781 5531 ιιι).

276 5534 402 5594 etlacob
415 5539 566 5596 morientes
581 5542 740 5612 periissent,
760 5560 818 5600 non
838 5545 978 5603 diceretur
1002 5549 1074 5607 Deris
1161 5547 1283 5604 Passum
1292 5557 1318 5604 et
1325 5551 1472 5605 nisinen
1482 5559 1532 5617 est,
1545 5567 1630 5607 onum
1641 5549 1732 5608 1)ιιιιιι
1740 5541 1882 5622 superantii

277 5641 375 5682 eorum
389 5643 461 5693 esse,
477 5630 544 5701 quia
559 5645 615 5686 non
629 5643 733 5690 essent.
744 5633 823 5691 Nunc
833 5642 925 5693 autem
936 5641 1074 5709 quomodo
1124 5639 1248 5713 diligere,
1271 5650 1298 5698 et
1313 5643 1365 5698 boc
1378 5649 1442 5700 ante
1456 5645 1549 5699 omnia
1563 5645 1699 5702 debemus
1714 5641 1789 5715 qnasi
1803 5638 1882 5694 uniens

277 5717 453 5788 negabuntur
465 5734 538 5788 msc,
552 5719 694 5793 laturique
707 5739 816 5796 semper
829 5727 880 5796 illi,
901 5743 1019 5799 quornm
1044 5748 1075 5789 se
1125 5733 1235 5803 pietatis
1249 5733 1457 5791 tundamentum
1471 5735 1573 5792 locare.
1591 5735 1655 5792 ideo
1675 5751 1732 5792 non
1751 5733 1819 5796 dixit,
1838 5741 1883 5788 nt·

278 5819 341 5862 esse
354 5805 498 5876 protitetor
511 5811 670 5867 ararorites?
682 5811 794 5870 lionest
803 5814 876 5872 Deus
888 5828 1072 5886 mortuorum,
1125 5839 1233 5893 truscos,
1260 5823 1307 5882 sed
1326 5825 1430 5898 diiipnr,
1453 5827 1516 5899 quia
1538 5841 1710 5901 cognoscere
1724 5839 1803 5884 unum
1814 5819 1884 5878 Diffi·
