3967 6334
292 312 364 372 1215
838 304 976 365 subbati
993 300 1140 361 metuis
1158 302 1187 359 S.
1208 295 1356 359 mouisti
1845 280 1918 337 ibi!

290 431 392 504 potuit.
407 425 485 485 lianc
500 440 563 484 cunr
576 435 764 484 antecessores
780 427 867 481 nostri
881 426 980 497 sepius
997 436 1080 494 super
1092 422 1116 481 A
1129 419 1197 475 tenti
1210 418 1335 479 fuissent,
1350 413 1383 470 de
1394 407 1632 484 superabundante
1651 404 1823 459 incremento
1843 396 1920 451 enni

292 521 347 577 boc
366 520 522 575 laborantes
539 531 638 588 parurn
660 515 858 587 profecissent,
878 514 1080 571 communicato
1130 509 1175 566 die
1188 508 1256 564 alios
1266 508 1429 578 quinque,et
1441 500 1508 557 feria
1518 497 1613 569 quinta
1623 502 1708 565 atque
1716 488 1840 545 Sabbata
1850 500 1918 556 qu·

293 626 357 669 cum
376 610 519 667 Fratribus
536 609 640 666 nostris
654 608 788 674 consilio,
803 608 915 665 nuutios
928 613 1039 663 nostros
1054 613 1081 661 et
1130 600 1280 659 tuordeeim
1294 612 1345 670 pro
1359 601 1435 663 toto,
1457 586 1683 661 irrefragabiliter
1700 578 1849 638 refectioni
1864 574 1920 629 fra·

293 706 405 762 chartas
420 704 547 775 antiquas
562 702 738 767 fundationis,
754 709 782 758 et
791 699 957 766 donationis,
972 705 1001 755 et
1014 712 1081 753 con-
1131 702 1204 749 trum
1217 691 1360 763 recipiant.
1377 684 1411 742 Et
1427 684 1499 757 quod
1515 681 1603 736 adiuro
1617 678 1662 733 bis
1676 676 1820 745 superest.
1834 666 1870 722 de
1880 668 1920 721 '1⁸-

293 796 479 851 firmatlonnm
493 794 644 866 privilegia,
659 795 737 850 boore
750 792 889 849 memorie
901 806 979 863 pape
988 790 1081 846 liono-
1131 791 1269 843 cremento
1290 789 1399 839 centurn
1420 776 1527 833 modios
1541 785 1655 828 annonae
1674 768 1754 839 large
1777 758 1920 817 coemit

291 886 335 943 rio
354 886 470 943 Romam
491 884 692 957 delegavimus,
712 884 882 956 postulantes
903 891 933 938 ut
945 882 1080 953 justitiam
1130 877 1273 935 excedere.
1288 873 1365 943 Quod
1379 886 1430 927 nos
1442 874 1502 941 post
1513 862 1617 920 Pascha
1633 858 1735 917 usibus
1748 852 1918 913 mrim·

292 986 416 1037 nostram
429 979 565 1035 canonico
577 978 754 1049 investigaret
766 983 793 1033 et
808 976 965 1031 restitueret
980 974 1081 1031 scruti·
1131 970 1233 1033 clesiis,
1247 972 1274 1025 et
1289 962 1465 1038 pauperibus,
1479 958 1520 1014 vei
1532 955 1744 1028 quibuscunque
1760 941 1919 1015 ommi·

292 1073 351 1129 nio.
367 1071 420 1140 Qui
434 1077 465 1126 ut
478 1078 538 1128 erat
551 1071 595 1126 vir
607 1070 733 1135 consilii,
749 1076 776 1125 et
787 1068 903 1139 justitia
915 1074 1000 1131 tutor,
1024 1073 1080 1121 tarn
1132 1062 1234 1117 tatibus
1244 1057 1410 1130 erogandum
1421 1050 1587 1108 censuimus.
1602 1040 1744 1099 Extremis
1757 1034 1836 1093 enim
1850 1046 1919 1087 mer·

292 1182 344 1238 pro
354 1162 450 1221 nostra
462 1164 581 1233 justitia,
594 1177 675 1233 quam
691 1176 742 1233 pro
754 1160 918 1217 enormitate
932 1158 1081 1214 monacha·
1132 1152 1208 1211 sibus
1222 1150 1285 1206 anui
1300 1146 1445 1220 aliquando
1455 1140 1544 1198 carior
1553 1148 1660 1191 annona
1674 1124 1918 1199 congregatione·

291 1268 354 1311 rum
375 1254 474 1309 ibidem
489 1254 560 1308 male
573 1251 741 1314 viventium,
758 1250 882 1307 eumdem
897 1247 977 1304 nobis
991 1246 1081 1304 locum
1132 1240 1369 1315 improvidentiam
1382 1234 1478 1307 punire
1488 1230 1566 1288 solet.
1583 1225 1795 1281 incrementum
1806 1212 1920 1269 &naria
1977 1272 1978 1275 g

292 1357 355 1400 curn
369 1343 538 1415 appendiciis
558 1343 626 1407 suis,
642 1350 671 1397 ut
682 1340 878 1397 reformaretur
892 1339 929 1394 ibi
942 1338 1082 1411 religionis
1131 1350 1192 1391 rum
1206 1340 1314 1390 centum
1324 1337 1352 1386 et
1364 1320 1568 1399 quatuordecim
1577 1317 1726 1378 librarum,
1740 1318 1772 1367 et
1781 1304 1917 1363 duodec-

291 1438 370 1504 ordo,
381 1438 511 1495 restituit.
526 1436 658 1493 liexvcro
668 1435 823 1491 Ludovicus
836 1433 965 1505 Philippi,
978 1431 1083 1488 cbaris-
1133 1426 1293 1493 solidorum,
1307 1420 1422 1495 singulis
1434 1416 1514 1474 anuis
1530 1410 1667 1468 consistit.
1977 1402 1978 1417 ¹

292 1532 379 1587 simus
390 1530 517 1586 domiuus
527 1536 554 1585 ct
568 1530 673 1585 amicus
682 1535 787 1593 noster,
799 1526 921 1583 eamdem
930 1524 1082 1581 restitutio·
1437 1502 1551 1564 CAPUT
1565 1501 1599 1558 V.

291 1635 354 1679 nem
369 1620 556 1686 confirmavit,
571 1632 598 1677 et
611 1636 780 1693 quaecunque
797 1620 899 1692 regalia
914 1617 1016 1673 ibidem
1032 1616 1083 1673 ha·
1315 1604 1355 1659 fle
1373 1598 1511 1659 cormeliis
1527 1586 1738 1651 Perisieasiirrs.

292 1706 375 1770 bebat
385 1714 549 1770 auctoritate
559 1714 641 1785 regie
653 1714 806 1785 majestatis
816 1711 1083 1782 ecclesiaepraecepto
1168 1698 1207 1755 be
1224 1695 1369 1754 cormeliis
1387 1694 1504 1762 inpage
1522 1680 1692 1745 [brisiensi.
1720 1676 1917 1731 inm

293 1804 421 1862 firmavit.
448 1804 534 1876 cujus
554 1806 664 1877 quidem
679 1804 897 1876 recuperationis
914 1810 1040 1858 tenorem
1058 1799 1083 1855 si
1097 1788 1118 1843 Β
1133 1806 1243 1855 census,
1258 1795 1321 1845 octo
1334 1786 1484 1841 librarum:
1498 1794 1560 1835 cunr
1573 1775 1650 1847 prius
1661 1771 1841 1827 haberemus
1855 1762 1919 1817 iih-

292 1900 355 1970 quis
366 1898 565 1969 pleniusnosse
579 1897 704 1963 voluerit,
721 1896 750 1951 in
759 1896 863 1953 chartis
876 1909 970 1967 regum
984 1901 1011 1949 et
1025 1892 1084 1965 pri·
1131 1886 1207 1948 bras,
1223 1878 1359 1938 modocti.
1374 1874 1413 1932 lle
1423 1887 1530 1930 autnona
1540 1871 1633 1927 decem
1644 1870 1692 1921 aut
1707 1856 1918 1918 duodecimu-

292 1990 401 2062 vilegiis
412 1990 632 2061 Apostolicorum
646 1990 817 2047 enucleatius
837 1989 937 2062 poterit
951 1986 1081 2058 reperire.
1132 1974 1192 2030 dios
1211 1970 1387 2032 habebamus,
1405 1978 1478 2020 ¹¹¹¹ssss
1492 1961 1583 2019 deoeffl
1597 1964 1624 2015 θῑ
1635 1962 1712 2011 ⁰⁰¹⁰·
1734 1948 1822 2022 ΑΜ
1836 1945 1917 2001 &¹¹³⁴

292 2078 379 2151 cnjus
392 2082 497 2139 scilieet
511 2081 633 2137 Abbatiae
652 2088 680 2137 et
694 2080 919 2154 appendiciorum
933 2080 1005 2150 ejus,
1022 2093 1084 2149 qum
1131 2066 1242 2122 nodirrm
1257 2072 1374 2134 quatuor
1392 2059 1477 2112 libras
1490 2054 1524 2110 de
1543 2054 1716 2107 incremento
1729 2042 1802 2099 nori
1817 2054 1916 2101 cerasus,

292 2180 358 2228 sunt
370 2172 487 2245 Trappe,
508 2172 697 2240 llereneurtIs,
715 2173 918 2238 jchaveniacus,
932 2171 1084 2227 Burdenis·
1132 2166 1158 2213 et
1172 2154 1206 2211 dc
1217 2152 1417 2211 veterioentum
1429 2146 1540 2203 solidos.
1554 2139 1631 2213 dpud
1640 2128 1917 2192 Francorum-ribam

292 2280 352 2330 cus,
366 2266 531 2329 Cerisiaeus,
548 2274 576 2323 et
587 2274 661 2322 terra
680 2268 714 2323 dc
728 2265 948 2323 llontemeliano.
963 2270 991 2319 et
1009 2262 1083 2318 Bun-
1132 2246 1311 2321 quadraginta
1325 2241 1428 2298 solidos
1437 2237 1472 2293 de
1485 2250 1555 2292 novo
1564 2234 1750 2291 incremento,
1766 2232 1798 2279 et
1809 2220 1917 2293 quadra·

292 2358 380 2425 aiace,
391 2360 488 2416 sivede
496 2360 663 2425 blosteriofo,
679 2361 752 2433 quod
763 2368 804 2415 est
816 2374 901 2430 prope
909 2356 1080 2420 biilidunum,
1131 2343 1221 2415 sibili
1229 2338 1264 2394 de
1276 2335 1360 2393 Veteri

292 2452 446 2508 stallorum
459 2453 657 2509 incrementum
672 2454 768 2524 quanti
780 2459 898 2516 constet,
913 2451 960 2521 qui
974 2452 1083 2521 sapien·
1131 2441 1239 2498 ¹¹⁰⁵ls⁰2
1250 2444 1333 2502 luam
1347 2426 1463 2483 emimus
1477 2436 1493 2475 ³
1511 2419 1620 2491 P²8²¹¹⁰
1633 2414 1668 2470 ‘¹⁰
1681 2406 1830 2471 Εἰπὼν
1842 2412 1869 2460 ⁶
1879 2402 1920 2457 ὼ

291 2542 387 2597 teriila
397 2544 554 2598 tractabunt
568 2559 618 2615 pro
630 2560 729 2617 magno
743 2544 847 2615 praetati
861 2555 1028 2615 cognoscere
1037 2555 1083 2611 po.
1131 2526 1223 2583 dimus
1235 2504 1349 2579 clericis
1362 2512 1556 2572 matriculariis
1569 2522 1619 2580 pro
1628 2518 1727 2561 amore
1741 2499 1805 2561 oet,
1816 2500 1921 2565 croepta

292 2640 397 2691 terunt.
1130 2617 1238 2675 decima
1251 2612 1338 2671 clausi
1354 2608 1451 2670 nostri,
1463 2619 1544 2677 quam
1558 2601 1638 2657 nobis
1653 2593 1839 2653 retinuimus

328 2720 367 2780 fle
380 2725 493 2796 antiquo
503 2740 588 2781 censu
602 2724 764 2796 Argentoiii,
776 2724 823 2796 qui
838 2724 872 2779 ad
880 2720 1015 2788 abhatiam
1026 2737 1082 2777 uon
1437 2692 1550 2755 CAPUT
1567 2690 1612 2749 il.
1695 2726 1698 2730 -

292 2818 421 2888 pertinet,
436 2818 635 2874 incrementum
651 2825 694 2873 est
707 2834 743 2873 rs
768 2817 912 2880 librarum,
934 2814 998 2887 quia
1019 2828 1082 2869 cum
1415 2788 1453 2847 De
1468 2786 1640 2843 “valiniaco

293 2910 359 2966 olim
372 2924 429 2966 non
444 2910 609 2967 haberemus
628 2909 685 2966 nisi
698 2909 797 2982 viginti
817 2910 920 2977 libras,
940 2907 1022 2963 modo
1048 2921 1082 2961 ru
1167 2888 1247 2962 Apud
1262 2886 1456 2942 M⁰ss¹i¹¹i²0¹¹m
1470 2876 1667 2952 ‘lulltcffllinti
1682 2867 1837 2929 Sillim&
1847 2878 1919 2927 mv

292 3000 454 3059 redduntur.
479 3000 518 3059 oe
532 3017 642 3059 annona
660 3002 740 3072 prius
753 3018 801 3059 sex
818 3002 935 3067 modios,
949 2999 1032 3056 modo
1049 2999 1083 3055 ib
1132 2987 1159 3037 0²
1174 2977 1317 3049 fficium
1330 2984 1356 3030 0¹
1369 2971 1463 3028 decem
1477 2968 1511 3025 ‘¹0
1526 2966 1620 3023 Velefi·

293 3096 453 3171 recipimus.
957 3122 962 3129 .
1410 3058 1546 3117 CAPUT
1575 3053 1641 3111 l'ff.
1711 3132 1716 3141 υ

596 3162 713 3223 CAPUT
727 3164 774 3222 Π.
1094 3134 1118 3197 C
1429 3152 1469 3207 De
1488 3150 1622 3223 Ccrqirro.

573 3258 613 3315 De
644 3258 799 3315 Vitrasat'no.
1169 3252 1252 3323 Apud
1263 3250 1423 3322 cergiacum
1434 3246 1468 3302 rie
1482 3245 1566 3301 bosco
1580 3238 1765 3313 quadraginta
1780 3229 1922 3289 solidastis

327 3346 474 3407 vilcassini
488 3350 635 3421 siquidem,
649 3348 723 3422 quod
736 3360 779 3406 est
791 3348 863 3404 inter
876 3346 979 3405 isaram
993 3353 1020 3404 et
1033 3345 1083 3401 lit-
1133 3358 1229 3411 censu,
1252 3349 1280 3397 et
1294 3339 1446 3395 hominium
1462 3336 1556 3392 militis
1571 3328 1723 3388 Tbeohsldi
1737 3325 1774 3382 de
1794 3320 1921 3380 Putetdis.

292 3446 360 3503 tam,
375 3442 493 3497 nobilem
507 3442 684 3502 comitatum,
700 3457 781 3520 quem
798 3440 941 3511 perbibent
956 3439 1084 3494 irumuni-
1133 3443 1161 3493 et
1174 3433 1356 3508 quadraginta
1372 3444 1482 3488 saumas
1499 3428 1648 3483 asinorum.

293 3541 363 3596 tates
379 3534 651 3605 eccleslaeproprium
661 3534 734 3589 beati
742 3533 864 3604 Dionysii
872 3532 990 3597 feodum,
1003 3547 1083 3604 quem
1401 3517 1535 3579 CAPUT
1569 3512 1659 3570 vili.

228 3667 232 3671 -
293 3626 376 3680 etiarn
389 3640 437 3682 rer
448 3623 618 3682 Francorum
628 3624 781 3682 Ludovicus
789 3625 916 3696 Philippi,
929 3624 1084 3679 accelerans
1428 3612 1467 3667 lle
1481 3608 1628 3666 boemenia.

293 3725 390 3773 contra
406 3719 599 3789 imperatorem
612 3716 765 3773 Romanum
780 3719 965 3789 insurgentem
979 3718 1008 3772 in
1024 3732 1085 3787 reg·
1168 3708 1249 3782 apud
1271 3708 1444 3773 Lovcceuas,
1459 3718 1522 3759 curn
1543 3696 1676 3774 quidquid
1689 3692 1795 3750 ibidem
1812 3688 1922 3745 haheba-

294 3823 360 3865 num
383 3806 573 3874 lirancorum,
595 3810 624 3866 in
639 3810 719 3881 pleno
733 3812 853 3881 capitulo
867 3811 939 3866 beati
959 3808 1083 3882 Dionysii
1134 3818 1207 3869 mus,
1225 3811 1280 3855 tam
1297 3814 1424 3862 censum,
1440 3810 1521 3868 quam
1534 3804 1683 3857 annonam,
1698 3794 1727 3843 et
1743 3786 1860 3844 mama,
1880 3794 1921 3849 pm

294 3899 438 3969 professus
452 3907 495 3956 est
508 3916 539 3956 se
558 3901 593 3956 ab
606 3916 639 3957 eo
653 3902 770 3965 babere,
786 3911 812 3958 et
824 3902 886 3972 jure
905 3899 1044 3973 signiferi,
1060 3900 1084 3956 si
1135 3892 1169 3949 id
1184 3892 1263 3948 libris
1278 3897 1334 3945 tam
1348 3904 1399 3944 nos
1417 3900 1499 3958 quam
1514 3891 1705 3939 antecessores
1719 3876 1814 3931 nostri
1825 3888 1872 3943 per
1881 3886 1922 3925 an·

295 4002 509 4057 rexnonesset,
524 3993 676 4049 hominium
690 3995 716 4050 ei
730 3994 838 4064 debere,
859 3996 911 4051 hoe
926 3995 1084 4066 insequente
1134 3992 1199 4041 num
1206 3984 1274 4039 dare
1285 3978 1487 4043 consuevimus,
1499 3972 1690 4049 postquardam
1698 3968 1804 4040 piacita
1816 3964 1923 4019 demar-

298 4086 469 4142 incremento
486 4085 713 4142 dominicaturam
726 4084 782 4143 boo
795 4088 941 4154 auxiliante
955 4101 1085 4158 augmen·
1135 4080 1176 4135 sis
1189 4076 1327 4147 antiquis,
1343 4074 1443 4146 quihus
1457 4072 1577 4127 rusticos
1589 4068 1736 4145 vinearum
1761 4060 1883 4115 cultores
1894 4054 1923 4107 de

296 4176 350 4233 tari
363 4176 573 4234 elaboravimus.
590 4175 741 4249 Ecclesiam
758 4178 793 4234 de
806 4178 947 4251 cergiaco,
961 4187 989 4234 et
1002 4178 1086 4233 curia
1135 4174 1288 4231 retentione
1295 4162 1663 4234 reddituumintercepimus,
1674 4156 1755 4213 salvo
1762 4166 1856 4209 mse
1866 4162 1922 4205 ecs·

296 4269 448 4326 libertatem
463 4270 498 4325 ab
516 4269 612 4325 eodem
626 4268 699 4342 liege
719 4268 849 4327 Ludovici
864 4271 1044 4327 obtinuimus.
1060 4272 1084 4327 Α
1135 4282 1167 4324 su
1182 4264 1370 4329 denariorum,
1382 4268 1409 4318 et
1425 4272 1543 4323 annona,
1560 4260 1671 4311 centum
1686 4250 1747 4307 fere
1758 4242 1920 4303 modinsr'ni

297 4360 354 4417 tilio
366 4378 432 4418 vero
451 4362 511 4431 ejus
530 4360 667 4418 Ludovico
682 4363 816 4417 viaturam
830 4362 952 4433 ejusdem
966 4363 1046 4429 ville,
1058 4373 1086 4421 et
1135 4356 1344 4431 acquisivimus.
1391 4400 1394 4407 ,

296 4468 392 4509 omnes
402 4454 525 4511 redditus
536 4455 596 4525 ejus
606 4462 705 4526 practer
719 4456 812 4511 vinum
823 4463 850 4512 et
864 4470 987 4521 arenam,
1003 4455 1032 4511 iu
1042 4456 1087 4513 de-
1101 4480 1123 4535 0
1443 4438 1556 4501 CAPUT
1571 4438 1616 4495 tx.

297 4544 435 4600 dicatione
443 4544 650 4619 Ecclesiaeregia
663 4546 825 4604 liberalitate
835 4564 885 4619 pro
895 4548 1014 4604 remedio
1026 4548 1087 4602 :ini-
1416 4536 1455 4592 fle
1473 4530 1646 4590 Vcrurttello.

298 4653 349 4692 mae
362 4637 431 4706 ejus,
444 4654 569 4711 persone
582 4647 609 4695 et
626 4641 700 4712 regni
715 4642 892 4711 protectione,
907 4640 1084 4697 obtinuimus.
1171 4636 1210 4693 De
1228 4634 1403 4696 Vernullelio,
1412 4623 1488 4703 'quod
1502 4626 1685 4701 quadraginta
1696 4623 1783 4678 annis
1794 4620 1848 4677 snb
1860 4614 1921 4671 mcu-

211 4800 215 4805 ,
297 4726 354 4810 Nec
365 4728 549 4786 minusctiam
562 4733 636 4802 quod
650 4732 679 4787 in
689 4732 833 4791 cormeliis
844 4735 971 4799 habebat,
981 4732 1086 4805 etapud
1136 4728 1229 4786 monio
1242 4726 1341 4791 fuerat,
1353 4724 1447 4780 decem
1457 4721 1541 4777 libras
1554 4720 1617 4775 data
1628 4715 1824 4785 redemptione
1839 4710 1920 4777 rcc'pr-

299 4818 436 4886 ⁰⁰¹¹i²¹¹¹¹¹v
451 4828 479 4877 0²
491 4822 624 4894 (fuldtissffd
646 4823 761 4895 Trappis
776 4824 909 4891 habebat,
926 4833 1023 4896 preter
1038 4824 1087 4880 ho·
1136 4839 1217 4879 mus:
1233 4835 1298 4874 uum
1312 4816 1420 4873 nonnisi
1437 4832 1471 4871 ur
1495 4810 1598 4870 solidos
1615 4818 1679 4865 ante
1693 4808 1870 4862 haberemus.
1879 4800 1920 4855 ce

300 4911 427 4981 spitium,
454 4914 557 4971 sanetis
576 4916 742 4989 martyribus
765 4914 940 4973 devotlssime
960 4916 1086 4971 contulit.
1134 4917 1181 4987 jus
1193 4913 1248 4969 loci
1263 4912 1387 4969 reddltus
1400 4910 1435 4965 ad
1449 4923 1500 4963 uros
1515 4906 1684 4977 pertinentes
1698 4898 1849 4955 Fratribus
1861 4892 1921 4949 infr·

299 4998 356 5074 Nos
365 5010 457 5059 autem
471 5011 500 5060 et
513 5005 546 5063 de
557 5006 639 5063 biset
649 5007 812 5064 multisaliis
823 5008 1008 5073 incrementis,
1021 5024 1088 5081 prae-
1138 5008 1190 5065 mis
1202 5024 1234 5064 ει
1245 5006 1354 5077 integro
1368 5001 1545 5058 contutimus,

300 5093 395 5150 sertim
410 5096 540 5151 continua
558 5096 759 5164 sollicitudine,
782 5104 809 5155 et
828 5098 886 5171 jugi
900 5100 1097 5171 providentia,
1448 5086 1563 5147 CAPUT
1578 5086 1613 5143 X.

300 5190 382 5240 ¹0¹¹ae
396 5186 497 5252 custus,
513 5193 540 5243 el
553 5187 706 5257 vinearum,
721 5190 857 5261 majorum
869 5199 897 5247 et
910 5193 1088 5249 servientium
1397 5186 1436 5243 lle
1454 5178 1677 5239 Vultccrisorris.

301 5276 474 5381 ‘elifiimdt‘
486 5282 674 5351 ¹²b³⁰ii³i0¹¹b
687 5282 881 5340 advocatorum
893 5285 975 5341 etiam
989 5301 1089 5357 pravo·
1174 5284 1252 5357 hpud
1265 5280 1372 5339 Vallem
1387 5278 1513 5336 crisonis
1524 5274 1615 5331 villam
1627 5268 1842 5330 aedificavimus,
1855 5266 1923 5321 ercis

302 5382 364 5423 '¹¹¹¹‘
378 5382 561 5442 mmmmm
577 5372 726 5431 ¹⁸s⁶¹¹⁰¹¹d⁰
741 5375 952 5442 infestantium.
967 5393 1017 5449 pru
1033 5393 1088 5449 quo
1139 5372 1208 5435 siam
1219 5385 1246 5433 et
1261 5374 1372 5431 donnum
1387 5368 1592 5428 constituimus,
1604 5370 1632 5419 et
1647 5375 1768 5417 carruca
1781 5368 1880 5415 terram
1890 5356 1922 5407 ir.-

1372 2338 1472 2405 praeter
1485 2327 1605 2385 feodum.
1630 2320 1778 2377 Decimam
1793 2316 1829 2371 de
1849 2310 1919 2367 fendo

300 5458 390 5561 {tulit
399 5460 428 5515 ἰῐι
437 5464 559 5520 nouitate
569 5472 664 5520 nostra
677 5466 780 5523 militiae
792 5469 887 5525 usibus
897 5470 1088 5541 expendimus,
1139 5460 1500 5535 cultamdirumpifeeimus.
1509 5456 1575 5525 Qum
1585 5454 1681 5526 quanti
1689 5452 1795 5509 debeat
1803 5456 1922 5506 constare.

205 5632 210 5643 ,
304 5548 372 5653 ἸΜῩ
384 5566 472 5623 '¹⁸¹⁰‘
484 5550 541 5609 ⁰²⁰
556 5566 694 5615 ³⁰¹¹¹¹0¹¹¹⁰
703 5556 890 5630 perduximus,
905 5568 1006 5617 utcrm
1019 5568 1090 5617 tem
1140 5548 1467 5634 potiuscognoscentqui
1476 5566 1536 5609 eam
1544 5546 1680 5605 edificare
1689 5546 1923 5601 innitentem

303 5641 417 5710 ponens
432 5652 637 5728 antecessorum
656 5658 811 5709 nostrorum
831 5650 930 5711 fratres
947 5654 1035 5711 nostri
1055 5654 1089 5711 ad
1138 5652 1194 5723 jam
1209 5647 1309 5706 ibidem
1321 5646 1379 5707 sint
1394 5644 1451 5702 fere
1464 5642 1500 5701 cc
1513 5638 1648 5713 hospites,
1662 5642 1691 5695 et
1702 5634 1797 5691 adhuc
1810 5632 1924 5689 muttire

306 5742 377 5799 ⁰⁹⁰⁸
390 5733 513 5806 ⁰⁰i¹¹5¹¹²
522 5737 647 5808 tl¹¹⁰lltlic
657 5740 777 5814 quinque
791 5744 893 5803 solidos
906 5745 1007 5803 habere
1025 5762 1091 5803 corr·
1141 5744 1200 5799 nire
1214 5724 1313 5817 eligant
1329 5780 1336 5809 ,
1350 5740 1374 5797 si
1388 5738 1425 5797 'sit
1446 5736 1491 5810 qui
1507 5731 1658 5809 provideat.
1685 5726 1756 5787 Erat
1770 5730 1847 5787 enim
1859 5726 1926 5780 lere
