3967 6334
232 416 267 478 8³
706 401 891 462 ztcttsttlAE
911 394 1213 457 chursorottrnut
1232 391 1388 451 Erlsoort
1823 393 1861 450 84

267 529 353 602 llagrs
367 522 648 599 appropinquantibus
660 519 872 593 lerosolymam,
882 517 1018 590 disparuit
1033 518 1056 575 h
1069 527 1119 584 per
1132 511 1267 584 angelum,
1284 509 1331 566 sed
1344 523 1360 562 a
1373 507 1490 564 Domino
1503 505 1633 564 diuinitus
1648 505 1807 574 edocentur,
1822 524 1860 564 ne

232 621 331 688 stella3
352 619 417 690 quia
431 617 587 689 quicunque
601 613 800 686 appropinquat
814 612 848 666 ad
862 611 1020 684 hypocritas
1071 608 1183 664 redeant
1203 606 1237 662 ad
1259 603 1405 660 Herodem.
1420 600 1542 675 [flictu]
1556 599 1656 673 inquo
1679 600 1858 660 admonemur

230 721 258 771 et
272 710 414 768 haereticos
427 707 474 764 Del
483 708 570 763 lucent
582 705 692 760 amittit.
706 702 908 774 Sedpostquam
919 700 1022 756 recedit
1071 714 1179 754 omnem
1202 698 1363 754 salutemet
1382 709 1458 764 spern
1477 694 1507 748 in
1525 691 1636 751 Christo
1659 693 1761 758 locare,
1780 701 1810 748 et
1823 693 1856 746 al

231 804 326 869 abeis,
338 801 458 858 divinam
467 799 555 855 lucem
570 803 724 868 recuperat,
736 791 913 850 utChristum
928 790 1022 846 credat
1071 793 1168 848 itinere
1183 789 1283 862 prioris
1299 789 1363 844 ritae
1381 786 1528 842 abstinere.
1550 784 1695 859 [Grecos]
1708 783 1763 841 Per
1775 785 1854 840 alian

231 894 265 952 de
289 891 401 965 Virgine
415 898 520 948 natum.
543 886 625 944 Stella
644 888 754 941 domum
774 883 941 946 discernens,
965 897 1022 936 raon
1071 883 1142 939 riam
1158 883 1192 938 ad
1203 881 1341 952 regionem
1352 886 1475 935 nostram
1486 876 1656 949 regredimur
1667 876 1859 942 obediendae

230 981 319 1046 tenuit
333 980 455 1037 sidereas
469 979 545 1046 rias,
563 977 610 1034 sed
626 975 718 1032 domui
733 975 822 1028 vicina
838 973 912 1030 stetit
927 987 1020 1043 supra,
1070 992 1124 1047 qua
1138 973 1317 1031 discessimus
1332 969 1523 1027 inobediendo.

231 1077 363 1142 subaudis
383 1075 475 1134 locum
494 1073 542 1128 ubi
559 1078 618 1131 crat
642 1083 719 1141 puer.
735 1067 799 1124 llac
819 1066 906 1130 stella,
930 1073 959 1121 ut
983 1065 1022 1118 ait
1367 1062 1481 1121 CAPUT
1500 1061 1545 1118 lll.

229 1169 402 1243 Fulgentius,
418 1182 558 1240 nunquam
578 1175 658 1220 antea
677 1161 812 1234 apparuit,
833 1175 914 1232 quarn
934 1159 1021 1229 magis
1107 1159 1229 1226 Quicum
1240 1159 1417 1222 recessissent,
1430 1173 1488 1211 ecce
1499 1154 1606 1227 angelos
1617 1153 1724 1209 Domini
1733 1154 1859 1224 opponit

232 1263 336 1338 praeria
345 1262 539 1334 deputaretur;
554 1258 603 1318 sed
616 1267 682 1314 tunc
697 1263 788 1312 creata
803 1261 856 1320 est,
870 1263 897 1308 ot
911 1261 1022 1324 peraeto
1070 1252 1099 1306 in
1109 1252 1207 1307 corruis
1217 1250 1325 1320 ioseph,
1345 1249 1434 1304 dicerer
1449 1263 1458 1301 .·
1473 1246 1556 1318 Surge
1569 1255 1594 1301 et
1607 1247 1693 1316 deripe
1709 1261 1821 1316 puerum
1835 1259 1859 1300 et

231 1357 319 1414 officio
329 1371 393 1414 mor
402 1369 463 1411 esse
473 1352 563 1413 desiit.
1071 1352 1181 1397 matrem
1194 1342 1262 1412 ejus,
1279 1351 1304 1396 et
1321 1342 1381 1413 iege
1399 1343 1426 1396 in
1443 1338 1599 1411 AEqyptom,
1618 1345 1644 1393 et
1661 1345 1716 1392 erto
1728 1336 1765 1394 tit
1777 1352 1859 1407 esque

271 1448 392 1504 videnter
404 1455 491 1504 autem
507 1443 623 1507 stellam,
642 1441 726 1514 gavisi
741 1446 800 1495 sunt
814 1437 911 1510 gaudio
926 1451 1021 1510 magno
1071 1433 1293 1489 dumdtcamrttt.
1307 1432 1440 1487 Futurum
1450 1440 1489 1487 ert
1499 1431 1580 1496 enim,
1591 1440 1621 1484 att
1634 1427 1862 1500 Heroderqttoerot

229 1539 315 1596 uelde.
330 1537 365 1597 Et
375 1538 506 1592 intrantes
520 1534 638 1598 domurn,
656 1534 816 1593 invenerunt,
835 1543 944 1597 puerum
960 1543 1021 1580 com
1070 1541 1178 1596 puerum
1193 1525 1228 1580 od
1241 1523 1401 1595 perdendum
1413 1540 1483 1579 eom.

230 1630 321 1691 llario
331 1637 416 1684 matre
432 1628 501 1698 ejus.
518 1623 552 1681 Ει
567 1625 740 1695 procidentes,
758 1620 932 1675 odoraverunt
949 1635 1019 1680 eom.
1101 1617 1170 1673 Nota
1180 1617 1253 1688 quod
1268 1617 1451 1687 angeluscum
1460 1609 1847 1684 Mariaedesponsatevtrgint

266 1721 404 1778 intrantes
423 1720 545 1784 domum,
567 1717 595 1774 id
618 1723 671 1782 cst,
693 1716 720 1770 ln
739 1713 919 1778 diversorium
946 1711 1020 1782 quod
1070 1716 1153 1764 taleni
1176 1707 1392 1772 commendaret,
1414 1704 1484 1761 dixit
1500 1703 1535 1760 ad
1553 1701 1674 1775 ioseph:
1690 1701 1755 1758 Noli
1768 1703 1859 1758 timere

230 1813 321 1878 Lucas
336 1818 543 1878 commemorat,
554 1810 716 1866 inuenerunt
725 1821 839 1878 puerum
849 1813 876 1862 et
891 1811 1016 1859 matrem.
1071 1801 1185 1870 occipere
1202 1797 1319 1858 lloriem
1334 1798 1470 1869 conjugem
1483 1805 1566 1852 tuom.
1587 1794 1735 1868 Postquam
1749 1810 1818 1851 rere
1833 1795 1861 1850 in

229 1904 332 1977 loseph
361 1910 454 1960 autem
481 1903 585 1958 idcirco
612 1905 729 1964 tacetur,
760 1898 824 1968 quia
852 1895 957 1956 nullum
984 1893 1019 1950 dc
1036 1874 1214 1965 Bconjugem
1241 1893 1382 1964 recognita
1407 1902 1464 1959 est,
1491 1899 1522 1948 ut
1547 1890 1628 1947 etiam
1661 1888 1729 1961 justi
1756 1886 1861 1958 ioseph

230 1997 326 2054 ollicils
344 1995 377 2051 ad
397 1994 541 2050 nutritium
561 1990 761 2063 pertinentibus
778 1990 1026 2049 commemoratur,
1069 1982 1233 2039 venerabilis
1246 1982 1360 2040 castitas
1374 1981 1621 2048 commendaretur,
1636 1995 1692 2036 non
1702 1993 1773 2035 uxor
1787 1979 1860 2050 ejus,

229 2089 274 2146 rel
296 2086 423 2143 fortassis
442 2101 497 2141 non
515 2083 620 2149 aderat,
641 2097 676 2138 ne
687 2081 766 2136 malae
785 2077 950 2149 suspicionis
969 2091 1018 2131 oc·
1070 2075 1119 2130 sed
1133 2081 1220 2130 mater
1232 2073 1310 2146 pueri
1321 2074 1457 2140 dictaest,
1473 2083 1504 2130 ut
1519 2072 1565 2129 hic
1582 2072 1697 2142 :decipe
1710 2088 1822 2143 puerum
1836 2083 1861 2126 et

228 2178 305 2236 casio
327 2184 409 2235 esset.
429 2175 463 2230 Et
481 2173 655 2248 procidentes
675 2181 730 2228 tam
749 2179 839 2226 monte
857 2183 938 2241 quarn
957 2182 1019 2225 cor·
1069 2176 1181 2222 matrem
1200 2167 1267 2237 ejus.
1293 2166 1446 2226 Etiterum
1466 2165 1628 2223 :devertere
1648 2181 1707 2220 eum
1730 2180 1812 2235 puero
1835 2174 1861 2218 et

227 2286 305 2342 pore,
322 2269 464 2326 humilitci·
477 2266 594 2323 adorant
607 2264 637 2321 in
653 2279 736 2320 carne
749 2261 878 2318 Verbum.
1071 2267 1155 2313 atctre
1177 2259 1244 2329 ejus.
1266 2257 1299 2312 Et
1313 2257 1430 2316 rursum
1438 2257 1467 2313 in
1481 2256 1555 2314 buca
1569 2279 1576 2314 z
1591 2257 1692 2314 Eterot
1710 2255 1820 2329 Joaeplr,
1836 2267 1861 2312 et

265 2361 300 2424 Et
321 2361 420 2432 opertis
446 2359 576 2414 thesauris
599 2358 667 2424 ruis,
687 2355 837 2418 obtulerent
858 2355 881 2410 ei
899 2369 1019 2417 munero,
1070 2350 1862 2425 etormejurAEtquotiescunquepostparlumdeutrcque

230 2470 337 2519 comm,
351 2453 422 2518 tius,
434 2461 459 2507 et
468 2449 613 2523 mgrrlrcm.
1072 2443 1102 2498 tit
1115 2459 1205 2500 sermo
1215 2452 1302 2500 mater
1311 2442 1425 2512 Christi,
1437 2459 1494 2501 non
1506 2460 1575 2501 uxor
1584 2443 1685 2516 loseph
1696 2452 1859 2516 nuncupata

264 2544 390 2620 [Restm]
399 2542 431 2600 ln
443 2557 511 2599 auro
521 2557 625 2614 regem,
637 2541 665 2596 in
675 2539 754 2596 thure
765 2539 861 2606 ileum,
871 2541 899 2594 ln
910 2537 1021 2610 myrrha
1071 2544 1124 2592 est.

229 2639 374 2700 mortalem
395 2635 525 2710 intellige.
553 2637 659 2695 hurum
682 2648 802 2704 namque
823 2631 1019 2695 adtributum,
1107 2629 1159 2697 Qui
1179 2646 1348 2702 consurgene,
1367 2632 1465 2701 occepit
1487 2647 1598 2702 puerum
1620 2638 1646 2685 et
1666 2639 1779 2684 matrem
1802 2629 1860 2698 eise

230 2731 296 2788 thus
310 2729 345 2786 ad
358 2728 535 2795 sacrificium,
551 2728 662 2800 myrrha
675 2725 709 2782 ad
723 2725 888 2798 sepulturam
904 2724 1021 2796 pertinet
1071 2731 1155 2788 noete,
1171 2731 1196 2778 et
1207 2724 1310 2778 recessit
1326 2725 1354 2778 in
1371 2722 1526 2795 AEggptum,
1546 2732 1570 2780 et
1588 2732 1647 2779 erot
1666 2722 1703 2776 idi
1721 2738 1804 2794 usque
1824 2722 1862 2776 od

231 2826 422 2886 mortuorum,
439 2818 505 2890 quia
525 2818 613 2874 solent
628 2817 739 2889 myrrha
757 2815 863 2872 condiri
877 2831 911 2871 ne
925 2822 1020 2887 putre·
1071 2814 1171 2868 obitum
1197 2813 1322 2884 Herodis,
1345 2825 1375 2870 ut
1395 2816 1547 2886 impleretur
1565 2814 1634 2886 quod
1655 2813 1755 2869 dietum
1777 2825 1818 2869 ert
1842 2832 1861 2870 o

232 2918 320 2967 scant.
338 2908 604 2984 [liram-Grecos]
622 2907 714 2964 llabes
727 2909 819 2979 itaque
846 2908 874 2962 ln
900 2907 944 2963 his
964 2921 1021 2962 non
1070 2905 1400 2979 Domiuoperproplretem
1415 2908 1564 2964 dicentem:
1581 2906 1623 2963 lix
1637 2906 1751 2980 AEquta
1769 2911 1862 2963 occari

231 3002 367 3060 modicam
388 3009 623 3058 sacramentorum
642 2999 826 3072 cognitionem
842 3018 849 3052 :
865 2999 892 3053 ln
910 2998 1021 3055 bomine
1071 2998 1157 3066 illlum
1167 3015 1261 3055 neum.

230 3096 340 3164 mortis,
352 3095 381 3151 in
390 3094 447 3153 lico
457 3094 678 3158 resurrectionis,
690 3093 718 3148 in
727 3107 790 3165 rege
799 3091 904 3162 judicii.
914 3090 945 3146 ln
953 3106 1021 3147 auro
1106 3089 1164 3147 lloc
1174 3091 1360 3148 testimoninm
1371 3100 1413 3148 cst
1423 3092 1451 3148 in
1461 3090 1531 3149 Osee
1540 3091 1682 3165 propheta.
1691 3091 1758 3150 Post
1769 3108 1862 3165 mago

231 3199 340 3258 quoque
369 3183 531 3264 sapientiam
559 3183 693 3254 intellige,
724 3189 754 3237 ut
786 3183 824 3237 ait
855 3180 984 3238 Salomon
1011 3201 1019 3237 ε
1071 3198 1133 3240 rum
1152 3199 1292 3241 recessum
1321 3185 1463 3257 impletum
1483 3193 1525 3242 est
1548 3185 1717 3259 purgationis
1732 3193 1860 3258 tempus;

232 3276 382 3338 Tirerourus
401 3275 584 3336 desiderabilia
608 3278 745 3348 requiescit
770 3278 797 3331 in
816 3293 861 3333 ore
882 3280 1018 3347 sapientie.
1071 3287 1099 3336 et
1116 3279 1214 3335 deinde
1241 3278 1342 3352 ioseph
1366 3281 1523 3338 admonitos
1547 3282 1583 3338 ab
1608 3282 1715 3354 angelo,
1737 3281 1809 3354 lugit
1831 3283 1861 3338 in
1961 3334 1962 3349 ,

232 3367 322 3441 (Prot.
345 3369 414 3442 nr).
429 3367 459 3425 ln
478 3370 560 3425 thure
578 3370 705 3426 virtutem
724 3369 868 3436 orationis,
888 3370 1019 3428 utillud:
1073 3367 1220 3441 AEgyptum
1236 3384 1297 3425 cum
1314 3378 1401 3425 matre
1418 3377 1446 3426 ct
1465 3385 1560 3442 puero.
1578 3368 1685 3445 [linum]
1706 3370 1786 3440 Quod
1805 3371 1862 3428 llo-
1961 3388 1962 3413 ι

231 3459 370 3535 Diriqotur
382 3463 469 3518 cretio
480 3478 538 3517 meo
553 3463 622 3517 sicut
635 3462 770 3516 incensum
783 3463 811 3516 iu
824 3471 960 3532 conspeetu
976 3471 1020 3516 tuo
1071 3462 1173 3526 minus,
1195 3478 1231 3518 nc
1247 3461 1428 3528 occideretur,
1449 3463 1573 3520 sublatus
1590 3471 1634 3520 est
1653 3464 1683 3519 in
1697 3463 1859 3537 AEgyptum,

232 3552 319 3626 (Prot.
345 3553 419 3626 cxc).
443 3551 473 3609 ln
503 3555 625 3626 myrrha,
652 3553 772 3624 intellige
800 3561 901 3610 nostrae
929 3554 1021 3611 carnis
1073 3553 1323 3625 significatelectos
1339 3554 1438 3625 saepius
1457 3555 1592 3610 malorum
1612 3555 1787 3627 improbitate
1801 3558 1860 3613 suis

231 3645 482 3702 mortificationem.
494 3644 573 3702 Unde
594 3645 662 3701 illud
677 3665 683 3700 :
699 3643 796 3700 Menos
812 3659 863 3700 tun
879 3645 1022 3703 distillave-
1072 3645 1230 3718 effugandos
1259 3645 1380 3712 sedibus,
1411 3647 1454 3703 rel
1480 3648 1577 3704 exsilio
1600 3647 1780 3706 damnandos.
1807 3649 1861 3705 libi

232 3748 295 3791 rant
317 3725 466 3809 myrrham,
482 3735 572 3808 (Ceret.
594 3736 633 3805 r).
647 3734 769 3810 [limam]
787 3735 910 3809 llystiee,
937 3738 1022 3795 stellae
1073 3739 1155 3795 simul
1164 3740 1319 3810 exemplum
1330 3740 1409 3796 datur
1419 3740 1555 3807 fidelibus,
1570 3759 1605 3800 ne
1615 3741 1740 3800 dubitent
1753 3744 1859 3801 rabiem
1960 3770 1961 3773 ¹

232 3828 562 3901 ortusprimumamagis
571 3829 733 3900 intellectus,
745 3829 848 3885 indicat
858 3839 1022 3903 mergentes
1073 3831 1425 3903 persequentium,quando
1435 3843 1620 3906 opportunum
1630 3835 1861 3895 loerltdeclinare

232 3922 262 3976 in
280 3919 421 3977 Christum
441 3919 603 3976 credituras.
631 3918 715 3977 Stella
736 3921 809 3978 enirn
833 3923 1022 3994 propheticum
1073 3923 1212 3994 fugiendo.
1228 3921 1306 3980 Unde
1324 3924 1391 3982 illud
1406 3945 1414 3981 ι
1429 3925 1497 3981 Cum
1514 3943 1558 3985 vor
1578 3929 1706 3998 perreeoti
1719 3927 1820 3999 fuerint
1832 3931 1861 3984 in

233 4025 388 4068 sermonem
419 4009 525 4068 Christi
551 4018 643 4066 ortum
673 4011 848 4068 conlitentcm
874 4013 1020 4085 significat.
1073 4013 1176 4068 eiubote
1198 4029 1263 4079 ono,
1282 4012 1363 4084 sugite
1382 4015 1410 4068 in
1430 4014 1513 4069 oliam
1539 4013 1702 4089 (Mutilus).
1724 4015 1860 4090 AEgyptus

232 4101 356 4161 llerodes
376 4115 442 4160 rerc
455 4103 595 4160 diabolum
605 4104 663 4175 qul,
678 4105 787 4176 cognita
803 4104 907 4162 Christi
921 4108 1022 4162 nativi·
1073 4107 1269 4179 interpretatur
1287 4105 1410 4173 tenebre,
1429 4114 1457 4163 ct
1478 4106 1577 4180 llgurat
1600 4109 1779 4180 gentilitatem
1797 4128 1862 4182 pec-.
1959 4146 1960 4175 3

233 4204 300 4263 tate,
313 4195 488 4270 persequitur
501 4211 564 4252 eum
578 4196 606 4253 in
621 4196 751 4255 membris
767 4197 835 4253 suis.
847 4196 937 4269 liquo
949 4199 1022 4271 magi
1073 4197 1142 4254 catis
1168 4198 1353 4254 tenebrosam.
1381 4196 1522 4273 [hicnon]
1552 4197 1653 4270 ioseph
1677 4214 1743 4255 vero
1770 4202 1861 4272 typice

232 4295 359 4362 pergunt,
374 4289 440 4344 dum
459 4291 492 4344 ab
509 4288 663 4345 idololatria
679 4296 772 4361 gentes
791 4290 931 4356 recedunt,
946 4291 1022 4346 etad
1074 4291 1259 4368 apostolorum
1269 4290 1859 4362 habetspeciem.quibusChristuscreditus

232 4382 342 4439 domurn
361 4382 457 4452 inqua
477 4379 605 4439 Christus
626 4389 678 4449 est,
693 4381 721 4436 id
740 4391 782 4438 cst
802 4382 837 4437 ad
858 4383 1022 4439 catholicam
1073 4391 1116 4440 est
1125 4381 1368 4439 circumferendus.
1381 4381 1552 4456 [Broulldst
1561 4396 1627 4454 ergo
1638 4397 1754 4455 puerum
1766 4381 1859 4439 lesum

232 4473 383 4530 Ecclesiam
399 4474 570 4545 perveniunt.
585 4473 615 4529 ln
628 4490 710 4546 qnam
721 4491 770 4546 per
782 4474 860 4532 iidem
876 4477 1020 4543 intrantes,
1074 4483 1101 4532 ct
1114 4482 1230 4530 matrem
1240 4474 1300 4546 ejus
1311 4490 1360 4547 per
1377 4473 1478 4544 ioseph
1499 4474 1528 4529 in
1542 4473 1689 4547 AEgyptum
1703 4473 1858 4540 transferri,

233 4567 376 4623 inveniunt
395 4565 536 4622 Christum
555 4581 620 4622 cum
636 4565 719 4622 llaria
733 4573 821 4623 matre
834 4567 904 4638 ejus.
921 4567 1023 4624 Christi
1038 4594 1060 4648 D
1074 4565 1155 4622 lldcm
1172 4564 1320 4621 Dominlcae
1340 4565 1538 4620 incarnationis
1552 4571 1580 4620 et
1592 4563 1722 4620 Ecclesia
1743 4563 1859 4619 societa-
1958 4560 1959 4581 ¹

233 4667 321 4715 mater
335 4657 494 4730 intelligitur
510 4657 627 4713 fidelium
641 4658 769 4722 societas,
786 4661 814 4713 ln
824 4673 877 4715 ona
896 4658 1023 4718 Christus
1075 4664 1129 4711 tem
1143 4670 1192 4726 per
1205 4655 1332 4712 doctores
1346 4662 1457 4711 sanctos
1475 4655 1602 4727 gentibus
1621 4654 1765 4710 committi.
1783 4653 1860 4722 Quod

232 4765 284 4830 per
294 4748 374 4805 lldcm
383 4749 496 4804 habitat.
508 4747 618 4820 Apertis
629 4748 775 4816 thesauris,
785 4750 811 4804 id
822 4757 863 4806 est
871 4751 1025 4808 litterarum
1073 4753 1150 4803 erant
1168 4747 1197 4801 in
1216 4745 1335 4818 AEgypto
1349 4762 1436 4819 usque
1449 4747 1485 4802 ad
1496 4747 1599 4803 obitum
1618 4747 1701 4818 regis,
1724 4746 1860 4819 Sltssiflffl‘

232 4841 344 4922 peritia,
360 4841 517 4906 obtulerunt
531 4841 556 4898 ei
569 4847 680 4897 terrena
694 4857 818 4910 munera,
835 4844 940 4900 scilicet
954 4847 1025 4918 phy.
1074 4837 1154 4895 lldcm
1167 4839 1271 4894 Christi
1285 4840 1313 4894 in
1328 4840 1455 4911 gentibus
1477 4854 1646 4905 mansuram,
1667 4838 1756 4895 donec
1774 4838 1859 4910 pleni-

234 4936 330 5002 sicam,
342 4935 470 5008 logicam,
486 4935 616 5000 ethicam,
632 4936 674 4992 rel
686 4935 839 5003 historiam,
855 4937 1022 5008 allegoriam,
1074 4932 1141 4988 tudo
1154 4947 1249 4988 earum
1262 4931 1389 4998 introeat,
1403 4932 1482 4989 etsie
1494 4930 1578 4988 lsrael
1591 4929 1639 4986 fiat
1649 4930 1752 4987 salvus.
1764 4929 1858 4985 Obitus
1957 4958 1958 4969 .

234 5025 426 5100 tropologiam,
443 5026 486 5083 rel
509 5034 612 5082 sanctae
626 5025 768 5083 Trinitatis
794 5026 884 5086 fidem.
909 5028 1024 5086 Nomina
1074 5025 1175 5097 quippe
1198 5022 1325 5090 Herodis,
1349 5025 1497 5081 terminum
1521 5023 1681 5080 intentionis
1705 5021 1856 5085 malitiose,

234 5118 318 5182 trium
327 5132 469 5190 magorum
477 5115 580 5183 Graece,
589 5117 721 5194 Apellius,
730 5118 855 5187 amerus,
862 5118 1022 5176 Damascus.
1075 5131 1128 5188 qua
1141 5130 1216 5171 nunc
1232 5126 1327 5173 contra
1342 5116 1493 5173 Ecclesiam
1511 5115 1604 5172 iudea
1624 5115 1712 5181 serit,
1727 5114 1855 5172 insinuat.

234 5205 357 5278 hpellius
374 5205 570 5277 interpretatur
582 5206 678 5278 fidelis,
698 5206 814 5264 hmerus
834 5208 950 5276 homilis,
971 5210 1025 5265 lla-
1074 5207 1160 5264 Nocte
1187 5223 1255 5280 puer
1276 5209 1392 5274 tollitur,
1416 5208 1565 5264 incredulis
1582 5223 1598 5262 a
1618 5207 1719 5279 quihus
1745 5205 1855 5271 recedit,

235 5311 347 5364 presens
371 5297 529 5354 misericors.
557 5297 691 5355 llebraica
718 5299 810 5372 lingua
833 5301 923 5356 vocati
948 5309 1023 5366 sunt,
1075 5301 1236 5372 ignorantiae
1244 5310 1353 5358 noctem
1367 5299 1612 5372 relinquensilum
1622 5313 1687 5356 vero
1701 5298 1855 5360 revertitur,

236 5389 383 5463 Magalath,
398 5389 550 5465 Calgalath,
567 5390 690 5449 Saracln.
707 5391 842 5464 hlagalath
862 5394 1025 5466 interprete·
1074 5393 1150 5448 nulla
1166 5398 1257 5449 noctis
1276 5393 1378 5449 mentio
1393 5392 1432 5458 dt,
1451 5392 1516 5464 quia
1530 5393 1559 5448 in
1580 5391 1634 5448 fine
1655 5389 1854 5454 nonottnoat,

236 5485 413 5553 turbantius,
429 5484 571 5558 Calgalath
587 5485 705 5554 devotos,
727 5485 841 5542 Saracin
855 5490 952 5560 qratia.
1076 5489 1162 5543 lucem
1185 5487 1246 5543 lldei
1266 5485 1384 5543 llaenoch
1402 5493 1430 5542 et
1443 5485 1502 5542 Elia
1524 5487 1748 5559 predicantibus,
1768 5487 1854 5543 susci·

274 5575 306 5631 Ει
319 5595 439 5660 responso
450 5589 554 5642 accepto
564 5581 592 5634 in
602 5581 712 5646 romnis,
723 5597 755 5635 ne
765 5579 878 5636 redirent
892 5580 927 5635 od
940 5579 1026 5636 llcro·
1075 5576 1190 5647 pientes,
1208 5579 1441 5635 illuminabuntur.

236 5669 305 5735 derat,
321 5686 366 5752 per
382 5671 463 5726 ollem
477 5675 545 5728 riom
564 5675 658 5728 reuersi
672 5683 733 5727 runt
748 5673 775 5727 in
789 5674 919 5744 reqionem
936 5689 1023 5728 suom.
1380 5669 1494 5728 CAPUT
1513 5670 1546 5727 X.

273 5759 533 5837 [Raram-limnas]
557 5762 606 5820 Pio
629 5763 728 5820 all'ectu
748 5765 938 5822 desiderantes
957 5765 1025 5836 quid
1112 5763 1183 5816 Tunc
1198 5760 1314 5820 llerodes
1329 5763 1435 5833 ridens,
1457 5765 1520 5822 uuio
1542 5762 1637 5819 illusus
1650 5768 1718 5818 esset
1732 5779 1749 5816 o
1763 5759 1851 5834 megia,
1955 5762 1956 5773 ¹

238 5851 328 5923 lirina
339 5855 447 5938 juberet
470 5857 608 5927 voluntas,
623 5857 760 5930 accipiunt
783 5873 946 5930 responsum
968 5871 1025 5916 non
1074 5856 1160 5911 iretur
1171 5852 1295 5910 ateatde
