<?xml version="1.0" encoding="UTF-8"?>
<!DOCTYPE html PUBLIC "-//W3C//DTD XHTML 1.0 Transitional//EN"
    "http://www.w3.org/TR/xhtml1/DTD/xhtml1-transitional.dtd">
<html xmlns="http://www.w3.org/1999/xhtml" xml:lang="en" lang="en">
 <head>
  <title>
</title>
<meta http-equiv="Content-Type" content="text/html;charset=utf-8" />
  <meta name='ocr-system' content='tesseract 3.04.00' />
  <meta name='ocr-capabilities' content='ocr_page ocr_carea ocr_par ocr_line ocrx_word'/>
</head>
<body>
  <div class='ocr_page' id='page_1' title='image "./patrologiaecurs141migngoog/patrologiaecurs141migngoog_0407.png"; bbox 0 0 3967 6334; ppageno 0'>
   <div class='ocr_carea' id='block_1_1' title="bbox 137 301 1779 382">
    <p class='ocr_par' dir='ltr' id='par_1_1' title="bbox 137 301 1779 382">
     <span class='ocr_line' id='line_1_1' title="bbox 137 301 1779 382; baseline 0.007 -22"><span class='ocrx_word' id='word_1_1' title='bbox 137 301 196 360; x_wconf 72' lang='grc'><strong>808</strong></span> <span class='ocrx_word' id='word_1_2' title='bbox 621 308 890 367; x_wconf 67' lang='lat' dir='ltr'><strong>sensualitatis</strong></span> <span class='ocrx_word' id='word_1_3' title='bbox 909 307 1001 365; x_wconf 70' lang='lat' dir='ltr'><strong>eloai</strong></span> <span class='ocrx_word' id='word_1_4' title='bbox 1015 308 1161 368; x_wconf 83' lang='lat' dir='ltr'><strong>0CTO.-</strong></span> <span class='ocrx_word' id='word_1_5' title='bbox 1179 311 1245 370; x_wconf 74' lang='grc' dir='ltr'><strong>ΗΒ.</strong></span> <span class='ocrx_word' id='word_1_6' title='bbox 1264 310 1305 370; x_wconf 83' lang='lat' dir='ltr'><strong>lv.</strong></span> <span class='ocrx_word' id='word_1_7' title='bbox 1725 323 1779 382; x_wconf 72' lang='lat' dir='ltr'><strong>8oe</strong></span> 
     </span>
    </p>
   </div>
   <div class='ocr_carea' id='block_1_2' title="bbox 132 420 1778 867">
    <p class='ocr_par' dir='ltr' id='par_1_2' title="bbox 136 420 1778 591">
     <span class='ocr_line' id='line_1_2' title="bbox 136 420 1778 503; baseline 0.012 -28"><span class='ocrx_word' id='word_1_8' title='bbox 136 420 295 477; x_wconf 66' lang='lat' dir='ltr'><strong>atrocitatis</strong></span> <span class='ocrx_word' id='word_1_9' title='bbox 311 420 403 494; x_wconf 70' lang='lat' dir='ltr'><strong>(loun.</strong></span> <span class='ocrx_word' id='word_1_10' title='bbox 417 438 438 493; x_wconf 91' lang='grc' dir='ltr'><strong>ι,</strong></span> <span class='ocrx_word' id='word_1_11' title='bbox 448 424 506 497; x_wconf 82' lang='lat' dir='ltr'><strong>ll),</strong></span> <span class='ocrx_word' id='word_1_12' title='bbox 515 423 691 499; x_wconf 84' lang='lat' dir='ltr'><strong>Euangelium</strong></span> <span class='ocrx_word' id='word_1_13' title='bbox 704 444 761 485; x_wconf 89' lang='lat' dir='ltr'><strong>non</strong></span> <span class='ocrx_word' id='word_1_14' title='bbox 773 436 855 486; x_wconf 89' lang='lat' dir='ltr'><strong>tacet.</strong></span> <span class='ocrx_word' id='word_1_15' title='bbox 867 428 937 486; x_wconf 83' lang='lat' dir='ltr'><strong>Gra·</strong></span> <span class='ocrx_word' id='word_1_16' title='bbox 949 433 972 491; x_wconf 78' lang='grc' dir='ltr'><strong>Α</strong></span> <span class='ocrx_word' id='word_1_17' title='bbox 985 435 1032 484; x_wconf 93' lang='lat' dir='ltr'><strong>tur</strong></span> <span class='ocrx_word' id='word_1_18' title='bbox 1042 427 1118 486; x_wconf 80' lang='lat' dir='ltr'><strong>ileo?</strong></span> <span class='ocrx_word' id='word_1_19' title='bbox 1131 427 1208 496; x_wconf 80' lang='lat' dir='ltr'><strong>Quod</strong></span> <span class='ocrx_word' id='word_1_20' title='bbox 1224 430 1247 486; x_wconf 90' lang='lat' dir='ltr'><strong>si</strong></span> <span class='ocrx_word' id='word_1_21' title='bbox 1259 431 1296 486; x_wconf 86' lang='lat' dir='ltr'><strong>ita</strong></span> <span class='ocrx_word' id='word_1_22' title='bbox 1308 438 1361 497; x_wconf 99' lang='grc' dir='ltr'>εει,</span> <span class='ocrx_word' id='word_1_23' title='bbox 1370 433 1507 503; x_wconf 90' lang='lat' dir='ltr'><strong>quomodo</strong></span> <span class='ocrx_word' id='word_1_24' title='bbox 1518 434 1607 490; x_wconf 91' lang='lat' dir='ltr'><strong>minor</strong></span> <span class='ocrx_word' id='word_1_25' title='bbox 1618 430 1778 500; x_wconf 72' lang='grc' dir='ltr'>ὒεοεεειιιι-</span> 
     </span>
     <span class='ocr_line' id='line_1_3' title="bbox 137 515 1778 591; baseline 0.009 -21"><span class='ocrx_word' id='word_1_26' title='bbox 137 515 178 571; x_wconf 88' lang='lat' dir='ltr'><strong>tia</strong></span> <span class='ocrx_word' id='word_1_27' title='bbox 185 515 323 571; x_wconf 88' lang='lat' dir='ltr'><strong>nimirum</strong></span> <span class='ocrx_word' id='word_1_28' title='bbox 336 523 391 582; x_wconf 87' lang='lat' dir='ltr'><strong>est,</strong></span> <span class='ocrx_word' id='word_1_29' title='bbox 402 515 507 572; x_wconf 88' lang='lat' dir='ltr'><strong>bonum</strong></span> <span class='ocrx_word' id='word_1_30' title='bbox 518 518 605 590; x_wconf 89' lang='lat' dir='ltr'><strong>gratis</strong></span> <span class='ocrx_word' id='word_1_31' title='bbox 617 519 722 577; x_wconf 90' lang='lat' dir='ltr'><strong>datum.</strong></span> <span class='ocrx_word' id='word_1_32' title='bbox 984 521 1050 577; x_wconf 91' lang='lat' dir='ltr'><strong>dum</strong></span> <span class='ocrx_word' id='word_1_33' title='bbox 1064 519 1148 577; x_wconf 90' lang='lat' dir='ltr'><strong>illud:</strong></span> <span class='ocrx_word' id='word_1_34' title='bbox 1165 519 1255 576; x_wconf 82' lang='lat' dir='ltr'><strong>liiner</strong></span> <span class='ocrx_word' id='word_1_35' title='bbox 1268 520 1351 577; x_wconf 85' lang='lat' dir='ltr'><strong>Putre</strong></span> <span class='ocrx_word' id='word_1_36' title='bbox 1362 525 1503 578; x_wconf 85' lang='lat' dir='ltr'><strong>secundum</strong></span> <span class='ocrx_word' id='word_1_37' title='bbox 1512 525 1712 587; x_wconf 75' lang='lat' dir='ltr'><strong>humanitatem.</strong></span> <span class='ocrx_word' id='word_1_38' title='bbox 1722 532 1778 591; x_wconf 82' lang='lat' dir='ltr'><strong>Sed</strong></span> 
     </span>
    </p>

    <p class='ocr_par' dir='ltr' id='par_1_3' title="bbox 132 605 1777 867">
     <span class='ocr_line' id='line_1_4' title="bbox 174 605 1777 685; baseline 0.012 -25"><span class='ocrx_word' id='word_1_39' title='bbox 174 605 341 663; x_wconf 82' lang='lat' dir='ltr'><strong>Dicemusue</strong></span> <span class='ocrx_word' id='word_1_40' title='bbox 353 609 591 680; x_wconf 86' lang='lat' dir='ltr'><strong>ergoquodquam</strong></span> <span class='ocrx_word' id='word_1_41' title='bbox 599 619 708 683; x_wconf 88' lang='lat' dir='ltr'><strong>potens,</strong></span> <span class='ocrx_word' id='word_1_42' title='bbox 718 626 801 684; x_wconf 90' lang='lat' dir='ltr'><strong>quam</strong></span> <span class='ocrx_word' id='word_1_43' title='bbox 813 611 933 684; x_wconf 87' lang='lat' dir='ltr'><strong>sapiens,</strong></span> <span class='ocrx_word' id='word_1_44' title='bbox 983 621 1213 685; x_wconf 87' lang='lat' dir='ltr'><strong>quantuscunque</strong></span> <span class='ocrx_word' id='word_1_45' title='bbox 1234 620 1287 678; x_wconf 90' lang='grc' dir='ltr'>εει,</span> <span class='ocrx_word' id='word_1_46' title='bbox 1312 614 1490 673; x_wconf 89' lang='lat' dir='ltr'><strong>nibilominus</strong></span> <span class='ocrx_word' id='word_1_47' title='bbox 1505 625 1596 674; x_wconf 82' lang='lat' dir='ltr'><strong>tamen</strong></span> <span class='ocrx_word' id='word_1_48' title='bbox 1610 620 1692 676; x_wconf 90' lang='lat' dir='ltr'><strong>bomo</strong></span> <span class='ocrx_word' id='word_1_49' title='bbox 1707 624 1777 681; x_wconf 91' lang='lat' dir='ltr'><strong>inle-</strong></span> 
     </span>
     <span class='ocr_line' id='line_1_5' title="bbox 133 698 1777 781; baseline 0.013 -29"><span class='ocrx_word' id='word_1_50' title='bbox 133 705 328 770; x_wconf 88' lang='lat' dir='ltr'><strong>quantumque</strong></span> <span class='ocrx_word' id='word_1_51' title='bbox 338 699 428 756; x_wconf 90' lang='lat' dir='ltr'><strong>bonus</strong></span> <span class='ocrx_word' id='word_1_52' title='bbox 435 707 478 756; x_wconf 92' lang='grc' dir='ltr'><strong>εει</strong></span> <span class='ocrx_word' id='word_1_53' title='bbox 485 698 569 768; x_wconf 85' lang='grc' dir='ltr'>1)ειιε,</span> <span class='ocrx_word' id='word_1_54' title='bbox 578 709 634 756; x_wconf 87' lang='lat' dir='ltr'><strong>tam</strong></span> <span class='ocrx_word' id='word_1_55' title='bbox 643 717 752 775; x_wconf 90' lang='lat' dir='ltr'><strong>quoque</strong></span> <span class='ocrx_word' id='word_1_56' title='bbox 761 711 935 777; x_wconf 89' lang='lat' dir='ltr'><strong>potenstam·</strong></span> <span class='ocrx_word' id='word_1_57' title='bbox 982 704 1042 759; x_wconf 89' lang='lat' dir='ltr'><strong>rior</strong></span> <span class='ocrx_word' id='word_1_58' title='bbox 1060 711 1103 759; x_wconf 92' lang='lat' dir='ltr'><strong>est</strong></span> <span class='ocrx_word' id='word_1_59' title='bbox 1127 701 1194 768; x_wconf 82' lang='lat' dir='ltr'><strong>oco,</strong></span> <span class='ocrx_word' id='word_1_60' title='bbox 1213 703 1328 760; x_wconf 88' lang='lat' dir='ltr'><strong>inlerior</strong></span> <span class='ocrx_word' id='word_1_61' title='bbox 1342 706 1435 777; x_wconf 85' lang='lat' dir='ltr'><strong>ulique</strong></span> <span class='ocrx_word' id='word_1_62' title='bbox 1446 717 1498 774; x_wconf 91' lang='grc' dir='ltr'>εει,</span> <span class='ocrx_word' id='word_1_63' title='bbox 1513 711 1642 781; x_wconf 90' lang='lat' dir='ltr'><strong>quoniam</strong></span> <span class='ocrx_word' id='word_1_64' title='bbox 1663 729 1777 774; x_wconf 86' lang='lat' dir='ltr'><strong>munero</strong></span> 
     </span>
     <span class='ocr_line' id='line_1_6' title="bbox 132 791 1243 867; baseline 0.005 -22"><span class='ocrx_word' id='word_1_65' title='bbox 132 806 191 863; x_wconf 88' lang='lat' dir='ltr'><strong>que</strong></span> <span class='ocrx_word' id='word_1_66' title='bbox 205 791 327 863; x_wconf 87' lang='lat' dir='ltr'><strong>sapiens,</strong></span> <span class='ocrx_word' id='word_1_67' title='bbox 341 798 447 848; x_wconf 89' lang='lat' dir='ltr'><strong>tantum</strong></span> <span class='ocrx_word' id='word_1_68' title='bbox 457 800 485 849; x_wconf 90' lang='lat' dir='ltr'><strong>et</strong></span> <span class='ocrx_word' id='word_1_69' title='bbox 496 793 586 850; x_wconf 90' lang='lat' dir='ltr'><strong>bonus</strong></span> <span class='ocrx_word' id='word_1_70' title='bbox 596 793 633 852; x_wconf 90' lang='lat' dir='ltr'><strong>sit</strong></span> <span class='ocrx_word' id='word_1_71' title='bbox 642 794 725 851; x_wconf 90' lang='lat' dir='ltr'><strong>bomo</strong></span> <span class='ocrx_word' id='word_1_72' title='bbox 734 795 863 867; x_wconf 89' lang='lat' dir='ltr'><strong>quoniam</strong></span> <span class='ocrx_word' id='word_1_73' title='bbox 871 795 936 851; x_wconf 87' lang='lat' dir='ltr'><strong>uni·</strong></span> <span class='ocrx_word' id='word_1_74' title='bbox 984 794 1033 851; x_wconf 88' lang='lat' dir='ltr'><strong>Dei</strong></span> <span class='ocrx_word' id='word_1_75' title='bbox 1049 803 1137 850; x_wconf 88' lang='lat' dir='ltr'><strong>lotum</strong></span> <span class='ocrx_word' id='word_1_76' title='bbox 1152 795 1243 852; x_wconf 88' lang='lat' dir='ltr'><strong>babet.</strong></span> 
     </span>
    </p>
   </div>
   <div class='ocr_carea' id='block_1_3' title="bbox 135 1027 1757 1074">
    <p class='ocr_par' dir='ltr' id='par_1_4' title="bbox 135 1027 1757 1074">
     <span class='ocr_line' id='line_1_7' title="bbox 135 1027 1757 1074; baseline 0.005 -22"><span class='ocrx_word' id='word_1_77' title='bbox 135 1027 1757 1074; x_wconf 49' lang='grc' dir='ltr'><strong>Ἣ,-</strong></span> 
     </span>
    </p>
   </div>
   <div class='ocr_carea' id='block_1_4' title="bbox 696 1213 1202 1321">
    <p class='ocr_par' dir='ltr' id='par_1_5' title="bbox 696 1213 1202 1321">
     <span class='ocr_line' id='line_1_8' title="bbox 696 1213 1202 1321; baseline 0.006 -14"><span class='ocrx_word' id='word_1_78' title='bbox 696 1216 877 1308; x_wconf 83' lang='lat' dir='ltr'>LIBER</span> <span class='ocrx_word' id='word_1_79' title='bbox 912 1213 1202 1321; x_wconf 73' lang='lat' dir='ltr'><strong>polulus,</strong></span> 
     </span>
    </p>
   </div>
   <div class='ocr_carea' id='block_1_5' title="bbox 110 1557 1771 5596">
    <p class='ocr_par' dir='ltr' id='par_1_6' title="bbox 240 1557 1771 1734">
     <span class='ocr_line' id='line_1_9' title="bbox 349 1557 1771 1634; baseline 0.003 -16"><span class='ocrx_word' id='word_1_80' title='bbox 349 1561 430 1634; x_wconf 72' lang='lat'><strong>126</strong></span> <span class='ocrx_word' id='word_1_81' title='bbox 442 1557 558 1619; x_wconf 76' lang='lat' dir='ltr'>CAPUT</span> <span class='ocrx_word' id='word_1_82' title='bbox 566 1557 712 1616; x_wconf 73' lang='lat' dir='ltr'><strong>ammom.</strong></span> <span class='ocrx_word' id='word_1_83' title='bbox 978 1557 1106 1614; x_wconf 83' lang='lat' dir='ltr'><strong>habiliter</strong></span> <span class='ocrx_word' id='word_1_84' title='bbox 1125 1559 1298 1630; x_wconf 78' lang='lat' dir='ltr'>obsequitur,</span> <span class='ocrx_word' id='word_1_85' title='bbox 1318 1559 1375 1631; x_wconf 89' lang='lat' dir='ltr'><strong>qui,</strong></span> <span class='ocrx_word' id='word_1_86' title='bbox 1399 1567 1429 1615; x_wconf 90' lang='lat' dir='ltr'><strong>ut</strong></span> <span class='ocrx_word' id='word_1_87' title='bbox 1446 1561 1484 1615; x_wconf 90' lang='lat' dir='ltr'><strong>ait</strong></span> <span class='ocrx_word' id='word_1_88' title='bbox 1503 1560 1663 1634; x_wconf 77' lang='lat' dir='ltr'><strong>Scriptura:</strong></span> <span class='ocrx_word' id='word_1_89' title='bbox 1679 1563 1771 1623; x_wconf 84' lang='lat' dir='ltr'><strong>Potest</strong></span> 
     </span>
     <span class='ocr_line' id='line_1_10' title="bbox 240 1649 1768 1734; baseline 0.005 -26"><span class='ocrx_word' id='word_1_90' title='bbox 240 1652 359 1708; x_wconf 77' lang='lat' dir='ltr'><strong>Factum</strong></span> <span class='ocrx_word' id='word_1_91' title='bbox 372 1651 488 1708; x_wconf 67' lang='lat' dir='ltr'><strong>duetore</strong></span> <span class='ocrx_word' id='word_1_92' title='bbox 504 1654 645 1729; x_wconf 76' lang='lat' dir='ltr'><strong>miserest</strong></span> <span class='ocrx_word' id='word_1_93' title='bbox 659 1650 818 1707; x_wconf 81' lang='lat' dir='ltr'><strong>omnimode.</strong></span> <span class='ocrx_word' id='word_1_94' title='bbox 978 1649 1127 1720; x_wconf 83' lang='lat' dir='ltr'><strong>transgredi</strong></span> <span class='ocrx_word' id='word_1_95' title='bbox 1141 1661 1165 1705; x_wconf 86' lang='lat' dir='ltr'><strong>et</strong></span> <span class='ocrx_word' id='word_1_96' title='bbox 1180 1667 1233 1706; x_wconf 85' lang='lat' dir='ltr'><strong>nos</strong></span> <span class='ocrx_word' id='word_1_97' title='bbox 1246 1659 1286 1706; x_wconf 84' lang='lat' dir='ltr'><strong>est</strong></span> <span class='ocrx_word' id='word_1_98' title='bbox 1298 1660 1479 1724; x_wconf 81' lang='lat' dir='ltr'><strong>transgressus</strong></span> <span class='ocrx_word' id='word_1_99' title='bbox 1500 1651 1594 1726; x_wconf 78' lang='lat' dir='ltr'><strong>(Eucti.</strong></span> <span class='ocrx_word' id='word_1_100' title='bbox 1610 1672 1675 1712; x_wconf 79' lang='lat' dir='ltr'><strong>xxxa</strong></span> <span class='ocrx_word' id='word_1_101' title='bbox 1689 1699 1697 1724; x_wconf 89' lang='lat'><strong>,</strong></span> <span class='ocrx_word' id='word_1_102' title='bbox 1713 1659 1768 1734; x_wconf 77' lang='lat' dir='ltr'><strong>lo).</strong></span> 
     </span>
    </p>

    <p class='ocr_par' dir='ltr' id='par_1_7' title="bbox 117 1739 1771 4026">
     <span class='ocr_line' id='line_1_11' title="bbox 164 1739 1770 1817; baseline 0.004 -17"><span class='ocrx_word' id='word_1_103' title='bbox 164 1742 269 1802; x_wconf 74' lang='lat' dir='ltr'><strong>Verum</strong></span> <span class='ocrx_word' id='word_1_104' title='bbox 284 1746 309 1802; x_wconf 91' lang='lat' dir='ltr'><strong>si</strong></span> <span class='ocrx_word' id='word_1_105' title='bbox 322 1745 506 1816; x_wconf 90' lang='lat' dir='ltr'><strong>incongruum</strong></span> <span class='ocrx_word' id='word_1_106' title='bbox 527 1745 581 1801; x_wconf 90' lang='lat' dir='ltr'><strong>hoc</strong></span> <span class='ocrx_word' id='word_1_107' title='bbox 592 1760 703 1817; x_wconf 92' lang='lat' dir='ltr'><strong>quoque</strong></span> <span class='ocrx_word' id='word_1_108' title='bbox 716 1752 770 1811; x_wconf 90' lang='grc' dir='ltr'>εει,</span> <span class='ocrx_word' id='word_1_109' title='bbox 787 1750 819 1800; x_wconf 92' lang='lat' dir='ltr'><strong>ut</strong></span> <span class='ocrx_word' id='word_1_110' title='bbox 834 1743 925 1816; x_wconf 90' lang='lat' dir='ltr'><strong>quoli·</strong></span> <span class='ocrx_word' id='word_1_111' title='bbox 979 1739 1084 1798; x_wconf 76' lang='grc' dir='ltr'>Βειιιιε</span> <span class='ocrx_word' id='word_1_112' title='bbox 1094 1742 1186 1814; x_wconf 87' lang='lat' dir='ltr'><strong>itaque</strong></span> <span class='ocrx_word' id='word_1_113' title='bbox 1203 1743 1303 1808; x_wconf 85' lang='lat' dir='ltr'><strong>omnis,</strong></span> <span class='ocrx_word' id='word_1_114' title='bbox 1319 1744 1518 1814; x_wconf 88' lang='lat' dir='ltr'><strong>quantumlibet</strong></span> <span class='ocrx_word' id='word_1_115' title='bbox 1532 1747 1559 1801; x_wconf 93' lang='lat' dir='ltr'><strong>in</strong></span> <span class='ocrx_word' id='word_1_116' title='bbox 1579 1747 1709 1806; x_wconf 88' lang='lat' dir='ltr'><strong>seruitute</strong></span> <span class='ocrx_word' id='word_1_117' title='bbox 1722 1749 1770 1806; x_wconf 92' lang='lat' dir='ltr'><strong>de·</strong></span> 
     </span>
     <span class='ocr_line' id='line_1_12' title="bbox 124 1834 1771 1909; baseline 0.001 -15"><span class='ocrx_word' id='word_1_118' title='bbox 124 1837 176 1894; x_wconf 89' lang='lat' dir='ltr'><strong>bet</strong></span> <span class='ocrx_word' id='word_1_119' title='bbox 185 1837 269 1893; x_wconf 92' lang='lat' dir='ltr'><strong>modo</strong></span> <span class='ocrx_word' id='word_1_120' title='bbox 280 1835 390 1892; x_wconf 81' lang='lat' dir='ltr'><strong>Factori</strong></span> <span class='ocrx_word' id='word_1_121' title='bbox 400 1835 506 1892; x_wconf 86' lang='lat' dir='ltr'><strong>iactura</strong></span> <span class='ocrx_word' id='word_1_122' title='bbox 519 1836 712 1909; x_wconf 76' lang='lat' dir='ltr'><strong>aequiparetur,</strong></span> <span class='ocrx_word' id='word_1_123' title='bbox 728 1835 925 1902; x_wconf 60' lang='lat' dir='ltr'><strong>necilleibomo</strong></span> <span class='ocrx_word' id='word_1_124' title='bbox 939 1853 961 1909; x_wconf 77' lang='lat' dir='ltr'><strong>g</strong></span> <span class='ocrx_word' id='word_1_125' title='bbox 976 1843 1068 1898; x_wconf 80' lang='lat' dir='ltr'><strong>votus,</strong></span> <span class='ocrx_word' id='word_1_126' title='bbox 1086 1834 1164 1906; x_wconf 75' lang='lat'><strong>127</strong></span> <span class='ocrx_word' id='word_1_127' title='bbox 1179 1835 1216 1890; x_wconf 92' lang='lat' dir='ltr'><strong>ita</strong></span> <span class='ocrx_word' id='word_1_128' title='bbox 1231 1835 1373 1907; x_wconf 88' lang='lat' dir='ltr'><strong>utiqueest</strong></span> <span class='ocrx_word' id='word_1_129' title='bbox 1386 1835 1486 1902; x_wconf 79' lang='lat' dir='ltr'><strong>bonus,</strong></span> <span class='ocrx_word' id='word_1_130' title='bbox 1498 1845 1529 1892; x_wconf 90' lang='lat' dir='ltr'><strong>ut</strong></span> <span class='ocrx_word' id='word_1_131' title='bbox 1541 1839 1629 1909; x_wconf 84' lang='lat' dir='ltr'><strong>possit</strong></span> <span class='ocrx_word' id='word_1_132' title='bbox 1639 1855 1701 1896; x_wconf 89' lang='lat' dir='ltr'><strong>esse</strong></span> <span class='ocrx_word' id='word_1_133' title='bbox 1715 1856 1771 1896; x_wconf 87' lang='lat' dir='ltr'><strong>ma-</strong></span> 
     </span>
     <span class='ocr_line' id='line_1_13' title="bbox 123 1925 1767 2002; baseline 0.001 -18"><span class='ocrx_word' id='word_1_134' title='bbox 123 1931 238 2002; x_wconf 88' lang='lat' dir='ltr'><strong>qninos</strong></span> <span class='ocrx_word' id='word_1_135' title='bbox 247 1929 373 1995; x_wconf 87' lang='lat' dir='ltr'><strong>redemit,</strong></span> <span class='ocrx_word' id='word_1_136' title='bbox 385 1929 515 2002; x_wconf 86' lang='lat' dir='ltr'><strong>quoniam</strong></span> <span class='ocrx_word' id='word_1_137' title='bbox 525 1937 712 1996; x_wconf 87' lang='lat' dir='ltr'><strong>ereaturaest,</strong></span> <span class='ocrx_word' id='word_1_138' title='bbox 722 1928 852 1986; x_wconf 77' lang='lat' dir='ltr'><strong>creatore</strong></span> <span class='ocrx_word' id='word_1_139' title='bbox 860 1943 924 1985; x_wconf 89' lang='lat' dir='ltr'><strong>cum</strong></span> <span class='ocrx_word' id='word_1_140' title='bbox 974 1925 1019 1982; x_wconf 87' lang='lat' dir='ltr'><strong>lus</strong></span> <span class='ocrx_word' id='word_1_141' title='bbox 1031 1944 1038 1992; x_wconf 94' lang='lat'>;</span> <span class='ocrx_word' id='word_1_142' title='bbox 1052 1926 1099 1982; x_wconf 87' lang='lat' dir='ltr'><strong>sed</strong></span> <span class='ocrx_word' id='word_1_143' title='bbox 1113 1926 1199 1997; x_wconf 93' lang='lat' dir='ltr'><strong>quiin</strong></span> <span class='ocrx_word' id='word_1_144' title='bbox 1213 1925 1286 1981; x_wconf 91' lang='lat' dir='ltr'><strong>bono</strong></span> <span class='ocrx_word' id='word_1_145' title='bbox 1293 1927 1460 1984; x_wconf 86' lang='lat' dir='ltr'><strong>constitutus</strong></span> <span class='ocrx_word' id='word_1_146' title='bbox 1475 1926 1538 1984; x_wconf 88' lang='lat' dir='ltr'><strong>inde</strong></span> <span class='ocrx_word' id='word_1_147' title='bbox 1547 1929 1651 1984; x_wconf 86' lang='lat' dir='ltr'><strong>moueri</strong></span> <span class='ocrx_word' id='word_1_148' title='bbox 1666 1937 1767 2000; x_wconf 87' lang='lat' dir='ltr'><strong>potest,</strong></span> 
     </span>
     <span class='ocr_line' id='line_1_14' title="bbox 124 2016 1768 2094; baseline 0 -16"><span class='ocrx_word' id='word_1_149' title='bbox 124 2023 315 2094; x_wconf 81' lang='lat' dir='ltr'><strong>suoejusdcm</strong></span> <span class='ocrx_word' id='word_1_150' title='bbox 328 2022 468 2094; x_wconf 74' lang='lat' dir='ltr'><strong>potentie,</strong></span> <span class='ocrx_word' id='word_1_151' title='bbox 484 2031 513 2081; x_wconf 92' lang='grc' dir='ltr'><strong>ει</strong></span> <span class='ocrx_word' id='word_1_152' title='bbox 535 2023 698 2094; x_wconf 86' lang='lat' dir='ltr'><strong>prudentiae,</strong></span> <span class='ocrx_word' id='word_1_153' title='bbox 715 2032 796 2094; x_wconf 88' lang='lat' dir='ltr'><strong>atque</strong></span> <span class='ocrx_word' id='word_1_154' title='bbox 815 2022 924 2079; x_wconf 87' lang='lat' dir='ltr'><strong>bonita—</strong></span> <span class='ocrx_word' id='word_1_155' title='bbox 973 2018 1098 2088; x_wconf 89' lang='lat' dir='ltr'><strong>planceo</strong></span> <span class='ocrx_word' id='word_1_156' title='bbox 1108 2016 1223 2073; x_wconf 79' lang='lat' dir='ltr'><strong>inferior</strong></span> <span class='ocrx_word' id='word_1_157' title='bbox 1233 2025 1275 2074; x_wconf 87' lang='lat' dir='ltr'><strong>est</strong></span> <span class='ocrx_word' id='word_1_158' title='bbox 1286 2018 1334 2090; x_wconf 91' lang='lat' dir='ltr'><strong>qui</strong></span> <span class='ocrx_word' id='word_1_159' title='bbox 1349 2017 1378 2073; x_wconf 92' lang='lat' dir='ltr'><strong>in</strong></span> <span class='ocrx_word' id='word_1_160' title='bbox 1393 2018 1466 2074; x_wconf 91' lang='lat' dir='ltr'><strong>bono</strong></span> <span class='ocrx_word' id='word_1_161' title='bbox 1484 2019 1633 2077; x_wconf 91' lang='lat' dir='ltr'><strong>immobilis</strong></span> <span class='ocrx_word' id='word_1_162' title='bbox 1645 2028 1699 2078; x_wconf 83' lang='lat' dir='ltr'><strong>est.</strong></span> <span class='ocrx_word' id='word_1_163' title='bbox 1714 2021 1768 2078; x_wconf 86' lang='lat' dir='ltr'><strong>Bo-</strong></span> 
     </span>
     <span class='ocr_line' id='line_1_15' title="bbox 123 2109 1767 2184; baseline -0.001 -14"><span class='ocrx_word' id='word_1_164' title='bbox 123 2115 165 2170; x_wconf 90' lang='lat' dir='ltr'><strong>tis</strong></span> <span class='ocrx_word' id='word_1_165' title='bbox 185 2131 250 2172; x_wconf 88' lang='lat' dir='ltr'><strong>esse</strong></span> <span class='ocrx_word' id='word_1_166' title='bbox 265 2114 346 2172; x_wconf 89' lang='lat' dir='ltr'><strong>debet</strong></span> <span class='ocrx_word' id='word_1_167' title='bbox 362 2133 369 2170; x_wconf 75' lang='grc' dir='ltr'><strong>ι</strong></span> <span class='ocrx_word' id='word_1_168' title='bbox 384 2113 477 2170; x_wconf 88' lang='lat' dir='ltr'><strong>omnia</strong></span> <span class='ocrx_word' id='word_1_169' title='bbox 499 2114 630 2170; x_wconf 89' lang='lat' dir='ltr'><strong>inleriora</strong></span> <span class='ocrx_word' id='word_1_170' title='bbox 644 2114 769 2178; x_wconf 85' lang='lat' dir='ltr'><strong>sortitus,</strong></span> <span class='ocrx_word' id='word_1_171' title='bbox 792 2120 923 2184; x_wconf 90' lang='lat' dir='ltr'><strong>tanquam</strong></span> <span class='ocrx_word' id='word_1_172' title='bbox 972 2125 1026 2167; x_wconf 91' lang='lat' dir='ltr'><strong>nus</strong></span> <span class='ocrx_word' id='word_1_173' title='bbox 1044 2125 1111 2181; x_wconf 89' lang='lat' dir='ltr'><strong>ergo</strong></span> <span class='ocrx_word' id='word_1_174' title='bbox 1124 2109 1251 2167; x_wconf 81' lang='lat' dir='ltr'><strong>Christus</strong></span> <span class='ocrx_word' id='word_1_175' title='bbox 1264 2110 1357 2178; x_wconf 89' lang='lat' dir='ltr'><strong>bomo,</strong></span> <span class='ocrx_word' id='word_1_176' title='bbox 1375 2111 1423 2167; x_wconf 91' lang='lat' dir='ltr'><strong>sed</strong></span> <span class='ocrx_word' id='word_1_177' title='bbox 1438 2111 1689 2183; x_wconf 66' lang='lat' dir='ltr'><strong>incomparabiliter</strong></span> <span class='ocrx_word' id='word_1_178' title='bbox 1707 2129 1767 2170; x_wconf 88' lang='lat' dir='ltr'><strong>me-</strong></span> 
     </span>
     <span class='ocr_line' id='line_1_16' title="bbox 123 2199 1766 2279; baseline -0.002 -15"><span class='ocrx_word' id='word_1_179' title='bbox 123 2206 185 2264; x_wconf 78' lang='lat' dir='ltr'><strong>Deo</strong></span> <span class='ocrx_word' id='word_1_180' title='bbox 197 2207 352 2279; x_wconf 82' lang='lat' dir='ltr'><strong>subjectus,</strong></span> <span class='ocrx_word' id='word_1_181' title='bbox 366 2207 494 2263; x_wconf 86' lang='lat' dir='ltr'><strong>omnibus</strong></span> <span class='ocrx_word' id='word_1_182' title='bbox 507 2213 598 2262; x_wconf 88' lang='lat' dir='ltr'><strong>tamen</strong></span> <span class='ocrx_word' id='word_1_183' title='bbox 612 2206 715 2262; x_wconf 87' lang='lat' dir='ltr'><strong>creatis</strong></span> <span class='ocrx_word' id='word_1_184' title='bbox 724 2205 804 2276; x_wconf 91' lang='lat' dir='ltr'><strong>longe</strong></span> <span class='ocrx_word' id='word_1_185' title='bbox 811 2205 921 2268; x_wconf 85' lang='lat' dir='ltr'><strong>celsior,</strong></span> <span class='ocrx_word' id='word_1_186' title='bbox 972 2201 1025 2256; x_wconf 93' lang='lat' dir='ltr'><strong>lior</strong></span> <span class='ocrx_word' id='word_1_187' title='bbox 1036 2199 1108 2257; x_wconf 73' lang='lat' dir='ltr'><strong>licus</strong></span> <span class='ocrx_word' id='word_1_188' title='bbox 1119 2201 1204 2275; x_wconf 78' lang='lat' dir='ltr'><strong>(lta).</strong></span> <span class='ocrx_word' id='word_1_189' title='bbox 1221 2203 1275 2260; x_wconf 88' lang='lat' dir='ltr'><strong>Sed</strong></span> <span class='ocrx_word' id='word_1_190' title='bbox 1295 2204 1406 2260; x_wconf 89' lang='lat' dir='ltr'><strong>tametsi</strong></span> <span class='ocrx_word' id='word_1_191' title='bbox 1420 2210 1548 2261; x_wconf 89' lang='lat' dir='ltr'><strong>asserunt</strong></span> <span class='ocrx_word' id='word_1_192' title='bbox 1562 2205 1766 2278; x_wconf 82' lang='lat' dir='ltr'><strong>quamplurimi,</strong></span> 
     </span>
     <span class='ocr_line' id='line_1_17' title="bbox 123 2296 1767 2372; baseline 0.001 -17"><span class='ocrx_word' id='word_1_193' title='bbox 123 2299 351 2372; x_wconf 87' lang='lat' dir='ltr'><strong>quoniambomo</strong></span> <span class='ocrx_word' id='word_1_194' title='bbox 370 2299 462 2358; x_wconf 88' lang='lat' dir='ltr'><strong>iactus</strong></span> <span class='ocrx_word' id='word_1_195' title='bbox 475 2297 621 2366; x_wconf 80' lang='lat' dir='ltr'><strong>estlieus;</strong></span> <span class='ocrx_word' id='word_1_196' title='bbox 636 2304 770 2370; x_wconf 91' lang='lat' dir='ltr'><strong>quantum</strong></span> <span class='ocrx_word' id='word_1_197' title='bbox 790 2296 922 2353; x_wconf 79' lang='lat' dir='ltr'><strong>inferiora</strong></span> <span class='ocrx_word' id='word_1_198' title='bbox 972 2296 1128 2353; x_wconf 90' lang='lat' dir='ltr'><strong>nullatenus</strong></span> <span class='ocrx_word' id='word_1_199' title='bbox 1149 2313 1264 2368; x_wconf 86' lang='lat' dir='ltr'><strong>peccare</strong></span> <span class='ocrx_word' id='word_1_200' title='bbox 1276 2299 1395 2369; x_wconf 88' lang='lat' dir='ltr'><strong>potuerit</strong></span> <span class='ocrx_word' id='word_1_201' title='bbox 1415 2297 1497 2356; x_wconf 89' lang='lat' dir='ltr'><strong>homo</strong></span> <span class='ocrx_word' id='word_1_202' title='bbox 1516 2297 1652 2368; x_wconf 87' lang='lat' dir='ltr'><strong>Christus,</strong></span> <span class='ocrx_word' id='word_1_203' title='bbox 1674 2306 1767 2357; x_wconf 88' lang='lat' dir='ltr'><strong>tamen</strong></span> 
     </span>
     <span class='ocr_line' id='line_1_18' title="bbox 122 2387 1768 2464; baseline -0.001 -16"><span class='ocrx_word' id='word_1_204' title='bbox 122 2393 273 2457; x_wconf 83' lang='lat' dir='ltr'><strong>excedens,</strong></span> <span class='ocrx_word' id='word_1_205' title='bbox 285 2401 393 2448; x_wconf 88' lang='lat' dir='ltr'><strong>tanturn</strong></span> <span class='ocrx_word' id='word_1_206' title='bbox 407 2399 455 2448; x_wconf 92' lang='lat' dir='ltr'><strong>aut</strong></span> <span class='ocrx_word' id='word_1_207' title='bbox 468 2391 532 2464; x_wconf 87' lang='lat' dir='ltr'><strong>plus</strong></span> <span class='ocrx_word' id='word_1_208' title='bbox 542 2407 558 2447; x_wconf 92' lang='lat' dir='ltr'><strong>a</strong></span> <span class='ocrx_word' id='word_1_209' title='bbox 569 2391 712 2462; x_wconf 86' lang='lat' dir='ltr'><strong>superiore</strong></span> <span class='ocrx_word' id='word_1_210' title='bbox 725 2405 866 2453; x_wconf 87' lang='lat' dir='ltr'><strong>excessus,</strong></span> <span class='ocrx_word' id='word_1_211' title='bbox 881 2396 923 2446; x_wconf 85' lang='grc' dir='ltr'><strong>ιε-</strong></span> <span class='ocrx_word' id='word_1_212' title='bbox 971 2387 1053 2459; x_wconf 91' lang='lat' dir='ltr'><strong>louge</strong></span> <span class='ocrx_word' id='word_1_213' title='bbox 1066 2389 1218 2445; x_wconf 89' lang='lat' dir='ltr'><strong>meliorest</strong></span> <span class='ocrx_word' id='word_1_214' title='bbox 1239 2389 1311 2447; x_wconf 87' lang='lat' dir='ltr'><strong>Deus</strong></span> <span class='ocrx_word' id='word_1_215' title='bbox 1327 2405 1375 2460; x_wconf 91' lang='lat' dir='ltr'><strong>per</strong></span> <span class='ocrx_word' id='word_1_216' title='bbox 1389 2396 1527 2455; x_wconf 90' lang='lat' dir='ltr'><strong>naturam,</strong></span> <span class='ocrx_word' id='word_1_217' title='bbox 1547 2391 1636 2446; x_wconf 90' lang='lat' dir='ltr'><strong>bonus</strong></span> <span class='ocrx_word' id='word_1_218' title='bbox 1657 2406 1768 2464; x_wconf 87' lang='lat' dir='ltr'><strong>quoque</strong></span> 
     </span>
     <span class='ocr_line' id='line_1_19' title="bbox 123 2479 1767 2554; baseline 0.001 -14"><span class='ocrx_word' id='word_1_219' title='bbox 123 2485 254 2542; x_wconf 84' lang='lat' dir='ltr'><strong>steeuim</strong></span> <span class='ocrx_word' id='word_1_220' title='bbox 269 2484 400 2550; x_wconf 84' lang='lat' dir='ltr'><strong>Domino,</strong></span> <span class='ocrx_word' id='word_1_221' title='bbox 413 2483 594 2540; x_wconf 74' lang='lat' dir='ltr'><strong>Nemalonii</strong></span> <span class='ocrx_word' id='word_1_222' title='bbox 611 2483 665 2537; x_wconf 78' lang='lat' dir='ltr'><strong>niti</strong></span> <span class='ocrx_word' id='word_1_223' title='bbox 679 2481 833 2536; x_wconf 76' lang='lat' dir='ltr'><strong>solutilem</strong></span> <span class='ocrx_word' id='word_1_224' title='bbox 844 2479 920 2553; x_wconf 79' lang='lat' dir='ltr'><strong>(Luc.</strong></span> <span class='ocrx_word' id='word_1_225' title='bbox 972 2479 1065 2546; x_wconf 90' lang='lat' dir='ltr'><strong>bomo,</strong></span> <span class='ocrx_word' id='word_1_226' title='bbox 1078 2481 1126 2536; x_wconf 88' lang='lat' dir='ltr'><strong>scd</strong></span> <span class='ocrx_word' id='word_1_227' title='bbox 1141 2497 1190 2554; x_wconf 89' lang='lat' dir='ltr'><strong>per</strong></span> <span class='ocrx_word' id='word_1_228' title='bbox 1203 2481 1337 2553; x_wconf 87' lang='lat' dir='ltr'><strong>gratiam;</strong></span> <span class='ocrx_word' id='word_1_229' title='bbox 1355 2481 1404 2538; x_wconf 87' lang='lat' dir='ltr'><strong>scd</strong></span> <span class='ocrx_word' id='word_1_230' title='bbox 1418 2482 1492 2553; x_wconf 91' lang='lat' dir='ltr'><strong>quod</strong></span> <span class='ocrx_word' id='word_1_231' title='bbox 1506 2499 1554 2554; x_wconf 90' lang='lat' dir='ltr'><strong>per</strong></span> <span class='ocrx_word' id='word_1_232' title='bbox 1573 2490 1711 2551; x_wconf 89' lang='lat' dir='ltr'><strong>naturam,</strong></span> <span class='ocrx_word' id='word_1_233' title='bbox 1732 2499 1767 2542; x_wconf 87' lang='lat' dir='ltr'><strong>eo</strong></span> 
     </span>
     <span class='ocr_line' id='line_1_20' title="bbox 122 2570 1475 2647; baseline -0.002 -15"><span class='ocrx_word' id='word_1_234' title='bbox 122 2591 208 2642; x_wconf 75' lang='grc' dir='ltr'>ιιιιι,</span> <span class='ocrx_word' id='word_1_235' title='bbox 226 2577 283 2646; x_wconf 79' lang='lat' dir='ltr'><strong>la).</strong></span> <span class='ocrx_word' id='word_1_236' title='bbox 301 2575 411 2634; x_wconf 85' lang='lat' dir='ltr'><strong>Undesi</strong></span> <span class='ocrx_word' id='word_1_237' title='bbox 421 2576 450 2632; x_wconf 92' lang='lat' dir='ltr'><strong>in</strong></span> <span class='ocrx_word' id='word_1_238' title='bbox 464 2575 511 2632; x_wconf 91' lang='lat' dir='ltr'><strong>illa</strong></span> <span class='ocrx_word' id='word_1_239' title='bbox 521 2592 582 2647; x_wconf 80' lang='lat' dir='ltr'><strong>quae</strong></span> <span class='ocrx_word' id='word_1_240' title='bbox 590 2575 717 2632; x_wconf 82' lang='lat' dir='ltr'><strong>Christus</strong></span> <span class='ocrx_word' id='word_1_241' title='bbox 727 2581 770 2632; x_wconf 83' lang='lat' dir='ltr'><strong>cst</strong></span> <span class='ocrx_word' id='word_1_242' title='bbox 783 2589 839 2629; x_wconf 89' lang='lat' dir='ltr'><strong>una</strong></span> <span class='ocrx_word' id='word_1_243' title='bbox 858 2589 922 2644; x_wconf 91' lang='lat' dir='ltr'><strong>per-</strong></span> <span class='ocrx_word' id='word_1_244' title='bbox 971 2570 1073 2629; x_wconf 87' lang='lat' dir='ltr'><strong>lortius</strong></span> <span class='ocrx_word' id='word_1_245' title='bbox 1088 2579 1140 2640; x_wconf 89' lang='grc' dir='ltr'>εει,</span> <span class='ocrx_word' id='word_1_246' title='bbox 1150 2574 1224 2645; x_wconf 91' lang='lat' dir='ltr'><strong>quod</strong></span> <span class='ocrx_word' id='word_1_247' title='bbox 1235 2589 1284 2646; x_wconf 90' lang='lat' dir='ltr'><strong>per</strong></span> <span class='ocrx_word' id='word_1_248' title='bbox 1297 2573 1412 2644; x_wconf 87' lang='lat' dir='ltr'><strong>gratiam</strong></span> <span class='ocrx_word' id='word_1_249' title='bbox 1423 2582 1475 2629; x_wconf 91' lang='grc' dir='ltr'>εει.</span> 
     </span>
     <span class='ocr_line' id='line_1_21' title="bbox 122 2663 1452 2739; baseline -0.003 -14"><span class='ocrx_word' id='word_1_250' title='bbox 122 2683 196 2725; x_wconf 83' lang='lat' dir='ltr'><strong>sona</strong></span> <span class='ocrx_word' id='word_1_251' title='bbox 208 2667 294 2724; x_wconf 75' lang='lat' dir='ltr'><strong>Beum</strong></span> <span class='ocrx_word' id='word_1_252' title='bbox 308 2675 336 2723; x_wconf 89' lang='lat' dir='ltr'><strong>et</strong></span> <span class='ocrx_word' id='word_1_253' title='bbox 349 2668 488 2724; x_wconf 91' lang='lat' dir='ltr'><strong>bominem</strong></span> <span class='ocrx_word' id='word_1_254' title='bbox 510 2667 680 2739; x_wconf 76' lang='lat' dir='ltr'><strong>distinguere</strong></span> <span class='ocrx_word' id='word_1_255' title='bbox 700 2666 780 2732; x_wconf 83' lang='lat' dir='ltr'><strong>velis,</strong></span> <span class='ocrx_word' id='word_1_256' title='bbox 793 2681 845 2722; x_wconf 88' lang='lat' dir='ltr'><strong>uec</strong></span> <span class='ocrx_word' id='word_1_257' title='bbox 858 2672 922 2720; x_wconf 81' lang='lat' dir='ltr'><strong>tan·</strong></span> <span class='ocrx_word' id='word_1_258' title='bbox 1287 2664 1401 2721; x_wconf 77' lang='lat' dir='ltr'>CAPUT</span> <span class='ocrx_word' id='word_1_259' title='bbox 1420 2663 1452 2721; x_wconf 92' lang='lat' dir='ltr'><strong>ll.</strong></span> 
     </span>
     <span class='ocr_line' id='line_1_22' title="bbox 121 2756 1721 2831; baseline -0.001 -16"><span class='ocrx_word' id='word_1_260' title='bbox 121 2767 172 2816; x_wconf 90' lang='lat' dir='ltr'><strong>tus</strong></span> <span class='ocrx_word' id='word_1_261' title='bbox 183 2761 267 2817; x_wconf 89' lang='lat' dir='ltr'><strong>bomo</strong></span> <span class='ocrx_word' id='word_1_262' title='bbox 280 2761 371 2818; x_wconf 89' lang='lat' dir='ltr'><strong>bonus</strong></span> <span class='ocrx_word' id='word_1_263' title='bbox 390 2766 434 2817; x_wconf 85' lang='grc' dir='ltr'><strong>εει</strong></span> <span class='ocrx_word' id='word_1_264' title='bbox 444 2759 501 2817; x_wconf 76' lang='lat' dir='ltr'><strong>lico</strong></span> <span class='ocrx_word' id='word_1_265' title='bbox 519 2761 647 2825; x_wconf 91' lang='lat' dir='ltr'><strong>collatus,</strong></span> <span class='ocrx_word' id='word_1_266' title='bbox 661 2760 741 2831; x_wconf 81' lang='lat' dir='ltr'><strong>juxta</strong></span> <span class='ocrx_word' id='word_1_267' title='bbox 756 2758 840 2814; x_wconf 86' lang='lat' dir='ltr'><strong>illud:</strong></span> <span class='ocrx_word' id='word_1_268' title='bbox 858 2756 921 2813; x_wconf 86' lang='lat' dir='ltr'><strong>Non</strong></span> <span class='ocrx_word' id='word_1_269' title='bbox 1006 2756 1079 2814; x_wconf 79' lang='lat' dir='ltr'><strong>Deus</strong></span> <span class='ocrx_word' id='word_1_270' title='bbox 1091 2758 1129 2829; x_wconf 75' lang='lat' dir='ltr'><strong>{ut</strong></span> <span class='ocrx_word' id='word_1_271' title='bbox 1149 2757 1266 2814; x_wconf 81' lang='lat' dir='ltr'><strong>bonitate</strong></span> <span class='ocrx_word' id='word_1_272' title='bbox 1281 2757 1382 2814; x_wconf 78' lang='lat' dir='ltr'><strong>cecedit</strong></span> <span class='ocrx_word' id='word_1_273' title='bbox 1402 2758 1568 2814; x_wconf 79' lang='lat' dir='ltr'><strong>dominemur</strong></span> <span class='ocrx_word' id='word_1_274' title='bbox 1582 2766 1721 2829; x_wconf 70' lang='lat' dir='ltr'><strong>potestate.</strong></span> 
     </span>
     <span class='ocr_line' id='line_1_23' title="bbox 117 2849 1764 2923; baseline 0.001 -18"><span class='ocrx_word' id='word_1_275' title='bbox 117 2849 318 2923; x_wconf 76' lang='lat' dir='ltr'><strong>justificabitur</strong></span> <span class='ocrx_word' id='word_1_276' title='bbox 331 2852 366 2905; x_wconf 79' lang='lat' dir='ltr'><strong>in</strong></span> <span class='ocrx_word' id='word_1_277' title='bbox 388 2862 527 2922; x_wconf 79' lang='lat' dir='ltr'><strong>conspecta</strong></span> <span class='ocrx_word' id='word_1_278' title='bbox 552 2859 598 2905; x_wconf 82' lang='lat' dir='ltr'><strong>tun</strong></span> <span class='ocrx_word' id='word_1_279' title='bbox 618 2852 703 2906; x_wconf 86' lang='lat' dir='ltr'><strong>omnis</strong></span> <span class='ocrx_word' id='word_1_280' title='bbox 726 2851 811 2906; x_wconf 77' lang='lat' dir='ltr'><strong>nisena</strong></span> <span class='ocrx_word' id='word_1_281' title='bbox 830 2849 918 2921; x_wconf 79' lang='lat' dir='ltr'><strong>(Paci,</strong></span> <span class='ocrx_word' id='word_1_282' title='bbox 1007 2849 1085 2918; x_wconf 80' lang='lat' dir='ltr'><strong>Quod</strong></span> <span class='ocrx_word' id='word_1_283' title='bbox 1100 2851 1123 2908; x_wconf 90' lang='lat' dir='ltr'><strong>si</strong></span> <span class='ocrx_word' id='word_1_284' title='bbox 1140 2851 1278 2907; x_wconf 80' lang='lat' dir='ltr'><strong>bominem</strong></span> <span class='ocrx_word' id='word_1_285' title='bbox 1292 2849 1365 2908; x_wconf 84' lang='lat' dir='ltr'><strong>Deus</strong></span> <span class='ocrx_word' id='word_1_286' title='bbox 1375 2851 1484 2908; x_wconf 82' lang='lat' dir='ltr'><strong>excedit</strong></span> <span class='ocrx_word' id='word_1_287' title='bbox 1495 2852 1522 2906; x_wconf 95' lang='lat' dir='ltr'><strong>in</strong></span> <span class='ocrx_word' id='word_1_288' title='bbox 1534 2851 1667 2916; x_wconf 89' lang='lat' dir='ltr'><strong>bonitate,</strong></span> <span class='ocrx_word' id='word_1_289' title='bbox 1682 2865 1764 2906; x_wconf 81' lang='lat' dir='ltr'><strong>exce-</strong></span> 
     </span>
     <span class='ocr_line' id='line_1_24' title="bbox 119 2941 1763 3016; baseline 0.001 -19"><span class='ocrx_word' id='word_1_290' title='bbox 119 2958 210 3009; x_wconf 85' lang='lat' dir='ltr'><strong>cxnrr,</strong></span> <span class='ocrx_word' id='word_1_291' title='bbox 221 2943 262 3016; x_wconf 72' lang='lat'><strong>2).</strong></span> <span class='ocrx_word' id='word_1_292' title='bbox 284 2943 375 3011; x_wconf 80' lang='lat' dir='ltr'><strong>Quare</strong></span> <span class='ocrx_word' id='word_1_293' title='bbox 388 2959 440 3001; x_wconf 86' lang='lat' dir='ltr'><strong>uec</strong></span> <span class='ocrx_word' id='word_1_294' title='bbox 453 2944 612 3000; x_wconf 81' lang='lat' dir='ltr'><strong>humanitas</strong></span> <span class='ocrx_word' id='word_1_295' title='bbox 625 2959 641 2998; x_wconf 84' lang='lat' dir='ltr'><strong>a</strong></span> <span class='ocrx_word' id='word_1_296' title='bbox 656 2942 712 3000; x_wconf 83' lang='lat' dir='ltr'><strong>Deo</strong></span> <span class='ocrx_word' id='word_1_297' title='bbox 725 2951 876 3014; x_wconf 87' lang='lat' dir='ltr'><strong>assumpta,</strong></span> <span class='ocrx_word' id='word_1_298' title='bbox 895 2942 921 3000; x_wconf 90' lang='lat' dir='ltr'><strong>si</strong></span> <span class='ocrx_word' id='word_1_299' title='bbox 970 2943 1018 2999; x_wconf 89' lang='lat' dir='ltr'><strong>dat</strong></span> <span class='ocrx_word' id='word_1_300' title='bbox 1030 2959 1139 3014; x_wconf 76' lang='lat' dir='ltr'><strong>quoque</strong></span> <span class='ocrx_word' id='word_1_301' title='bbox 1149 2944 1178 2998; x_wconf 89' lang='lat' dir='ltr'><strong>in</strong></span> <span class='ocrx_word' id='word_1_302' title='bbox 1191 2949 1346 3014; x_wconf 80' lang='lat' dir='ltr'><strong>potestate:</strong></span> <span class='ocrx_word' id='word_1_303' title='bbox 1362 2942 1493 2998; x_wconf 81' lang='lat' dir='ltr'><strong>divinitas</strong></span> <span class='ocrx_word' id='word_1_304' title='bbox 1505 2941 1607 3014; x_wconf 91' lang='lat' dir='ltr'><strong>quippe</strong></span> <span class='ocrx_word' id='word_1_305' title='bbox 1623 2941 1763 2998; x_wconf 86' lang='lat' dir='ltr'><strong>bominem</strong></span> 
     </span>
     <span class='ocr_line' id='line_1_25' title="bbox 120 3032 1764 3108; baseline -0.002 -17"><span class='ocrx_word' id='word_1_306' title='bbox 120 3035 299 3092; x_wconf 82' lang='lat' dir='ltr'><strong>‹livinitatem</strong></span> <span class='ocrx_word' id='word_1_307' title='bbox 313 3036 449 3105; x_wconf 87' lang='lat' dir='ltr'><strong>attendas,</strong></span> <span class='ocrx_word' id='word_1_308' title='bbox 460 3037 536 3107; x_wconf 85' lang='lat' dir='ltr'><strong>justa</strong></span> <span class='ocrx_word' id='word_1_309' title='bbox 551 3043 684 3108; x_wconf 86' lang='lat' dir='ltr'><strong>apparet:</strong></span> <span class='ocrx_word' id='word_1_310' title='bbox 702 3035 860 3092; x_wconf 88' lang='lat' dir='ltr'><strong>humanitas</strong></span> <span class='ocrx_word' id='word_1_311' title='bbox 876 3035 921 3090; x_wconf 91' lang='lat' dir='ltr'><strong>ni·</strong></span> <span class='ocrx_word' id='word_1_312' title='bbox 969 3049 1052 3106; x_wconf 89' lang='lat' dir='ltr'><strong>quem</strong></span> <span class='ocrx_word' id='word_1_313' title='bbox 1070 3035 1221 3106; x_wconf 85' lang='lat' dir='ltr'><strong>assumpsit</strong></span> <span class='ocrx_word' id='word_1_314' title='bbox 1238 3035 1297 3104; x_wconf 86' lang='lat' dir='ltr'><strong>ipsa</strong></span> <span class='ocrx_word' id='word_1_315' title='bbox 1319 3034 1434 3098; x_wconf 86' lang='lat' dir='ltr'><strong>creavit,</strong></span> <span class='ocrx_word' id='word_1_316' title='bbox 1453 3042 1551 3106; x_wconf 89' lang='lat' dir='ltr'><strong>potens</strong></span> <span class='ocrx_word' id='word_1_317' title='bbox 1566 3032 1604 3087; x_wconf 92' lang='lat' dir='ltr'><strong>illi</strong></span> <span class='ocrx_word' id='word_1_318' title='bbox 1619 3033 1764 3104; x_wconf 89' lang='lat' dir='ltr'><strong>quamplu-</strong></span> 
     </span>
     <span class='ocr_line' id='line_1_26' title="bbox 120 3124 1762 3200; baseline 0 -18"><span class='ocrx_word' id='word_1_319' title='bbox 120 3127 227 3183; x_wconf 88' lang='lat' dir='ltr'><strong>mirum</strong></span> <span class='ocrx_word' id='word_1_320' title='bbox 242 3135 271 3184; x_wconf 89' lang='lat' dir='ltr'><strong>et</strong></span> <span class='ocrx_word' id='word_1_321' title='bbox 288 3129 362 3184; x_wconf 86' lang='lat' dir='ltr'><strong>bona</strong></span> <span class='ocrx_word' id='word_1_322' title='bbox 382 3138 409 3185; x_wconf 93' lang='lat' dir='ltr'><strong>et</strong></span> <span class='ocrx_word' id='word_1_323' title='bbox 421 3128 497 3200; x_wconf 76' lang='lat' dir='ltr'><strong>iusta</strong></span> <span class='ocrx_word' id='word_1_324' title='bbox 511 3138 564 3194; x_wconf 89' lang='grc' dir='ltr'>εει,</span> <span class='ocrx_word' id='word_1_325' title='bbox 579 3128 627 3185; x_wconf 88' lang='lat' dir='ltr'><strong>sed</strong></span> <span class='ocrx_word' id='word_1_326' title='bbox 641 3143 705 3184; x_wconf 89' lang='lat' dir='ltr'><strong>com</strong></span> <span class='ocrx_word' id='word_1_327' title='bbox 721 3127 864 3185; x_wconf 85' lang='lat' dir='ltr'><strong>diuinitate</strong></span> <span class='ocrx_word' id='word_1_328' title='bbox 877 3128 919 3182; x_wconf 90' lang='lat' dir='ltr'><strong>in·</strong></span> <span class='ocrx_word' id='word_1_329' title='bbox 969 3127 1055 3184; x_wconf 87' lang='lat' dir='ltr'><strong>rimos</strong></span> <span class='ocrx_word' id='word_1_330' title='bbox 1077 3140 1170 3183; x_wconf 90' lang='lat' dir='ltr'><strong>creare</strong></span> <span class='ocrx_word' id='word_1_331' title='bbox 1194 3141 1285 3198; x_wconf 85' lang='lat' dir='ltr'><strong>pares.</strong></span> <span class='ocrx_word' id='word_1_332' title='bbox 1308 3126 1405 3184; x_wconf 87' lang='lat' dir='ltr'><strong>Posset</strong></span> <span class='ocrx_word' id='word_1_333' title='bbox 1425 3125 1499 3200; x_wconf 78' lang='lat' dir='ltr'><strong>(lati)</strong></span> <span class='ocrx_word' id='word_1_334' title='bbox 1519 3125 1619 3196; x_wconf 90' lang='lat' dir='ltr'><strong>quippe</strong></span> <span class='ocrx_word' id='word_1_335' title='bbox 1629 3124 1721 3190; x_wconf 89' lang='lat' dir='ltr'><strong>Pater,</strong></span> <span class='ocrx_word' id='word_1_336' title='bbox 1737 3125 1762 3182; x_wconf 90' lang='lat' dir='ltr'><strong>si</strong></span> 
     </span>
     <span class='ocr_line' id='line_1_27' title="bbox 120 3194 1763 3293; baseline -0.001 -18"><span class='ocrx_word' id='word_1_337' title='bbox 120 3228 232 3291; x_wconf 87' lang='lat' dir='ltr'><strong>specta,</strong></span> <span class='ocrx_word' id='word_1_338' title='bbox 246 3221 378 3292; x_wconf 90' lang='lat' dir='ltr'><strong>quoniam</strong></span> <span class='ocrx_word' id='word_1_339' title='bbox 393 3222 453 3293; x_wconf 87' lang='lat' dir='ltr'><strong>ipsa</strong></span> <span class='ocrx_word' id='word_1_340' title='bbox 460 3222 540 3293; x_wconf 90' lang='lat' dir='ltr'><strong>longe</strong></span> <span class='ocrx_word' id='word_1_341' title='bbox 550 3222 717 3293; x_wconf 80' lang='lat' dir='ltr'><strong>praeeminet,</strong></span> <span class='ocrx_word' id='word_1_342' title='bbox 728 3237 761 3277; x_wconf 83' lang='grc' dir='ltr'><strong>ει</strong></span> <span class='ocrx_word' id='word_1_343' title='bbox 772 3194 955 3278; x_wconf 79' lang='lat' dir='ltr'><strong>collationec</strong></span> <span class='ocrx_word' id='word_1_344' title='bbox 970 3220 1061 3286; x_wconf 83' lang='lat' dir='ltr'><strong>vellet,</strong></span> <span class='ocrx_word' id='word_1_345' title='bbox 1081 3220 1110 3275; x_wconf 92' lang='lat' dir='ltr'><strong>in</strong></span> <span class='ocrx_word' id='word_1_346' title='bbox 1126 3219 1212 3275; x_wconf 88' lang='lat' dir='ltr'><strong>altero</strong></span> <span class='ocrx_word' id='word_1_347' title='bbox 1226 3220 1337 3275; x_wconf 90' lang='lat' dir='ltr'><strong>homine</strong></span> <span class='ocrx_word' id='word_1_348' title='bbox 1353 3218 1502 3284; x_wconf 77' lang='lat' dir='ltr'><strong>incarnari,</strong></span> <span class='ocrx_word' id='word_1_349' title='bbox 1519 3216 1638 3288; x_wconf 87' lang='lat' dir='ltr'><strong>Spiritus</strong></span> <span class='ocrx_word' id='word_1_350' title='bbox 1649 3226 1763 3274; x_wconf 78' lang='lat' dir='ltr'><strong>sanctus</strong></span> 
     </span>
     <span class='ocr_line' id='line_1_28' title="bbox 119 3309 1761 3385; baseline -0.001 -18"><span class='ocrx_word' id='word_1_351' title='bbox 119 3312 223 3381; x_wconf 90' lang='lat' dir='ltr'><strong>bebet;</strong></span> <span class='ocrx_word' id='word_1_352' title='bbox 241 3313 369 3384; x_wconf 86' lang='lat' dir='ltr'><strong>equidem</strong></span> <span class='ocrx_word' id='word_1_353' title='bbox 391 3314 516 3384; x_wconf 87' lang='lat' dir='ltr'><strong>speciosa</strong></span> <span class='ocrx_word' id='word_1_354' title='bbox 529 3330 586 3385; x_wconf 84' lang='lat' dir='ltr'><strong>prae</strong></span> <span class='ocrx_word' id='word_1_355' title='bbox 600 3313 664 3371; x_wconf 81' lang='lat' dir='ltr'><strong>iliis</strong></span> <span class='ocrx_word' id='word_1_356' title='bbox 678 3314 820 3370; x_wconf 90' lang='lat' dir='ltr'><strong>hominum</strong></span> <span class='ocrx_word' id='word_1_357' title='bbox 840 3329 919 3371; x_wconf 88' lang='lat' dir='ltr'><strong>crea-</strong></span> <span class='ocrx_word' id='word_1_358' title='bbox 969 3312 998 3368; x_wconf 92' lang='lat' dir='ltr'><strong>in</strong></span> <span class='ocrx_word' id='word_1_359' title='bbox 1018 3313 1110 3368; x_wconf 87' lang='lat' dir='ltr'><strong>tertio.</strong></span> <span class='ocrx_word' id='word_1_360' title='bbox 1134 3311 1192 3368; x_wconf 83' lang='lat' dir='ltr'><strong>lioc</strong></span> <span class='ocrx_word' id='word_1_361' title='bbox 1216 3311 1274 3368; x_wconf 82' lang='lat' dir='ltr'><strong>iteri</strong></span> <span class='ocrx_word' id='word_1_362' title='bbox 1298 3311 1404 3384; x_wconf 91' lang='lat' dir='ltr'><strong>potuit,</strong></span> <span class='ocrx_word' id='word_1_363' title='bbox 1421 3310 1469 3368; x_wconf 88' lang='lat' dir='ltr'><strong>sed</strong></span> <span class='ocrx_word' id='word_1_364' title='bbox 1491 3317 1521 3364; x_wconf 92' lang='lat' dir='ltr'><strong>ut</strong></span> <span class='ocrx_word' id='word_1_365' title='bbox 1535 3309 1612 3366; x_wconf 86' lang='lat' dir='ltr'><strong>lieret</strong></span> <span class='ocrx_word' id='word_1_366' title='bbox 1624 3324 1761 3380; x_wconf 89' lang='lat' dir='ltr'><strong>opusnon</strong></span> 
     </span>
     <span class='ocr_line' id='line_1_29' title="bbox 119 3403 1763 3477; baseline -0.001 -17"><span class='ocrx_word' id='word_1_367' title='bbox 119 3405 160 3460; x_wconf 91' lang='lat' dir='ltr'><strong>tis</strong></span> <span class='ocrx_word' id='word_1_368' title='bbox 170 3415 331 3476; x_wconf 87' lang='lat' dir='ltr'><strong>comparata</strong></span> <span class='ocrx_word' id='word_1_369' title='bbox 338 3406 446 3462; x_wconf 91' lang='lat' dir='ltr'><strong>cunctis</strong></span> <span class='ocrx_word' id='word_1_370' title='bbox 456 3406 611 3477; x_wconf 79' lang='lat' dir='ltr'><strong>praeccllere</strong></span> <span class='ocrx_word' id='word_1_371' title='bbox 622 3407 771 3463; x_wconf 83' lang='lat' dir='ltr'><strong>inuenitur.</strong></span> <span class='ocrx_word' id='word_1_372' title='bbox 783 3407 918 3474; x_wconf 82' lang='lat' dir='ltr'><strong>Quoniam</strong></span> <span class='ocrx_word' id='word_1_373' title='bbox 968 3403 1021 3460; x_wconf 86' lang='lat' dir='ltr'><strong>iuit</strong></span> <span class='ocrx_word' id='word_1_374' title='bbox 1040 3424 1047 3461; x_wconf 92' lang='lat'><strong>:</strong></span> <span class='ocrx_word' id='word_1_375' title='bbox 1072 3405 1130 3462; x_wconf 87' lang='lat' dir='ltr'><strong>siue</strong></span> <span class='ocrx_word' id='word_1_376' title='bbox 1147 3405 1219 3463; x_wconf 91' lang='lat' dir='ltr'><strong>enirn</strong></span> <span class='ocrx_word' id='word_1_377' title='bbox 1235 3403 1269 3460; x_wconf 88' lang='lat' dir='ltr'><strong>ad</strong></span> <span class='ocrx_word' id='word_1_378' title='bbox 1282 3405 1442 3476; x_wconf 87' lang='lat' dir='ltr'><strong>potentiam,</strong></span> <span class='ocrx_word' id='word_1_379' title='bbox 1459 3405 1517 3459; x_wconf 81' lang='lat' dir='ltr'><strong>sire</strong></span> <span class='ocrx_word' id='word_1_380' title='bbox 1529 3403 1610 3460; x_wconf 89' lang='lat' dir='ltr'><strong>etiarn</strong></span> <span class='ocrx_word' id='word_1_381' title='bbox 1626 3403 1659 3459; x_wconf 87' lang='lat' dir='ltr'><strong>sd</strong></span> <span class='ocrx_word' id='word_1_382' title='bbox 1674 3403 1763 3462; x_wconf 71' lang='lat' dir='ltr'><strong>hnmis</strong></span> 
     </span>
     <span class='ocr_line' id='line_1_30' title="bbox 118 3495 1762 3571; baseline -0.001 -21"><span class='ocrx_word' id='word_1_383' title='bbox 118 3511 191 3552; x_wconf 81' lang='lat' dir='ltr'><strong>nero</strong></span> <span class='ocrx_word' id='word_1_384' title='bbox 209 3495 339 3553; x_wconf 80' lang='lat' dir='ltr'><strong>divinitas</strong></span> <span class='ocrx_word' id='word_1_385' title='bbox 352 3498 432 3570; x_wconf 91' lang='lat' dir='ltr'><strong>longe</strong></span> <span class='ocrx_word' id='word_1_386' title='bbox 443 3497 544 3555; x_wconf 80' lang='lat' dir='ltr'><strong>celsior</strong></span> <span class='ocrx_word' id='word_1_387' title='bbox 555 3505 609 3564; x_wconf 86' lang='lat' dir='ltr'><strong>est,</strong></span> <span class='ocrx_word' id='word_1_388' title='bbox 625 3499 678 3570; x_wconf 88' lang='lat' dir='ltr'><strong>ipsi</strong></span> <span class='ocrx_word' id='word_1_389' title='bbox 691 3508 849 3571; x_wconf 86' lang='lat' dir='ltr'><strong>comparata</strong></span> <span class='ocrx_word' id='word_1_390' title='bbox 863 3501 918 3556; x_wconf 92' lang='lat' dir='ltr'><strong>uti·</strong></span> <span class='ocrx_word' id='word_1_391' title='bbox 968 3499 1084 3568; x_wconf 87' lang='lat' dir='ltr'><strong>litatem,</strong></span> <span class='ocrx_word' id='word_1_392' title='bbox 1103 3509 1184 3570; x_wconf 89' lang='lat' dir='ltr'><strong>atque</strong></span> <span class='ocrx_word' id='word_1_393' title='bbox 1205 3497 1422 3554; x_wconf 85' lang='lat' dir='ltr'><strong>misericordiam</strong></span> <span class='ocrx_word' id='word_1_394' title='bbox 1443 3495 1524 3568; x_wconf 84' lang='lat' dir='ltr'><strong>Verbi</strong></span> <span class='ocrx_word' id='word_1_395' title='bbox 1540 3495 1657 3566; x_wconf 83' lang='lat' dir='ltr'><strong>pertinet</strong></span> <span class='ocrx_word' id='word_1_396' title='bbox 1669 3495 1762 3550; x_wconf 86' lang='lat' dir='ltr'><strong>incar·</strong></span> 
     </span>
     <span class='ocr_line' id='line_1_31' title="bbox 119 3585 1761 3664; baseline -0.002 -21"><span class='ocrx_word' id='word_1_397' title='bbox 119 3604 178 3659; x_wconf 90' lang='lat' dir='ltr'><strong>que</strong></span> <span class='ocrx_word' id='word_1_398' title='bbox 188 3604 274 3660; x_wconf 84' lang='lat' dir='ltr'><strong>parva</strong></span> <span class='ocrx_word' id='word_1_399' title='bbox 292 3599 356 3646; x_wconf 89' lang='lat' dir='ltr'><strong>est:</strong></span> <span class='ocrx_word' id='word_1_400' title='bbox 374 3591 475 3647; x_wconf 85' lang='lat' dir='ltr'><strong>namsi</strong></span> <span class='ocrx_word' id='word_1_401' title='bbox 490 3589 657 3662; x_wconf 79' lang='lat' dir='ltr'><strong>Hieronymo</strong></span> <span class='ocrx_word' id='word_1_402' title='bbox 669 3591 808 3648; x_wconf 89' lang='lat' dir='ltr'><strong>credimus</strong></span> <span class='ocrx_word' id='word_1_403' title='bbox 822 3589 915 3664; x_wconf 76' lang='lat' dir='ltr'><strong>(¹93i2</strong></span> <span class='ocrx_word' id='word_1_404' title='bbox 967 3589 1054 3654; x_wconf 87' lang='lat' dir='ltr'><strong>natio,</strong></span> <span class='ocrx_word' id='word_1_405' title='bbox 1069 3589 1199 3661; x_wconf 90' lang='lat' dir='ltr'><strong>quoniam</strong></span> <span class='ocrx_word' id='word_1_406' title='bbox 1214 3589 1267 3644; x_wconf 89' lang='lat' dir='ltr'><strong>tria</strong></span> <span class='ocrx_word' id='word_1_407' title='bbox 1282 3589 1339 3644; x_wconf 82' lang='lat' dir='ltr'><strong>baec</strong></span> <span class='ocrx_word' id='word_1_408' title='bbox 1354 3586 1475 3643; x_wconf 84' lang='lat' dir='ltr'><strong>Trinitas</strong></span> <span class='ocrx_word' id='word_1_409' title='bbox 1490 3594 1547 3641; x_wconf 88' lang='lat' dir='ltr'><strong>tota</strong></span> <span class='ocrx_word' id='word_1_410' title='bbox 1560 3585 1761 3642; x_wconf 84' lang='lat' dir='ltr'><strong>indissimiliter</strong></span> 
     </span>
     <span class='ocr_line' id='line_1_32' title="bbox 118 3676 1757 3754; baseline -0.002 -18"><span class='ocrx_word' id='word_1_411' title='bbox 118 3679 257 3736; x_wconf 68' lang='lat' dir='ltr'><strong>boantem</strong></span> <span class='ocrx_word' id='word_1_412' title='bbox 267 3681 326 3736; x_wconf 86' lang='lat' dir='ltr'><strong>sola</strong></span> <span class='ocrx_word' id='word_1_413' title='bbox 338 3691 378 3738; x_wconf 81' lang='lat' dir='ltr'><strong>eet</strong></span> <span class='ocrx_word' id='word_1_414' title='bbox 390 3683 506 3754; x_wconf 80' lang='lat' dir='ltr'><strong>inquam</strong></span> <span class='ocrx_word' id='word_1_415' title='bbox 515 3692 649 3754; x_wconf 79' lang='lat' dir='ltr'><strong>peccatam</strong></span> <span class='ocrx_word' id='word_1_416' title='bbox 660 3699 712 3738; x_wconf 86' lang='lat' dir='ltr'><strong>non</strong></span> <span class='ocrx_word' id='word_1_417' title='bbox 722 3683 811 3748; x_wconf 65' lang='lat' dir='ltr'><strong>cntin-</strong></span> <span class='ocrx_word' id='word_1_418' title='bbox 822 3693 918 3739; x_wconf 82' lang='lat' dir='ltr'><strong>coeterc</strong></span> <span class='ocrx_word' id='word_1_419' title='bbox 967 3680 1059 3747; x_wconf 90' lang='lat' dir='ltr'><strong>babet,</strong></span> <span class='ocrx_word' id='word_1_420' title='bbox 1083 3679 1191 3739; x_wconf 84' lang='lat' dir='ltr'><strong>Patrem</strong></span> <span class='ocrx_word' id='word_1_421' title='bbox 1205 3695 1268 3736; x_wconf 89' lang='lat' dir='ltr'><strong>cum</strong></span> <span class='ocrx_word' id='word_1_422' title='bbox 1282 3678 1387 3752; x_wconf 88' lang='lat' dir='ltr'><strong>Spiritu</strong></span> <span class='ocrx_word' id='word_1_423' title='bbox 1405 3689 1500 3734; x_wconf 87' lang='lat' dir='ltr'><strong>sancto</strong></span> <span class='ocrx_word' id='word_1_424' title='bbox 1514 3679 1589 3733; x_wconf 87' lang='lat' dir='ltr'><strong>nulla</strong></span> <span class='ocrx_word' id='word_1_425' title='bbox 1602 3676 1757 3742; x_wconf 84' lang='lat' dir='ltr'><strong>difficultas,</strong></span> 
     </span>
     <span class='ocr_line' id='line_1_33' title="bbox 118 3768 1759 3844; baseline -0.001 -20"><span class='ocrx_word' id='word_1_426' title='bbox 118 3785 184 3824; x_wconf 78' lang='grc' dir='ltr'>ιιιιιι</span> <span class='ocrx_word' id='word_1_427' title='bbox 199 3769 276 3825; x_wconf 81' lang='lat' dir='ltr'><strong>liberi</strong></span> <span class='ocrx_word' id='word_1_428' title='bbox 289 3770 397 3826; x_wconf 83' lang='lat' dir='ltr'><strong>arbitrii</strong></span> <span class='ocrx_word' id='word_1_429' title='bbox 410 3772 475 3838; x_wconf 84' lang='lat' dir='ltr'><strong>sint,</strong></span> <span class='ocrx_word' id='word_1_430' title='bbox 490 3787 598 3842; x_wconf 79' lang='lat' dir='ltr'><strong>penem</strong></span> <span class='ocrx_word' id='word_1_431' title='bbox 610 3782 731 3844; x_wconf 81' lang='lat' dir='ltr'><strong>possunt.</strong></span> <span class='ocrx_word' id='word_1_432' title='bbox 749 3772 805 3830; x_wconf 86' lang='lat' dir='ltr'><strong>Sed</strong></span> <span class='ocrx_word' id='word_1_433' title='bbox 819 3774 917 3830; x_wconf 89' lang='lat' dir='ltr'><strong>huma·</strong></span> <span class='ocrx_word' id='word_1_434' title='bbox 967 3772 1016 3828; x_wconf 90' lang='lat' dir='ltr'><strong>sed</strong></span> <span class='ocrx_word' id='word_1_435' title='bbox 1038 3771 1096 3828; x_wconf 87' lang='lat' dir='ltr'><strong>sola</strong></span> <span class='ocrx_word' id='word_1_436' title='bbox 1118 3772 1152 3827; x_wconf 89' lang='lat' dir='ltr'><strong>ab</strong></span> <span class='ocrx_word' id='word_1_437' title='bbox 1171 3770 1362 3827; x_wconf 88' lang='lat' dir='ltr'><strong>incarnatione</strong></span> <span class='ocrx_word' id='word_1_438' title='bbox 1376 3769 1505 3823; x_wconf 86' lang='lat' dir='ltr'><strong>uoluntas</strong></span> <span class='ocrx_word' id='word_1_439' title='bbox 1519 3768 1645 3830; x_wconf 86' lang='lat' dir='ltr'><strong>detinuit,</strong></span> <span class='ocrx_word' id='word_1_440' title='bbox 1658 3783 1692 3824; x_wconf 92' lang='lat' dir='ltr'><strong>ne</strong></span> <span class='ocrx_word' id='word_1_441' title='bbox 1707 3768 1759 3822; x_wconf 92' lang='lat' dir='ltr'><strong>mi-</strong></span> 
     </span>
     <span class='ocr_line' id='line_1_34' title="bbox 118 3856 1757 3939; baseline -0.001 -23"><span class='ocrx_word' id='word_1_442' title='bbox 118 3862 198 3917; x_wconf 90' lang='lat' dir='ltr'><strong>nitas</strong></span> <span class='ocrx_word' id='word_1_443' title='bbox 210 3860 362 3920; x_wconf 85' lang='lat' dir='ltr'><strong>Saluatoris</strong></span> <span class='ocrx_word' id='word_1_444' title='bbox 372 3864 445 3920; x_wconf 91' lang='lat' dir='ltr'><strong>inter</strong></span> <span class='ocrx_word' id='word_1_445' title='bbox 455 3871 553 3920; x_wconf 81' lang='lat' dir='ltr'><strong>caetera</strong></span> <span class='ocrx_word' id='word_1_446' title='bbox 568 3871 743 3936; x_wconf 89' lang='lat' dir='ltr'><strong>computatur</strong></span> <span class='ocrx_word' id='word_1_447' title='bbox 754 3885 762 3921; x_wconf 79' lang='lat' dir='ltr'><strong>t</strong></span> <span class='ocrx_word' id='word_1_448' title='bbox 773 3881 836 3922; x_wconf 88' lang='lat' dir='ltr'><strong>eum</strong></span> <span class='ocrx_word' id='word_1_449' title='bbox 849 3882 917 3939; x_wconf 92' lang='lat' dir='ltr'><strong>ergo</strong></span> <span class='ocrx_word' id='word_1_450' title='bbox 966 3879 1021 3921; x_wconf 89' lang='lat' dir='ltr'><strong>nus</strong></span> <span class='ocrx_word' id='word_1_451' title='bbox 1041 3863 1211 3928; x_wconf 83' lang='lat' dir='ltr'><strong>conueniret,</strong></span> <span class='ocrx_word' id='word_1_452' title='bbox 1234 3863 1257 3918; x_wconf 87' lang='lat' dir='ltr'><strong>si</strong></span> <span class='ocrx_word' id='word_1_453' title='bbox 1277 3861 1325 3934; x_wconf 91' lang='lat' dir='ltr'><strong>qui</strong></span> <span class='ocrx_word' id='word_1_454' title='bbox 1345 3860 1374 3916; x_wconf 89' lang='lat' dir='ltr'><strong>in</strong></span> <span class='ocrx_word' id='word_1_455' title='bbox 1387 3859 1521 3916; x_wconf 81' lang='lat' dir='ltr'><strong>Trinitate</strong></span> <span class='ocrx_word' id='word_1_456' title='bbox 1536 3856 1620 3916; x_wconf 77' lang='lat' dir='ltr'><strong>Filius</strong></span> <span class='ocrx_word' id='word_1_457' title='bbox 1635 3875 1690 3914; x_wconf 91' lang='lat' dir='ltr'><strong>non</strong></span> <span class='ocrx_word' id='word_1_458' title='bbox 1703 3866 1757 3926; x_wconf 86' lang='lat' dir='ltr'><strong>est,</strong></span> 
     </span>
     <span class='ocr_line' id='line_1_35' title="bbox 119 3950 1313 4026; baseline 0.004 -20"><span class='ocrx_word' id='word_1_459' title='bbox 119 3950 204 4007; x_wconf 89' lang='lat' dir='ltr'><strong>liberi</strong></span> <span class='ocrx_word' id='word_1_460' title='bbox 218 3953 328 4008; x_wconf 89' lang='lat' dir='ltr'><strong>arbitrii</strong></span> <span class='ocrx_word' id='word_1_461' title='bbox 337 3952 384 4016; x_wconf 89' lang='lat' dir='ltr'><strong>sit,</strong></span> <span class='ocrx_word' id='word_1_462' title='bbox 399 3968 464 4008; x_wconf 90' lang='lat' dir='ltr'><strong>num</strong></span> <span class='ocrx_word' id='word_1_463' title='bbox 474 3969 589 4024; x_wconf 82' lang='lat' dir='ltr'><strong>peccare</strong></span> <span class='ocrx_word' id='word_1_464' title='bbox 598 3955 707 4026; x_wconf 80' lang='lat' dir='ltr'><strong>potest?</strong></span> <span class='ocrx_word' id='word_1_465' title='bbox 966 3957 995 4013; x_wconf 91' lang='lat' dir='ltr'><strong>in</strong></span> <span class='ocrx_word' id='word_1_466' title='bbox 1011 3957 1122 4012; x_wconf 90' lang='lat' dir='ltr'><strong>bomine</strong></span> <span class='ocrx_word' id='word_1_467' title='bbox 1137 3955 1209 4011; x_wconf 85' lang='lat' dir='ltr'><strong>filins</strong></span> <span class='ocrx_word' id='word_1_468' title='bbox 1225 3955 1313 4011; x_wconf 80' lang='lat' dir='ltr'><strong>lieret.</strong></span> 
     </span>
    </p>

    <p class='ocr_par' dir='ltr' id='par_1_8' title="bbox 111 4041 1757 5036">
     <span class='ocr_line' id='line_1_36' title="bbox 155 4041 1757 4120; baseline 0.003 -21"><span class='ocrx_word' id='word_1_469' title='bbox 155 4041 240 4099; x_wconf 83' lang='lat' dir='ltr'><strong>Certa</strong></span> <span class='ocrx_word' id='word_1_470' title='bbox 254 4059 300 4100; x_wconf 88' lang='lat' dir='ltr'><strong>res</strong></span> <span class='ocrx_word' id='word_1_471' title='bbox 309 4051 362 4110; x_wconf 89' lang='grc' dir='ltr'>εει,</span> <span class='ocrx_word' id='word_1_472' title='bbox 371 4042 518 4100; x_wconf 83' lang='lat' dir='ltr'><strong>Dominum</strong></span> <span class='ocrx_word' id='word_1_473' title='bbox 528 4043 779 4117; x_wconf 85' lang='lat' dir='ltr'><strong>aciledemptorem</strong></span> <span class='ocrx_word' id='word_1_474' title='bbox 790 4054 916 4103; x_wconf 88' lang='lat' dir='ltr'><strong>nostrum</strong></span> <span class='ocrx_word' id='word_1_475' title='bbox 1001 4049 1050 4106; x_wconf 85' lang='lat' dir='ltr'><strong>Dei</strong></span> <span class='ocrx_word' id='word_1_476' title='bbox 1064 4065 1129 4120; x_wconf 87' lang='lat' dir='ltr'><strong>ergo</strong></span> <span class='ocrx_word' id='word_1_477' title='bbox 1143 4047 1229 4104; x_wconf 85' lang='lat' dir='ltr'><strong>Filius</strong></span> <span class='ocrx_word' id='word_1_478' title='bbox 1241 4048 1331 4106; x_wconf 89' lang='lat' dir='ltr'><strong>lactus</strong></span> <span class='ocrx_word' id='word_1_479' title='bbox 1343 4047 1435 4104; x_wconf 84' lang='lat' dir='ltr'><strong>lloriae</strong></span> <span class='ocrx_word' id='word_1_480' title='bbox 1446 4044 1560 4118; x_wconf 84' lang='lat' dir='ltr'><strong>virginis</strong></span> <span class='ocrx_word' id='word_1_481' title='bbox 1571 4043 1652 4110; x_wconf 87' lang='lat' dir='ltr'><strong>lilius,</strong></span> <span class='ocrx_word' id='word_1_482' title='bbox 1665 4061 1757 4104; x_wconf 90' lang='lat' dir='ltr'><strong>nonne</strong></span> 
     </span>
     <span class='ocr_line' id='line_1_37' title="bbox 118 4133 1757 4209; baseline 0.004 -20"><span class='ocrx_word' id='word_1_483' title='bbox 118 4133 262 4190; x_wconf 84' lang='lat' dir='ltr'><strong>bominem</strong></span> <span class='ocrx_word' id='word_1_484' title='bbox 274 4133 445 4191; x_wconf 83' lang='lat' dir='ltr'><strong>Jcsumuilril</strong></span> <span class='ocrx_word' id='word_1_485' title='bbox 459 4134 619 4206; x_wconf 86' lang='lat' dir='ltr'><strong>repudiasse</strong></span> <span class='ocrx_word' id='word_1_486' title='bbox 627 4134 702 4208; x_wconf 91' lang='lat' dir='ltr'><strong>quod</strong></span> <span class='ocrx_word' id='word_1_487' title='bbox 711 4136 859 4192; x_wconf 88' lang='lat' dir='ltr'><strong>humanam</strong></span> <span class='ocrx_word' id='word_1_488' title='bbox 869 4151 917 4192; x_wconf 87' lang='lat' dir='ltr'><strong>na·</strong></span> <span class='ocrx_word' id='word_1_489' title='bbox 966 4144 1038 4200; x_wconf 90' lang='lat' dir='ltr'><strong>sicut</strong></span> <span class='ocrx_word' id='word_1_490' title='bbox 1059 4143 1170 4198; x_wconf 81' lang='lat' dir='ltr'><strong>beatam</strong></span> <span class='ocrx_word' id='word_1_491' title='bbox 1182 4140 1295 4196; x_wconf 85' lang='lat' dir='ltr'><strong>Mariam</strong></span> <span class='ocrx_word' id='word_1_492' title='bbox 1312 4140 1420 4204; x_wconf 87' lang='lat' dir='ltr'><strong>maluit,</strong></span> <span class='ocrx_word' id='word_1_493' title='bbox 1435 4139 1516 4194; x_wconf 88' lang='lat' dir='ltr'><strong>aliam</strong></span> <span class='ocrx_word' id='word_1_494' title='bbox 1528 4145 1642 4193; x_wconf 89' lang='lat' dir='ltr'><strong>matrem</strong></span> <span class='ocrx_word' id='word_1_495' title='bbox 1656 4138 1757 4209; x_wconf 79' lang='lat' dir='ltr'><strong>eligere</strong></span> 
     </span>
     <span class='ocr_line' id='line_1_38' title="bbox 116 4226 1756 4305; baseline 0.002 -23"><span class='ocrx_word' id='word_1_496' title='bbox 116 4233 214 4282; x_wconf 89' lang='lat' dir='ltr'><strong>turam</strong></span> <span class='ocrx_word' id='word_1_497' title='bbox 228 4226 331 4283; x_wconf 87' lang='lat' dir='ltr'><strong>babere</strong></span> <span class='ocrx_word' id='word_1_498' title='bbox 348 4232 483 4299; x_wconf 84' lang='lat' dir='ltr'><strong>oporteat,</strong></span> <span class='ocrx_word' id='word_1_499' title='bbox 499 4227 548 4283; x_wconf 91' lang='lat' dir='ltr'><strong>sed</strong></span> <span class='ocrx_word' id='word_1_500' title='bbox 566 4243 647 4298; x_wconf 88' lang='lat' dir='ltr'><strong>posse</strong></span> <span class='ocrx_word' id='word_1_501' title='bbox 664 4226 738 4300; x_wconf 77' lang='lat' dir='ltr'><strong>(lat)</strong></span> <span class='ocrx_word' id='word_1_502' title='bbox 754 4244 867 4299; x_wconf 89' lang='lat' dir='ltr'><strong>peccare</strong></span> <span class='ocrx_word' id='word_1_503' title='bbox 881 4245 914 4285; x_wconf 83' lang='lat' dir='ltr'><strong>er</strong></span> <span class='ocrx_word' id='word_1_504' title='bbox 964 4233 1072 4305; x_wconf 79' lang='lat' dir='ltr'><strong>potuit?</strong></span> <span class='ocrx_word' id='word_1_505' title='bbox 1092 4231 1195 4303; x_wconf 89' lang='lat' dir='ltr'><strong>utiquc,</strong></span> <span class='ocrx_word' id='word_1_506' title='bbox 1210 4232 1341 4303; x_wconf 88' lang='lat' dir='ltr'><strong>quoniam</strong></span> <span class='ocrx_word' id='word_1_507' title='bbox 1355 4230 1535 4302; x_wconf 84' lang='lat' dir='ltr'><strong>Omnipotens</strong></span> <span class='ocrx_word' id='word_1_508' title='bbox 1552 4229 1610 4284; x_wconf 88' lang='lat' dir='ltr'><strong>sola</strong></span> <span class='ocrx_word' id='word_1_509' title='bbox 1626 4227 1654 4282; x_wconf 90' lang='lat' dir='ltr'><strong>id</strong></span> <span class='ocrx_word' id='word_1_510' title='bbox 1668 4229 1756 4300; x_wconf 91' lang='lat' dir='ltr'><strong>gratia</strong></span> 
     </span>
     <span class='ocr_line' id='line_1_39' title="bbox 116 4316 1755 4395; baseline 0.002 -23"><span class='ocrx_word' id='word_1_511' title='bbox 116 4316 181 4389; x_wconf 84' lang='lat' dir='ltr'><strong>ipsa</strong></span> <span class='ocrx_word' id='word_1_512' title='bbox 194 4325 296 4374; x_wconf 84' lang='lat' dir='ltr'><strong>natura</strong></span> <span class='ocrx_word' id='word_1_513' title='bbox 316 4318 422 4374; x_wconf 91' lang='lat' dir='ltr'><strong>bomini</strong></span> <span class='ocrx_word' id='word_1_514' title='bbox 440 4317 540 4374; x_wconf 90' lang='lat' dir='ltr'><strong>indidit</strong></span> <span class='ocrx_word' id='word_1_515' title='bbox 552 4316 636 4384; x_wconf 80' lang='lat' dir='ltr'><strong>licus,</strong></span> <span class='ocrx_word' id='word_1_516' title='bbox 651 4326 683 4375; x_wconf 89' lang='lat' dir='ltr'><strong>ut</strong></span> <span class='ocrx_word' id='word_1_517' title='bbox 695 4320 823 4374; x_wconf 87' lang='lat' dir='ltr'><strong>meritum</strong></span> <span class='ocrx_word' id='word_1_518' title='bbox 844 4319 915 4376; x_wconf 83' lang='lat' dir='ltr'><strong>toret</strong></span> <span class='ocrx_word' id='word_1_519' title='bbox 965 4324 1073 4395; x_wconf 90' lang='lat' dir='ltr'><strong>agebat,</strong></span> <span class='ocrx_word' id='word_1_520' title='bbox 1093 4323 1123 4378; x_wconf 93' lang='lat' dir='ltr'><strong>in</strong></span> <span class='ocrx_word' id='word_1_521' title='bbox 1140 4335 1298 4379; x_wconf 88' lang='lat' dir='ltr'><strong>sanctarum</strong></span> <span class='ocrx_word' id='word_1_522' title='bbox 1314 4321 1437 4392; x_wconf 81' lang='lat' dir='ltr'><strong>qnalibet</strong></span> <span class='ocrx_word' id='word_1_523' title='bbox 1449 4320 1587 4391; x_wconf 82' lang='lat' dir='ltr'><strong>virginum</strong></span> <span class='ocrx_word' id='word_1_524' title='bbox 1600 4318 1682 4374; x_wconf 87' lang='lat' dir='ltr'><strong>homo</strong></span> <span class='ocrx_word' id='word_1_525' title='bbox 1696 4318 1755 4376; x_wconf 84' lang='lat' dir='ltr'><strong>steri</strong></span> 
     </span>
     <span class='ocr_line' id='line_1_40' title="bbox 115 4397 1755 4486; baseline 0 -20"><span class='ocrx_word' id='word_1_526' title='bbox 115 4409 253 4476; x_wconf 84' lang='lat' dir='ltr'><strong>bominis,</strong></span> <span class='ocrx_word' id='word_1_527' title='bbox 264 4411 358 4483; x_wconf 84' lang='lat' dir='ltr'><strong>rigore</strong></span> <span class='ocrx_word' id='word_1_528' title='bbox 370 4411 449 4467; x_wconf 88' lang='lat' dir='ltr'><strong>liberi</strong></span> <span class='ocrx_word' id='word_1_529' title='bbox 466 4410 574 4466; x_wconf 87' lang='lat' dir='ltr'><strong>arbitrii</strong></span> <span class='ocrx_word' id='word_1_530' title='bbox 583 4411 726 4482; x_wconf 89' lang='lat' dir='ltr'><strong>culparum</strong></span> <span class='ocrx_word' id='word_1_531' title='bbox 739 4397 912 4469; x_wconf 80' lang='lat' dir='ltr'><strong>abstinentis.</strong></span> <span class='ocrx_word' id='word_1_532' title='bbox 964 4421 1082 4486; x_wconf 86' lang='lat' dir='ltr'><strong>poterat,</strong></span> <span class='ocrx_word' id='word_1_533' title='bbox 1105 4413 1159 4470; x_wconf 91' lang='lat' dir='ltr'><strong>nisi</strong></span> <span class='ocrx_word' id='word_1_534' title='bbox 1173 4415 1238 4485; x_wconf 88' lang='lat' dir='ltr'><strong>quia</strong></span> <span class='ocrx_word' id='word_1_535' title='bbox 1250 4413 1396 4485; x_wconf 77' lang='lat' dir='ltr'><strong>gloriosam</strong></span> <span class='ocrx_word' id='word_1_536' title='bbox 1413 4409 1527 4466; x_wconf 85' lang='lat' dir='ltr'><strong>llariam</strong></span> <span class='ocrx_word' id='word_1_537' title='bbox 1541 4408 1712 4466; x_wconf 79' lang='lat' dir='ltr'><strong>benedictam</strong></span> <span class='ocrx_word' id='word_1_538' title='bbox 1726 4411 1755 4468; x_wconf 90' lang='lat' dir='ltr'><strong>in</strong></span> 
     </span>
     <span class='ocr_line' id='line_1_41' title="bbox 115 4499 1755 4595; baseline 0 -38"><span class='ocrx_word' id='word_1_539' title='bbox 115 4499 199 4558; x_wconf 87' lang='lat' dir='ltr'><strong>Unde</strong></span> <span class='ocrx_word' id='word_1_540' title='bbox 209 4501 381 4558; x_wconf 87' lang='lat' dir='ltr'><strong>arbitrantur</strong></span> <span class='ocrx_word' id='word_1_541' title='bbox 389 4501 523 4567; x_wconf 92' lang='lat' dir='ltr'><strong>nonnulli,</strong></span> <span class='ocrx_word' id='word_1_542' title='bbox 534 4501 607 4573; x_wconf 92' lang='lat' dir='ltr'><strong>quod</strong></span> <span class='ocrx_word' id='word_1_543' title='bbox 614 4502 767 4574; x_wconf 90' lang='lat' dir='ltr'><strong>oportuerit</strong></span> <span class='ocrx_word' id='word_1_544' title='bbox 779 4509 809 4558; x_wconf 91' lang='lat' dir='ltr'><strong>ut</strong></span> <span class='ocrx_word' id='word_1_545' title='bbox 819 4501 913 4558; x_wconf 79' lang='lat' dir='ltr'><strong>[iomi-</strong></span> <span class='ocrx_word' id='word_1_546' title='bbox 927 4539 950 4595; x_wconf 64' lang='lat' dir='ltr'>B</span> <span class='ocrx_word' id='word_1_547' title='bbox 964 4505 1126 4560; x_wconf 86' lang='lat' dir='ltr'><strong>mulieribus</strong></span> <span class='ocrx_word' id='word_1_548' title='bbox 1140 4504 1254 4570; x_wconf 84' lang='lat' dir='ltr'><strong>inuenit,</strong></span> <span class='ocrx_word' id='word_1_549' title='bbox 1268 4502 1311 4560; x_wconf 79' lang='lat' dir='ltr'><strong>vel</strong></span> <span class='ocrx_word' id='word_1_550' title='bbox 1324 4503 1416 4575; x_wconf 88' lang='lat' dir='ltr'><strong>potius</strong></span> <span class='ocrx_word' id='word_1_551' title='bbox 1432 4501 1508 4558; x_wconf 86' lang='lat' dir='ltr'><strong>iecit.</strong></span> <span class='ocrx_word' id='word_1_552' title='bbox 1520 4501 1577 4558; x_wconf 84' lang='lat' dir='ltr'><strong>Cur</strong></span> <span class='ocrx_word' id='word_1_553' title='bbox 1590 4509 1679 4558; x_wconf 90' lang='lat' dir='ltr'><strong>autem</strong></span> <span class='ocrx_word' id='word_1_554' title='bbox 1694 4517 1755 4558; x_wconf 91' lang='lat' dir='ltr'><strong>eam</strong></span> 
     </span>
     <span class='ocr_line' id='line_1_42' title="bbox 114 4593 1755 4668; baseline 0 -18"><span class='ocrx_word' id='word_1_555' title='bbox 114 4611 173 4651; x_wconf 89' lang='lat' dir='ltr'><strong>nus</strong></span> <span class='ocrx_word' id='word_1_556' title='bbox 184 4601 281 4650; x_wconf 88' lang='lat' dir='ltr'><strong>noster</strong></span> <span class='ocrx_word' id='word_1_557' title='bbox 293 4594 376 4651; x_wconf 82' lang='lat' dir='ltr'><strong>lesus</strong></span> <span class='ocrx_word' id='word_1_558' title='bbox 395 4595 483 4651; x_wconf 84' lang='lat' dir='ltr'><strong>serris</strong></span> <span class='ocrx_word' id='word_1_559' title='bbox 494 4603 577 4666; x_wconf 92' lang='lat' dir='ltr'><strong>atque</strong></span> <span class='ocrx_word' id='word_1_560' title='bbox 597 4593 728 4652; x_wconf 88' lang='lat' dir='ltr'><strong>iratribus</strong></span> <span class='ocrx_word' id='word_1_561' title='bbox 743 4595 913 4652; x_wconf 87' lang='lat' dir='ltr'><strong>assimilatus</strong></span> <span class='ocrx_word' id='word_1_562' title='bbox 965 4603 993 4653; x_wconf 92' lang='lat' dir='ltr'><strong>et</strong></span> <span class='ocrx_word' id='word_1_563' title='bbox 1006 4611 1063 4652; x_wconf 91' lang='lat' dir='ltr'><strong>non</strong></span> <span class='ocrx_word' id='word_1_564' title='bbox 1077 4597 1158 4652; x_wconf 90' lang='lat' dir='ltr'><strong>aliam</strong></span> <span class='ocrx_word' id='word_1_565' title='bbox 1173 4597 1302 4653; x_wconf 89' lang='lat' dir='ltr'><strong>idoneum</strong></span> <span class='ocrx_word' id='word_1_566' title='bbox 1318 4595 1371 4653; x_wconf 91' lang='lat' dir='ltr'><strong>sibi</strong></span> <span class='ocrx_word' id='word_1_567' title='bbox 1386 4609 1485 4668; x_wconf 86' lang='lat' dir='ltr'><strong>parare</strong></span> <span class='ocrx_word' id='word_1_568' title='bbox 1498 4594 1685 4650; x_wconf 86' lang='lat' dir='ltr'><strong>babitaculum</strong></span> <span class='ocrx_word' id='word_1_569' title='bbox 1696 4610 1755 4650; x_wconf 85' lang='lat' dir='ltr'><strong>mn-</strong></span> 
     </span>
     <span class='ocr_line' id='line_1_43' title="bbox 113 4688 1755 4761; baseline 0 -17"><span class='ocrx_word' id='word_1_570' title='bbox 113 4690 275 4760; x_wconf 85' lang='lat' dir='ltr'><strong>peremnia</strong></span> <span class='ocrx_word' id='word_1_571' title='bbox 290 4690 394 4761; x_wconf 84' lang='lat' dir='ltr'><strong>absque</strong></span> <span class='ocrx_word' id='word_1_572' title='bbox 412 4695 537 4760; x_wconf 86' lang='lat' dir='ltr'><strong>peccato,</strong></span> <span class='ocrx_word' id='word_1_573' title='bbox 553 4690 690 4760; x_wconf 87' lang='lat' dir='ltr'><strong>potuisset</strong></span> <span class='ocrx_word' id='word_1_574' title='bbox 703 4703 829 4760; x_wconf 91' lang='lat' dir='ltr'><strong>peccare,</strong></span> <span class='ocrx_word' id='word_1_575' title='bbox 844 4704 914 4761; x_wconf 93' lang='lat' dir='ltr'><strong>qua·</strong></span> <span class='ocrx_word' id='word_1_576' title='bbox 963 4688 1026 4754; x_wconf 92' lang='lat' dir='ltr'><strong>luit,</strong></span> <span class='ocrx_word' id='word_1_577' title='bbox 1044 4690 1103 4760; x_wconf 91' lang='lat' dir='ltr'><strong>ipse</strong></span> <span class='ocrx_word' id='word_1_578' title='bbox 1114 4689 1203 4756; x_wconf 80' lang='lat' dir='ltr'><strong>nouit,</strong></span> <span class='ocrx_word' id='word_1_579' title='bbox 1218 4689 1246 4745; x_wconf 89' lang='lat' dir='ltr'><strong>id</strong></span> <span class='ocrx_word' id='word_1_580' title='bbox 1260 4690 1340 4745; x_wconf 90' lang='lat' dir='ltr'><strong>nobis</strong></span> <span class='ocrx_word' id='word_1_581' title='bbox 1356 4689 1427 4745; x_wconf 88' lang='lat' dir='ltr'><strong>lorte</strong></span> <span class='ocrx_word' id='word_1_582' title='bbox 1440 4688 1679 4754; x_wconf 78' lang='lat' dir='ltr'><strong>manifestaturus,</strong></span> <span class='ocrx_word' id='word_1_583' title='bbox 1691 4703 1755 4744; x_wconf 88' lang='lat' dir='ltr'><strong>curn</strong></span> 
     </span>
     <span class='ocr_line' id='line_1_44' title="bbox 111 4779 1754 4853; baseline -0.001 -15"><span class='ocrx_word' id='word_1_584' title='bbox 111 4789 200 4838; x_wconf 84' lang='lat' dir='ltr'><strong>tenos</strong></span> <span class='ocrx_word' id='word_1_585' title='bbox 214 4788 242 4837; x_wconf 89' lang='lat' dir='ltr'><strong>ct</strong></span> <span class='ocrx_word' id='word_1_586' title='bbox 252 4781 306 4853; x_wconf 86' lang='lat' dir='ltr'><strong>ipsi</strong></span> <span class='ocrx_word' id='word_1_587' title='bbox 318 4779 525 4852; x_wconf 79' lang='lat' dir='ltr'><strong>majorcoderet</strong></span> <span class='ocrx_word' id='word_1_588' title='bbox 534 4780 622 4853; x_wconf 90' lang='lat' dir='ltr'><strong>gloria</strong></span> <span class='ocrx_word' id='word_1_589' title='bbox 636 4781 734 4837; x_wconf 85' lang='lat' dir='ltr'><strong>vitanti</strong></span> <span class='ocrx_word' id='word_1_590' title='bbox 742 4780 827 4845; x_wconf 88' lang='lat' dir='ltr'><strong>mala,</strong></span> <span class='ocrx_word' id='word_1_591' title='bbox 843 4796 912 4852; x_wconf 88' lang='lat' dir='ltr'><strong>quo·</strong></span> <span class='ocrx_word' id='word_1_592' title='bbox 962 4797 996 4838; x_wconf 91' lang='lat' dir='ltr'><strong>eo</strong></span> <span class='ocrx_word' id='word_1_593' title='bbox 1016 4781 1042 4838; x_wconf 90' lang='lat' dir='ltr'><strong>ci</strong></span> <span class='ocrx_word' id='word_1_594' title='bbox 1064 4782 1168 4839; x_wconf 89' lang='lat' dir='ltr'><strong>similes</strong></span> <span class='ocrx_word' id='word_1_595' title='bbox 1182 4783 1297 4840; x_wconf 90' lang='lat' dir='ltr'><strong>erimus.</strong></span> <span class='ocrx_word' id='word_1_596' title='bbox 1316 4781 1368 4850; x_wconf 79' lang='lat' dir='ltr'><strong>oni</strong></span> <span class='ocrx_word' id='word_1_597' title='bbox 1384 4789 1412 4840; x_wconf 92' lang='grc' dir='ltr'><strong>ει</strong></span> <span class='ocrx_word' id='word_1_598' title='bbox 1426 4783 1486 4840; x_wconf 91' lang='lat' dir='ltr'><strong>sine</strong></span> <span class='ocrx_word' id='word_1_599' title='bbox 1500 4789 1587 4838; x_wconf 87' lang='lat' dir='ltr'><strong>matre</strong></span> <span class='ocrx_word' id='word_1_600' title='bbox 1601 4781 1682 4838; x_wconf 90' lang='lat' dir='ltr'><strong>bomo</strong></span> <span class='ocrx_word' id='word_1_601' title='bbox 1696 4780 1754 4837; x_wconf 81' lang='lat' dir='ltr'><strong>sieri</strong></span> 
     </span>
     <span class='ocr_line' id='line_1_45' title="bbox 112 4871 1755 4946; baseline 0 -19"><span class='ocrx_word' id='word_1_602' title='bbox 112 4874 192 4928; x_wconf 86' lang='lat' dir='ltr'><strong>niam</strong></span> <span class='ocrx_word' id='word_1_603' title='bbox 206 4881 299 4943; x_wconf 87' lang='lat' dir='ltr'><strong>posset</strong></span> <span class='ocrx_word' id='word_1_604' title='bbox 312 4879 471 4945; x_wconf 87' lang='lat' dir='ltr'><strong>perpetrare</strong></span> <span class='ocrx_word' id='word_1_605' title='bbox 483 4871 540 4936; x_wconf 88' lang='lat' dir='ltr'><strong>illa,</strong></span> <span class='ocrx_word' id='word_1_606' title='bbox 553 4873 672 4944; x_wconf 89' lang='lat' dir='ltr'><strong>quamsi</strong></span> <span class='ocrx_word' id='word_1_607' title='bbox 686 4873 755 4930; x_wconf 92' lang='lat' dir='ltr'><strong>adeo</strong></span> <span class='ocrx_word' id='word_1_608' title='bbox 768 4888 785 4928; x_wconf 94' lang='lat' dir='ltr'><strong>a</strong></span> <span class='ocrx_word' id='word_1_609' title='bbox 798 4881 912 4945; x_wconf 90' lang='lat' dir='ltr'><strong>peccato</strong></span> <span class='ocrx_word' id='word_1_610' title='bbox 962 4873 1083 4939; x_wconf 89' lang='lat' dir='ltr'><strong>sciebat,</strong></span> <span class='ocrx_word' id='word_1_611' title='bbox 1108 4874 1163 4930; x_wconf 91' lang='lat' dir='ltr'><strong>nisi</strong></span> <span class='ocrx_word' id='word_1_612' title='bbox 1181 4875 1247 4946; x_wconf 89' lang='lat' dir='ltr'><strong>quia</strong></span> <span class='ocrx_word' id='word_1_613' title='bbox 1266 4875 1403 4931; x_wconf 91' lang='lat' dir='ltr'><strong>bominem</strong></span> <span class='ocrx_word' id='word_1_614' title='bbox 1418 4875 1489 4931; x_wconf 91' lang='lat' dir='ltr'><strong>inter</strong></span> <span class='ocrx_word' id='word_1_615' title='bbox 1503 4875 1629 4931; x_wconf 86' lang='lat' dir='ltr'><strong>homiues</strong></span> <span class='ocrx_word' id='word_1_616' title='bbox 1644 4889 1755 4931; x_wconf 82' lang='lat' dir='ltr'><strong>conser-</strong></span> 
     </span>
     <span class='ocr_line' id='line_1_46' title="bbox 112 4965 1516 5036; baseline 0.004 -17"><span class='ocrx_word' id='word_1_617' title='bbox 112 4973 250 5029; x_wconf 85' lang='lat' dir='ltr'><strong>cessaret,</strong></span> <span class='ocrx_word' id='word_1_618' title='bbox 265 4965 395 5035; x_wconf 89' lang='lat' dir='ltr'><strong>quoniam</strong></span> <span class='ocrx_word' id='word_1_619' title='bbox 404 4979 521 5036; x_wconf 80' lang='lat' dir='ltr'><strong>peccam</strong></span> <span class='ocrx_word' id='word_1_620' title='bbox 530 4980 587 5021; x_wconf 89' lang='lat' dir='ltr'><strong>non</strong></span> <span class='ocrx_word' id='word_1_621' title='bbox 596 4973 700 5036; x_wconf 83' lang='lat' dir='ltr'><strong>posset.</strong></span> <span class='ocrx_word' id='word_1_622' title='bbox 961 4973 1068 5022; x_wconf 81' lang='lat' dir='ltr'><strong>sentem</strong></span> <span class='ocrx_word' id='word_1_623' title='bbox 1079 4965 1231 5022; x_wconf 88' lang='lat' dir='ltr'><strong>similitudo</strong></span> <span class='ocrx_word' id='word_1_624' title='bbox 1245 4967 1376 5024; x_wconf 87' lang='lat' dir='ltr'><strong>nascendi</strong></span> <span class='ocrx_word' id='word_1_625' title='bbox 1391 4967 1516 5024; x_wconf 87' lang='lat' dir='ltr'><strong>decebat.</strong></span> 
     </span>
    </p>

    <p class='ocr_par' dir='ltr' id='par_1_9' title="bbox 110 5055 1754 5596">
     <span class='ocr_line' id='line_1_47' title="bbox 151 5055 1752 5132; baseline -0.001 -20"><span class='ocrx_word' id='word_1_626' title='bbox 151 5055 191 5112; x_wconf 84' lang='lat' dir='ltr'><strong>lle</strong></span> <span class='ocrx_word' id='word_1_627' title='bbox 205 5056 351 5114; x_wconf 78' lang='lat' dir='ltr'><strong>divinitate</strong></span> <span class='ocrx_word' id='word_1_628' title='bbox 364 5073 446 5114; x_wconf 90' lang='lat' dir='ltr'><strong>nemo</strong></span> <span class='ocrx_word' id='word_1_629' title='bbox 458 5057 582 5129; x_wconf 81' lang='lat' dir='ltr'><strong>objiciat,</strong></span> <span class='ocrx_word' id='word_1_630' title='bbox 593 5073 655 5130; x_wconf 81' lang='lat' dir='ltr'><strong>quae</strong></span> <span class='ocrx_word' id='word_1_631' title='bbox 667 5059 763 5131; x_wconf 92' lang='lat' dir='ltr'><strong>utique</strong></span> <span class='ocrx_word' id='word_1_632' title='bbox 776 5065 854 5114; x_wconf 89' lang='lat' dir='ltr'><strong>tauto</strong></span> <span class='ocrx_word' id='word_1_633' title='bbox 868 5068 912 5115; x_wconf 93' lang='grc' dir='ltr'><strong>εει</strong></span> <span class='ocrx_word' id='word_1_634' title='bbox 996 5057 1058 5130; x_wconf 89' lang='lat' dir='ltr'><strong>lpse</strong></span> <span class='ocrx_word' id='word_1_635' title='bbox 1073 5074 1184 5131; x_wconf 89' lang='lat' dir='ltr'><strong>quoquc</strong></span> <span class='ocrx_word' id='word_1_636' title='bbox 1201 5059 1432 5132; x_wconf 88' lang='lat' dir='ltr'><strong>quemadmodum</strong></span> <span class='ocrx_word' id='word_1_637' title='bbox 1449 5062 1558 5131; x_wconf 90' lang='lat' dir='ltr'><strong>corpori</strong></span> <span class='ocrx_word' id='word_1_638' title='bbox 1573 5059 1601 5114; x_wconf 93' lang='lat' dir='ltr'><strong>in</strong></span> <span class='ocrx_word' id='word_1_639' title='bbox 1617 5057 1752 5129; x_wconf 84' lang='lat' dir='ltr'><strong>sepulcro,</strong></span> 
     </span>
     <span class='ocr_line' id='line_1_48' title="bbox 112 5145 1754 5224; baseline 0.002 -24"><span class='ocrx_word' id='word_1_640' title='bbox 112 5145 276 5218; x_wconf 87' lang='lat' dir='ltr'><strong>gloriosior,</strong></span> <span class='ocrx_word' id='word_1_641' title='bbox 298 5153 403 5218; x_wconf 86' lang='lat' dir='ltr'><strong>quanto</strong></span> <span class='ocrx_word' id='word_1_642' title='bbox 423 5163 480 5204; x_wconf 90' lang='lat' dir='ltr'><strong>non</strong></span> <span class='ocrx_word' id='word_1_643' title='bbox 499 5149 618 5205; x_wconf 88' lang='lat' dir='ltr'><strong>soluma</strong></span> <span class='ocrx_word' id='word_1_644' title='bbox 636 5156 762 5219; x_wconf 87' lang='lat' dir='ltr'><strong>peccato,</strong></span> <span class='ocrx_word' id='word_1_645' title='bbox 774 5163 870 5204; x_wconf 83' lang='lat' dir='ltr'><strong>rerum</strong></span> <span class='ocrx_word' id='word_1_646' title='bbox 894 5163 911 5204; x_wconf 84' lang='lat' dir='ltr'><strong>a</strong></span> <span class='ocrx_word' id='word_1_647' title='bbox 961 5151 1071 5223; x_wconf 89' lang='lat' dir='ltr'><strong>spiritui</strong></span> <span class='ocrx_word' id='word_1_648' title='bbox 1099 5153 1127 5208; x_wconf 94' lang='lat' dir='ltr'><strong>in</strong></span> <span class='ocrx_word' id='word_1_649' title='bbox 1153 5153 1263 5210; x_wconf 82' lang='lat' dir='ltr'><strong>interno</strong></span> <span class='ocrx_word' id='word_1_650' title='bbox 1282 5153 1439 5218; x_wconf 88' lang='lat' dir='ltr'><strong>uniebatur,</strong></span> <span class='ocrx_word' id='word_1_651' title='bbox 1459 5152 1581 5224; x_wconf 89' lang='lat' dir='ltr'><strong>quolibet</strong></span> <span class='ocrx_word' id='word_1_652' title='bbox 1596 5150 1654 5221; x_wconf 91' lang='lat' dir='ltr'><strong>pari</strong></span> <span class='ocrx_word' id='word_1_653' title='bbox 1672 5150 1754 5204; x_wconf 91' lang='lat' dir='ltr'><strong>modo</strong></span> 
     </span>
     <span class='ocr_line' id='line_1_49' title="bbox 112 5237 1753 5313; baseline 0 -18"><span class='ocrx_word' id='word_1_654' title='bbox 112 5255 200 5313; x_wconf 87' lang='lat' dir='ltr'><strong>posse</strong></span> <span class='ocrx_word' id='word_1_655' title='bbox 219 5240 353 5311; x_wconf 85' lang='lat' dir='ltr'><strong>peccandi</strong></span> <span class='ocrx_word' id='word_1_656' title='bbox 373 5247 416 5297; x_wconf 90' lang='grc' dir='ltr'><strong>εει</strong></span> <span class='ocrx_word' id='word_1_657' title='bbox 431 5241 579 5308; x_wconf 90' lang='lat' dir='ltr'><strong>remotior;</strong></span> <span class='ocrx_word' id='word_1_658' title='bbox 594 5239 669 5295; x_wconf 88' lang='lat' dir='ltr'><strong>aliud</strong></span> <span class='ocrx_word' id='word_1_659' title='bbox 690 5237 792 5310; x_wconf 93' lang='lat' dir='ltr'><strong>quippe</strong></span> <span class='ocrx_word' id='word_1_660' title='bbox 812 5248 856 5294; x_wconf 90' lang='lat' dir='ltr'><strong>est</strong></span> <span class='ocrx_word' id='word_1_661' title='bbox 876 5238 911 5295; x_wconf 86' lang='lat' dir='ltr'><strong>de</strong></span> <span class='ocrx_word' id='word_1_662' title='bbox 960 5245 1109 5304; x_wconf 89' lang='lat' dir='ltr'><strong>conuenire</strong></span> <span class='ocrx_word' id='word_1_663' title='bbox 1132 5245 1290 5303; x_wconf 85' lang='lat' dir='ltr'><strong>bominibus</strong></span> <span class='ocrx_word' id='word_1_664' title='bbox 1313 5245 1459 5302; x_wconf 80' lang='lat' dir='ltr'><strong>difficultas</strong></span> <span class='ocrx_word' id='word_1_665' title='bbox 1481 5244 1556 5300; x_wconf 86' lang='lat' dir='ltr'><strong>nulla</strong></span> <span class='ocrx_word' id='word_1_666' title='bbox 1582 5241 1668 5304; x_wconf 84' lang='lat' dir='ltr'><strong>leret,</strong></span> <span class='ocrx_word' id='word_1_667' title='bbox 1699 5241 1753 5297; x_wconf 91' lang='lat' dir='ltr'><strong>nisi</strong></span> 
     </span>
     <span class='ocr_line' id='line_1_50' title="bbox 111 5329 1752 5409; baseline -0.007 -13"><span class='ocrx_word' id='word_1_668' title='bbox 111 5331 291 5388; x_wconf 62' lang='lat' dir='ltr'><strong>dominatore</strong></span> <span class='ocrx_word' id='word_1_669' title='bbox 302 5330 518 5403; x_wconf 67' lang='grc' dir='ltr'>ὓθθᾰῑιιιιιῑιιι,</span> <span class='ocrx_word' id='word_1_670' title='bbox 531 5331 612 5402; x_wconf 78' lang='lat' dir='ltr'><strong>cuius</strong></span> <span class='ocrx_word' id='word_1_671' title='bbox 625 5339 669 5388; x_wconf 90' lang='grc' dir='ltr'><strong>εει</strong></span> <span class='ocrx_word' id='word_1_672' title='bbox 681 5329 767 5388; x_wconf 87' lang='lat' dir='ltr'><strong>decus</strong></span> <span class='ocrx_word' id='word_1_673' title='bbox 780 5330 809 5386; x_wconf 90' lang='lat' dir='ltr'><strong>in</strong></span> <span class='ocrx_word' id='word_1_674' title='bbox 822 5331 910 5403; x_wconf 91' lang='lat' dir='ltr'><strong>gloria</strong></span> <span class='ocrx_word' id='word_1_675' title='bbox 960 5335 1044 5392; x_wconf 87' lang='lat' dir='ltr'><strong>horno</strong></span> <span class='ocrx_word' id='word_1_676' title='bbox 1057 5352 1140 5409; x_wconf 92' lang='lat' dir='ltr'><strong>quem</strong></span> <span class='ocrx_word' id='word_1_677' title='bbox 1155 5337 1324 5402; x_wconf 89' lang='lat' dir='ltr'><strong>assumebat,</strong></span> <span class='ocrx_word' id='word_1_678' title='bbox 1340 5337 1396 5392; x_wconf 91' lang='lat' dir='ltr'><strong>imo</strong></span> <span class='ocrx_word' id='word_1_679' title='bbox 1410 5335 1463 5392; x_wconf 91' lang='lat' dir='ltr'><strong>sibi</strong></span> <span class='ocrx_word' id='word_1_680' title='bbox 1477 5331 1619 5390; x_wconf 85' lang='lat' dir='ltr'><strong>condendo</strong></span> <span class='ocrx_word' id='word_1_681' title='bbox 1630 5330 1752 5401; x_wconf 85' lang='lat' dir='ltr'><strong>aptalat,</strong></span> 
     </span>
     <span class='ocr_line' id='line_1_51' title="bbox 110 5421 1751 5504; baseline -0.002 -25"><span class='ocrx_word' id='word_1_682' title='bbox 110 5424 292 5494; x_wconf 79' lang='lat' dir='ltr'><strong>majestatis;</strong></span> <span class='ocrx_word' id='word_1_683' title='bbox 310 5423 386 5479; x_wconf 92' lang='lat' dir='ltr'><strong>aliud</strong></span> <span class='ocrx_word' id='word_1_684' title='bbox 397 5424 432 5480; x_wconf 86' lang='lat' dir='ltr'><strong>de</strong></span> <span class='ocrx_word' id='word_1_685' title='bbox 449 5424 560 5480; x_wconf 88' lang='lat' dir='ltr'><strong>bomine</strong></span> <span class='ocrx_word' id='word_1_686' title='bbox 574 5424 666 5490; x_wconf 83' lang='lat' dir='ltr'><strong>serso,</strong></span> <span class='ocrx_word' id='word_1_687' title='bbox 681 5423 762 5494; x_wconf 80' lang='lat' dir='ltr'><strong>cujus</strong></span> <span class='ocrx_word' id='word_1_688' title='bbox 776 5423 843 5479; x_wconf 89' lang='lat' dir='ltr'><strong>item</strong></span> <span class='ocrx_word' id='word_1_689' title='bbox 861 5423 910 5479; x_wconf 88' lang='lat' dir='ltr'><strong>de·</strong></span> <span class='ocrx_word' id='word_1_690' title='bbox 960 5429 1038 5484; x_wconf 90' lang='lat' dir='ltr'><strong>solus</strong></span> <span class='ocrx_word' id='word_1_691' title='bbox 1061 5431 1096 5487; x_wconf 89' lang='lat' dir='ltr'><strong>ad</strong></span> <span class='ocrx_word' id='word_1_692' title='bbox 1110 5431 1249 5504; x_wconf 90' lang='lat' dir='ltr'><strong>negotium</strong></span> <span class='ocrx_word' id='word_1_693' title='bbox 1269 5437 1371 5486; x_wconf 75' lang='lat' dir='ltr'><strong>nostre</strong></span> <span class='ocrx_word' id='word_1_694' title='bbox 1382 5425 1593 5483; x_wconf 87' lang='lat' dir='ltr'><strong>restaurationis</strong></span> <span class='ocrx_word' id='word_1_695' title='bbox 1607 5421 1751 5480; x_wconf 82' lang='lat' dir='ltr'><strong>subiceret.</strong></span> 
     </span>
     <span class='ocr_line' id='line_1_52' title="bbox 110 5514 1754 5596; baseline -0.002 -24"><span class='ocrx_word' id='word_1_696' title='bbox 110 5523 286 5572; x_wconf 86' lang='lat' dir='ltr'><strong>cusconstat</strong></span> <span class='ocrx_word' id='word_1_697' title='bbox 300 5530 335 5572; x_wconf 83' lang='lat' dir='ltr'><strong>ex</strong></span> <span class='ocrx_word' id='word_1_698' title='bbox 353 5514 487 5587; x_wconf 85' lang='lat' dir='ltr'><strong>obsequio</strong></span> <span class='ocrx_word' id='word_1_699' title='bbox 506 5515 695 5586; x_wconf 73' lang='lat' dir='ltr'><strong>subiectionis.</strong></span> <span class='ocrx_word' id='word_1_700' title='bbox 712 5515 768 5572; x_wconf 87' lang='lat' dir='ltr'><strong>Sed</strong></span> <span class='ocrx_word' id='word_1_701' title='bbox 781 5516 828 5572; x_wconf 91' lang='lat' dir='ltr'><strong>ille</strong></span> <span class='ocrx_word' id='word_1_702' title='bbox 845 5531 910 5587; x_wconf 76' lang='lat' dir='ltr'><strong>pro</strong></span> <span class='ocrx_word' id='word_1_703' title='bbox 960 5519 1040 5578; x_wconf 88' lang='lat' dir='ltr'><strong>Unde</strong></span> <span class='ocrx_word' id='word_1_704' title='bbox 1051 5530 1136 5594; x_wconf 89' lang='lat' dir='ltr'><strong>patet,</strong></span> <span class='ocrx_word' id='word_1_705' title='bbox 1148 5523 1222 5596; x_wconf 91' lang='lat' dir='ltr'><strong>quod</strong></span> <span class='ocrx_word' id='word_1_706' title='bbox 1232 5539 1266 5580; x_wconf 83' lang='lat' dir='ltr'><strong>ex</strong></span> <span class='ocrx_word' id='word_1_707' title='bbox 1276 5521 1332 5578; x_wconf 80' lang='lat' dir='ltr'><strong>lieo</strong></span> <span class='ocrx_word' id='word_1_708' title='bbox 1342 5520 1562 5584; x_wconf 82' lang='lat' dir='ltr'><strong>Putrenatus,ex</strong></span> <span class='ocrx_word' id='word_1_709' title='bbox 1574 5515 1685 5590; x_wconf 80' lang='lat' dir='ltr'><strong>Virgine</strong></span> <span class='ocrx_word' id='word_1_710' title='bbox 1695 5527 1754 5570; x_wconf 88' lang='lat' dir='ltr'><strong>rna·</strong></span> 
     </span>
    </p>
   </div>
   <div class='ocr_carea' id='block_1_6' title="bbox 107 5673 1563 5889">
    <p class='ocr_par' dir='ltr' id='par_1_10' title="bbox 107 5673 1563 5889">
     <span class='ocr_line' id='line_1_53' title="bbox 163 5673 1563 5756; baseline 0.006 -27"><span class='ocrx_word' id='word_1_711' title='bbox 163 5675 228 5740; x_wconf 73' lang='lat' dir='ltr'><strong>isal</strong></span> <span class='ocrx_word' id='word_1_712' title='bbox 255 5673 287 5730; x_wconf 91' lang='lat' dir='ltr'><strong>ln</strong></span> <span class='ocrx_word' id='word_1_713' title='bbox 301 5675 354 5732; x_wconf 88' lang='lat' dir='ltr'><strong>line</strong></span> <span class='ocrx_word' id='word_1_714' title='bbox 368 5683 448 5731; x_wconf 87' lang='lat' dir='ltr'><strong>tract.</strong></span> <span class='ocrx_word' id='word_1_715' title='bbox 462 5673 501 5731; x_wconf 80' lang='lat' dir='ltr'><strong>Dc</strong></span> <span class='ocrx_word' id='word_1_716' title='bbox 515 5673 709 5747; x_wconf 81' lang='lat' dir='ltr'><strong>blio&#39;prodigo.</strong></span> <span class='ocrx_word' id='word_1_717' title='bbox 837 5743 844 5756; x_wconf 55' lang='lat'><em>,</em></span> <span class='ocrx_word' id='word_1_718' title='bbox 1010 5681 1073 5752; x_wconf 78' lang='grc'>195)</span> <span class='ocrx_word' id='word_1_719' title='bbox 1089 5682 1172 5756; x_wconf 71' lang='lat' dir='ltr'><strong>burg..</strong></span> <span class='ocrx_word' id='word_1_720' title='bbox 1187 5683 1207 5739; x_wconf 89' lang='lat' dir='ltr'><strong>l.</strong></span> <span class='ocrx_word' id='word_1_721' title='bbox 1224 5699 1255 5738; x_wconf 88' lang='grc' dir='ltr'><strong>ιιι</strong></span> <span class='ocrx_word' id='word_1_722' title='bbox 1269 5679 1459 5749; x_wconf 69' lang='lat' dir='ltr'><strong>contrabium,</strong></span> <span class='ocrx_word' id='word_1_723' title='bbox 1474 5697 1500 5740; x_wconf 89' lang='lat' dir='ltr'><strong>c.</strong></span> <span class='ocrx_word' id='word_1_724' title='bbox 1519 5679 1563 5738; x_wconf 79' lang='lat' dir='ltr'><strong>la.</strong></span> 
     </span>
     <span class='ocr_line' id='line_1_54' title="bbox 164 5743 1432 5830; baseline 0.004 -30"><span class='ocrx_word' id='word_1_725' title='bbox 164 5744 335 5829; x_wconf 62' lang='lat' dir='ltr'><strong>¹9⁴)‚APS-l·</strong></span> <span class='ocrx_word' id='word_1_726' title='bbox 345 5745 384 5801; x_wconf 79' lang='lat' dir='ltr'><strong>lle</strong></span> <span class='ocrx_word' id='word_1_727' title='bbox 398 5753 468 5818; x_wconf 85' lang='lat' dir='ltr'><strong>grat.</strong></span> <span class='ocrx_word' id='word_1_728' title='bbox 477 5745 545 5829; x_wconf 71' lang='lat' dir='ltr'><strong>Cirr.</strong></span> <span class='ocrx_word' id='word_1_729' title='bbox 553 5744 668 5816; x_wconf 71' lang='lat' dir='ltr'><strong>capit,</strong></span> <span class='ocrx_word' id='word_1_730' title='bbox 676 5753 704 5801; x_wconf 93' lang='lat' dir='ltr'><strong>et</strong></span> <span class='ocrx_word' id='word_1_731' title='bbox 711 5759 787 5828; x_wconf 84' lang='lat' dir='ltr'><strong>seqq.</strong></span> <span class='ocrx_word' id='word_1_732' title='bbox 799 5743 845 5826; x_wconf 81' lang='lat' dir='ltr'><strong>ulu</strong></span> <span class='ocrx_word' id='word_1_733' title='bbox 859 5758 910 5800; x_wconf 76' lang='lat' dir='ltr'><strong>vo-</strong></span> <span class='ocrx_word' id='word_1_734' title='bbox 1011 5753 1074 5830; x_wconf 72' lang='lat'><strong>196)</strong></span> <span class='ocrx_word' id='word_1_735' title='bbox 1090 5755 1174 5830; x_wconf 59' lang='lat' dir='ltr'><strong>Mag„</strong></span> <span class='ocrx_word' id='word_1_736' title='bbox 1189 5770 1233 5824; x_wconf 80' lang='lat' dir='ltr'><strong>m,</strong></span> <span class='ocrx_word' id='word_1_737' title='bbox 1250 5755 1315 5812; x_wconf 81' lang='lat' dir='ltr'><strong>dist,</strong></span> <span class='ocrx_word' id='word_1_738' title='bbox 1332 5754 1358 5820; x_wconf 82' lang='lat' dir='ltr'><strong>l,</strong></span> <span class='ocrx_word' id='word_1_739' title='bbox 1374 5749 1389 5826; x_wconf 60' lang='lat' dir='ltr'><strong>i</strong></span> <span class='ocrx_word' id='word_1_740' title='bbox 1404 5753 1432 5810; x_wconf 68' lang='grc' dir='ltr'><strong>ὅ.</strong></span> 
     </span>
     <span class='ocr_line' id='line_1_55' title="bbox 107 5814 906 5889; baseline -0.001 -17"><span class='ocrx_word' id='word_1_741' title='bbox 107 5814 906 5889; x_wconf 81' lang='lat' dir='ltr'><strong>eatpossnbnlitatempeccandr,quamaDeoesserlndocet.</strong></span> 
     </span>
    </p>
   </div>
   <div class='ocr_carea' id='block_1_7' title="bbox 0 0 1988 6333">
    <p class='ocr_par' dir='ltr' id='par_1_11' title="bbox 0 0 1988 6333">
     <span class='ocr_line' id='line_1_56' title="bbox 0 0 1988 6333; baseline 0 0"><span class='ocrx_word' id='word_1_742' title='bbox 0 0 1988 6333; x_wconf 95' lang='lat' dir='ltr'><strong> </strong></span> 
     </span>
    </p>
   </div>
  </div>
 </body>
</html>
