3967 6334
111 331 169 390 688
593 320 865 383 ssnttntnnnlt
879 319 970 377 liunt
988 318 1090 377 outo.
1110 352 1145 363 —
1161 320 1225 377 nto.
1242 318 1262 376 i.
1688 318 1741 378 080

112 448 237 521 Spirnrs
249 452 363 503 sanctus
375 456 484 515 quoque
499 441 557 513 ipse
568 448 612 499 est
624 439 709 509 Deus,
723 439 904 513 principium·
918 442 941 499 Α
956 451 1011 507 que
1026 434 1114 493 Filius
1128 445 1154 491 et
1168 436 1287 507 Spiritus
1302 438 1413 489 sanctus
1423 431 1602 503 procedentes
1613 431 1741 503 duosint,

109 556 167 613 que
179 555 236 595 uon
245 544 298 596 est.
315 535 406 605 Quare
418 534 491 607 quod
510 534 673 607 principium
689 540 743 597 est,
763 547 798 587 en
814 532 904 601 aliqua
954 543 1009 582 non
1023 528 1116 584 unus?
1128 526 1227 598 Utique
1241 527 1314 583 sicut
1326 524 1418 591 Pater,
1430 526 1468 581 ita
1478 524 1564 582 Pilius
1577 526 1742 599 principium

109 631 290 698 distinctione
306 645 430 702 pensum
449 636 512 685 est:
539 635 569 683 ut
589 634 681 683 autem
704 625 845 682 distinctio
858 624 904 679 irat
954 628 1013 687 est;
1031 620 1078 675 sed
1093 636 1155 675 cum
1170 619 1252 675 Pater
1266 620 1302 675 sit
1314 618 1431 675 duorum
1450 619 1632 691 principium,
1653 619 1742 677 Filius

110 722 270 796 (siquidem
284 737 319 778 en
340 736 372 778 ca
388 721 553 791 ‚communio
573 720 650 774 nulla
671 720 732 791 est)
756 718 836 773 aliter
851 715 904 772 Pa·
954 720 997 768 est
1016 712 1098 767 unius
1124 712 1297 783 principium.
1320 710 1386 768 ltcm
1410 710 1491 768 Pater
1513 719 1556 771 est
1575 712 1743 785 principium

108 824 166 879 ter,
185 814 264 870 aliter
281 812 369 868 Filius
382 812 546 884 principium
559 821 611 868 est.
627 811 709 868 Pater
723 825 860 882 namque,
876 817 905 866 et
953 804 1016 859 lilii
1038 814 1068 860 ut
1091 804 1172 871 Filii;
1194 803 1280 859 Filius
1301 810 1392 859 autem
1414 801 1534 874 Spiritus
1555 804 1663 866 sancti,
1686 814 1767 859 non·

108 903 187 968 Filii,
201 914 230 960 et
242 901 362 975 Spiritus
376 904 465 959 sancti
477 904 643 977 principium
658 912 719 971 est,
736 901 822 958 Filius
838 918 904 957 rero
954 897 1049 969 utique
1066 905 1096 950 ut
1111 894 1189 964 Filii,
1206 902 1288 967 atque
1302 894 1363 951 ideo
1378 894 1496 952 lortasse
1508 894 1588 951 aliter
1602 895 1648 952 bic
1660 910 1744 967 quam

108 995 201 1052 solius
222 993 341 1066 Spiritus
354 997 463 1051 sancti:
488 995 536 1050 sed
550 995 629 1050 aliter
648 993 725 1059 Filii,
747 994 827 1049 aliter
841 990 903 1063 Spi-
954 989 999 1045 ille
1013 989 1179 1060 principium
1195 995 1255 1051 ost,
1271 986 1374 1043 idcirco
1389 988 1524 1058 principia
1538 987 1603 1044 duo.

107 1088 184 1143 ritus
197 1087 285 1143 sancti
295 1086 459 1159 principium
470 1095 512 1141 est
522 1084 707 1150 PatcrzFilii,
720 1092 777 1140 uta
791 1099 821 1139 se
834 1082 901 1145 nati,
990 1080 1044 1137 Sed
1066 1082 1131 1137 licet
1155 1090 1269 1150 uterque
1290 1079 1386 1135 codem
1408 1078 1489 1135 modo
1513 1077 1632 1150 Spiritus
1653 1079 1744 1137 sancti
1778 1124 1782 1133 .

108 1177 234 1249 Spiritus
244 1178 343 1242 sancti,
358 1186 388 1231 ut
402 1193 418 1232 a
432 1194 461 1234 se
474 1178 657 1249 procedentis.
675 1176 757 1233 Pater
770 1183 861 1231 antem
875 1184 903 1230 et
953 1174 1119 1246 principium
1139 1187 1200 1229 esse
1220 1172 1357 1235 rideatur,
1378 1171 1557 1229 nihilominus
1577 1181 1667 1227 tamen
1687 1170 1743 1225 duo

106 1268 199 1327 Filius
210 1285 266 1326 uno
277 1269 428 1340 eodemque
441 1270 532 1338 modo,
554 1276 670 1341 uterque
684 1268 803 1340 Spiritus
813 1269 903 1325 sancti
952 1264 1088 1335 principia
1100 1261 1220 1333 Spiritus
1232 1263 1320 1317 sancti
1338 1277 1400 1317 esse
1420 1269 1555 1333 possunt;
1577 1262 1618 1317 sic
1635 1261 1743 1332 gemelli

104 1362 276 1433 principium
297 1362 490 1429 esseridetur,
516 1360 744 1433 quemadmodum
767 1360 823 1431 39
838 1359 901 1431 Spi-
953 1353 1073 1425 (magna
1088 1354 1181 1425 paruis
1196 1353 1321 1409 conterre
1335 1354 1358 1409 si
1374 1368 1428 1423 qrra
1445 1353 1553 1408 ratione
1568 1351 1649 1425 licet)
1664 1366 1743 1407 soro·

105 1452 183 1507 ritus
199 1452 257 1523 ipse
271 1450 457 1508 indifferenter
475 1452 510 1507 ab
531 1458 647 1523 utroque
663 1450 813 1522 procedere
825 1449 902 1506 ride-
952 1448 992 1502 ris
1007 1462 1064 1502 snae
1087 1445 1186 1501 iratres
1205 1444 1302 1501 eodem
1323 1453 1387 1500 sunt
1408 1444 1501 1509 modo,
1522 1452 1549 1501 et
1570 1452 1662 1499 tannen
1681 1444 1743 1515 ejus

103 1549 165 1598 tur.
182 1542 253 1597 Num
266 1558 332 1614 erpo
346 1542 476 1616 quoniam
490 1543 562 1599 sicut
579 1542 660 1599 Pater
673 1550 701 1597 ει
722 1540 827 1606 Filius,
846 1556 902 1597 uno
951 1539 1008 1595 duo
1022 1547 1086 1596 sunt
1098 1538 1208 1595 iratres.
1225 1536 1311 1594 Filius
1325 1546 1368 1595 est
1382 1553 1416 1594 er
1431 1536 1527 1605 Patre,
1544 1538 1664 1609 Spiritus
1677 1552 1742 1593 san-

103 1636 262 1707 eodenrque
276 1635 359 1690 modo
379 1643 495 1707 uterque
508 1636 680 1707 omnipotens
693 1643 751 1699 est,
776 1634 832 1689 imo
845 1652 901 1691 non
951 1642 1014 1688 ctus
1033 1648 1068 1689 ex
1088 1640 1223 1704 utroque:
1246 1638 1274 1687 ει
1293 1646 1356 1687 cum
1377 1632 1413 1688 sit
1427 1632 1497 1687 alins
1512 1630 1614 1695 Filius,
1630 1631 1742 1687 elalius

104 1728 165 1783 duo
175 1729 377 1799 omnipotentes
389 1728 437 1784 sed
447 1736 588 1795 unusest;
605 1728 643 1782 ita
653 1743 762 1799 quoque
772 1728 901 1798 quoniam
953 1723 1074 1797 Spiritus
1088 1732 1219 1788 sanctus,
1235 1739 1301 1778 num
1317 1722 1396 1779 aliter
1411 1731 1452 1779 est
1468 1723 1513 1778 bio
1527 1738 1559 1778 er
1575 1722 1673 1785 Patre,
1691 1724 1742 1777 ali-

103 1828 226 1892 utcrque
240 1818 359 1892 Spiritus
373 1821 460 1877 sancti
472 1836 527 1875 uno
540 1819 690 1892 eodemque
703 1818 784 1876 modo
798 1819 901 1891 princi·
914 1806 937 1863 Β
952 1824 993 1873 ter
1007 1816 1053 1872 ille
1073 1831 1105 1872 ex
1128 1814 1264 1885 utroque?
1278 1812 1364 1870 Video
1378 1815 1507 1887 gemellos
1522 1830 1578 1870 uuo
1590 1814 1743 1885 eodemque

102 1914 186 1984 pium
196 1922 248 1978 εει,
263 1912 325 1968 ideo
339 1928 394 1967 non
405 1913 459 1968 duo
470 1912 608 1984 principia
619 1918 685 1969 suin
704 1910 822 1983 Spiritus
835 1928 901 1969 san·
951 1912 1034 1968 modo
1049 1928 1082 1968 ex
1095 1911 1176 1967 Patre
1197 1925 1248 1967 suo
1267 1925 1346 1975 esse,
1365 1910 1546 1966 nihilominus
1564 1915 1657 1964 tamen
1674 1923 1690 1963 a
1710 1922 1741 1964 se

103 2006 157 2071 cti,
180 2004 348 2061 sedunum?
362 2003 416 2061 Sed
430 2020 514 2059 unam
528 2014 556 2060 et
576 2005 700 2062 eamdem
713 2012 822 2061 constat
838 2020 901 2062 esse
952 2004 1065 2061 distare.
1080 2002 1157 2070 Quod
1178 2003 1220 2066 si,
1240 2000 1470 2073 quemadmodum
1490 2000 1609 2073 Spiritus
1626 2007 1740 2057 sanctus

102 2097 347 2169 omnipotentiam,
363 2097 435 2153 sicut
447 2104 475 2153 et
488 2096 658 2153 divinitatem
673 2096 805 2166 duorum;
819 2106 901 2170 atque
951 2112 1008 2153 uno
1021 2095 1172 2167 eodemque
1188 2094 1269 2150 modo
1282 2092 1463 2151 videturesse
1476 2094 1601 2151 exPatre
1612 2102 1640 2151 et
1651 2093 1740 2163 Fillo;

100 2187 172 2247 ideo
187 2196 262 2247 recte
273 2190 337 2245 dico
347 2188 426 2246 Unus
445 2197 487 2247 cst
497 2189 682 2261 omnipotens,
696 2191 769 2247 sicut
780 2198 900 2248 aeternus
951 2190 989 2245 ita
1003 2188 1112 2261 quoque
1126 2196 1154 2245 ει
1172 2187 1269 2253 Filius,
1290 2203 1344 2242 non
1366 2187 1438 2252 alio,
1459 2187 1507 2244 sed
1526 2202 1559 2243 eo
1578 2188 1639 2259 ipso
1658 2188 1742 2244 modo

102 2278 194 2335 Deus.
951 2288 994 2337 est
1004 2296 1038 2336 ex
1048 2278 1130 2336 Patre
1141 2278 1182 2349 (si
1195 2288 1287 2335 tamen
1299 2294 1371 2334 unus
1385 2279 1481 2335 modus
1493 2286 1653 2350 potestesse
1664 2268 1745 2349 ejus,

139 2368 252 2425 Relatio
268 2377 360 2426 autem
376 2371 486 2427 tametsi
500 2371 616 2436 similis,
636 2387 690 2427 non
708 2388 763 2427 una
779 2371 901 2431 fortasse
951 2374 998 2444 qui
1012 2371 1182 2443 generando,
1199 2378 1226 2426 et
1241 2370 1315 2425 illius
1329 2370 1376 2442 qui
1396 2370 1475 2425 aliter
1494 2380 1537 2425 εει
1558 2386 1590 2425 ex
1606 2370 1742 2441 principio

100 2469 148 2518 est
169 2477 204 2518 ea
221 2478 284 2534 quae
300 2463 372 2518 inter
392 2462 502 2519 Patrem
519 2470 548 2519 et
566 2462 716 2535 Spiritum,
731 2472 760 2522 ct
780 2466 827 2521 illa
839 2482 901 2538 quae
952 2464 1024 2536 suo)
1039 2462 1218 2517 nibilominus
1232 2468 1324 2517 tamen
1337 2458 1426 2516 Filius
1440 2466 1522 2531 atque
1542 2456 1662 2532 Spiritus
1676 2476 1743 2517 san-

101 2553 180 2609 inter
191 2552 302 2611 Patrem
314 2570 347 2610 ac
359 2553 475 2623 Filium,
496 2563 523 2612 ct
543 2556 669 2612 eumdem
688 2554 819 2627 Spiritum
835 2574 901 2615 san·
951 2566 1012 2613 ctus
1026 2571 1090 2613 vere
1104 2554 1158 2611 duo
1179 2559 1260 2621 sunt,
1280 2553 1336 2610 duo
1353 2566 1463 2624 quoque
1481 2551 1661 2624 procedentes
1679 2566 1742 2609 esse

101 2652 206 2713 ctum;
222 2653 269 2701 aut
287 2646 310 2703 si
326 2653 384 2712 est,
399 2662 455 2703 non
469 2648 527 2717 jam
546 2647 666 2705 tortasse
683 2649 755 2715 duo,
773 2648 855 2707 Pater
872 2658 900 2708 et
951 2638 1083 2719 possuut3
1104 2644 1177 2699 sicut
1195 2642 1267 2715 apud
1288 2658 1340 2699 nos
1360 2643 1438 2713 plura
1459 2658 1531 2715 saepe
1548 2658 1581 2698 ex
1602 2657 1677 2707 uno,
1693 2650 1742 2698 aut

101 2736 196 2794 Filius
220 2738 340 2811 Spiritus
355 2742 444 2797 sancti
456 2741 591 2812 principia
603 2749 683 2808 sunt,
697 2743 857 2813 sedunum,
869 2752 900 2800 ut
950 2738 1077 2810 pluribus
1093 2735 1237 2807 principiis
1261 2733 1388 2790 similiter
1412 2733 1581 2805 procedunt,
1601 2740 1629 2789 et
1648 2741 1741 2791 tamen

98 2830 230 2901 jamdici
244 2833 435 2904 possit,quod
447 2835 519 2889 sieut
532 2841 597 2889 sunt
609 2832 900 2905 quaedamcommunia
951 2847 1007 2886 non
1027 2844 1130 2893 unum,
1152 2827 1201 2885 sed
1225 2827 1305 2897 plura
1325 2826 1503 2898 procedentia
1524 2832 1604 2892 sunt,
1622 2832 1649 2882 et
1670 2841 1685 2880 a
1710 2842 1741 2883 so

100 2922 216 2988 tribus,
236 2924 275 2980 ita
292 2941 401 2997 quoque
420 2925 473 2979 alia
492 2933 557 2981 sunt
573 2941 638 2982 rere
655 2927 812 2982 communia
826 2928 897 2983 duo·
950 2934 1026 2983 certa
1040 2924 1146 2981 ratione
1160 2922 1302 2978 distincta.
1678 2992 1680 2997 Ι

101 3014 180 3069 bns:
203 3030 322 3085 quorum
344 3032 411 3087 pars
430 3016 588 3073 differenter
608 3018 698 3084 inest,
714 3028 744 3074 ut
758 3020 900 3091 processio
987 3021 1037 3077 Sin
1051 3028 1142 3077 autem
1158 3020 1236 3074 alitor
1248 3024 1276 3074 et
1290 3017 1369 3074 aliter
1385 3018 1433 3091 (ut
1448 3016 1607 3075 credibilius
1622 3017 1741 3075 tortasse

101 3104 177 3163 Pilio
192 3114 274 3179 atque
289 3106 402 3181 Spiritui
415 3117 511 3165 sancto
525 3126 534 3177 ;
548 3117 596 3164 ant
609 3110 774 3182 principium
788 3125 899 3185 quoquo
950 3112 1079 3187 ridetur)
1097 3112 1184 3169 Filius
1198 3119 1286 3167 estex
1301 3109 1401 3175 Patre,
1419 3110 1540 3181 Spiritus
1555 3127 1587 3168 ex
1601 3119 1719 3185 utroque
1731 3131 1739 3179 ;

100 3199 190 3255 inodo
202 3200 342 3266 habitum,
358 3200 428 3255 Filio
439 3209 522 3273 atque
537 3200 623 3258 Patri.
638 3200 708 3259 Pars
722 3211 814 3260 autem
826 3204 899 3277 (mo-
947 3206 1005 3277 jam
1015 3206 1087 3263 inter
1097 3204 1167 3261 duos
1176 3202 1349 3260 manifestior
1361 3210 1474 3274 apparet
1489 3202 1640 3269 distinctio,
1652 3212 1679 3261 et
1689 3220 1740 3260 sua

100 3306 135 3349 re
146 3293 242 3349 tribus
255 3294 456 3367 communium)
471 3311 526 3352 uno
538 3302 566 3351 et
577 3294 742 3352 indifferenti
756 3297 839 3353 modo
850 3297 899 3353 ba·
949 3298 1093 3370 utriusque
1107 3296 1264 3354 distinctius
1284 3296 1421 3352 cernenda
1435 3294 1490 3369 40
1502 3295 1612 3352 ridetur
1628 3310 1741 3368 proces-

99 3384 199 3449 betur,
215 3395 247 3440 ut
258 3387 424 3457 principium
436 3388 465 3442 in
478 3386 560 3445 Patre
573 3395 601 3443 et
614 3386 684 3445 Filio
695 3396 821 3460 respectu
835 3388 899 3460 Spi·
948 3389 1002 3449 sio.
1021 3388 1067 3445 Sic
1081 3403 1190 3461 quoque
1202 3386 1285 3443 Pater
1304 3394 1386 3459 atque
1400 3384 1498 3452 Filius,
1513 3386 1537 3441 si
1552 3392 1667 3457 uterque
1683 3402 1739 3443 uno

101 3474 180 3529 ritus
190 3476 279 3530 sancti
292 3494 301 3544 ς
313 3484 396 3549 atque
406 3477 480 3542 ideo,
492 3478 565 3533 sicut
581 3485 636 3536 tres
650 3487 715 3535 sunt
728 3495 801 3535 unus
815 3478 898 3547 Deus,
949 3483 1039 3539 solum
1058 3480 1140 3541 modo
1158 3479 1324 3551 principium
1343 3494 1406 3535 esse
1423 3477 1610 3548 concedatur;
1625 3477 1654 3534 in
1673 3494 1738 3552 pers

100 3575 130 3623 et
154 3584 232 3624 unum
253 3569 447 3640 omnipotens,
468 3571 506 3625 ita
528 3572 583 3627 duo
605 3581 669 3628 sunt
688 3588 774 3628 unum
793 3573 900 3645 princi·
949 3592 1016 3633 sona
1030 3584 1121 3631 tamen
1136 3587 1151 3629 a
1166 3588 1195 3629 se
1209 3570 1318 3629 differre
1332 3570 1488 3628 nullatenus
1503 3578 1648 3643 negentur,
1669 3571 1740 3629 duo·

99 3660 192 3731 pium.
207 3659 242 3715 Et
255 3662 320 3717 item
335 3661 407 3727 duo,
423 3662 575 3735 procedens
587 3680 659 3721 unus
678 3674 739 3733 est;
755 3666 828 3737 quod
842 3681 898 3721 non
948 3684 1003 3740 que
1017 3666 1152 3739 principia
1168 3665 1209 3723 sic
1222 3680 1332 3737 quoque
1345 3680 1407 3722 esse
1419 3678 1501 3736 posse
1513 3664 1650 3729 dicantur,
1666 3664 1740 3721 sicut

100 3750 174 3808 adeo
190 3752 322 3809 credibile
340 3754 458 3810 ridetur.
481 3754 616 3811 Convenit
633 3757 707 3813 enirn
725 3764 755 3812 ut
772 3772 899 3828 personre
949 3760 1022 3834 apud
1041 3774 1092 3815 nos
1111 3766 1177 3815 sunt
1195 3758 1320 3831 quaedam
1341 3772 1355 3811 a
1375 3772 1405 3813 se
1424 3755 1549 3825 diversa,
1563 3763 1591 3811 et
1604 3756 1740 3828 principia

101 3846 162 3900 sint
182 3861 269 3901 unum
286 3847 406 3903 inomni
423 3863 457 3904 eo
476 3848 548 3920 quod
572 3866 605 3905 ex
629 3859 727 3906 natura
744 3850 898 3907 divinitatis
949 3858 1087 3925 separata,
1112 3850 1239 3923 quamvis
1259 3864 1275 3904 a
1296 3863 1326 3905 se
1344 3847 1453 3905 diversa
1472 3862 1527 3903 non
1546 3846 1654 3904 diverse
1675 3862 1740 3919 pro-

99 3939 277 4010 suscipiunt,
292 3947 319 3995 et
333 3956 390 3995 non
404 3941 459 3997 sint
474 3958 557 3997 unum
574 3943 601 3997 in
616 3942 736 4014 eoquod
751 3959 784 3999 ex
800 3950 897 3998 natura
950 3945 1063 3999 drroam.

100 4030 295 4087 distinctionis
311 4041 466 4089 assumunt.
483 4032 550 4089 Nam
564 4033 696 4090 divinitas
708 4034 793 4107 exigit
807 4036 898 4107 singn-
985 4031 1036 4091 Sin
1051 4040 1143 4089 autem
1160 4030 1242 4087 Pater
1256 4039 1283 4087 et
1296 4030 1376 4086 aliter
1390 4045 1472 4102 quam
1488 4028 1590 4095 Filius,
1604 4029 1677 4101 quod
1692 4044 1738 4087 re·

101 4124 246 4179 laritatem
260 4141 268 4191 ;
284 4124 427 4181 distinctio
440 4132 530 4181 autem
544 4124 682 4181 desiderat
698 4125 896 4197 pluralitatem.
947 4127 1009 4183 rius
1025 4133 1147 4199 putatur,
1166 4123 1195 4178 in
1209 4130 1308 4179 natura
1325 4123 1453 4193 principii
1472 4138 1502 4179 se
1517 4121 1618 4188 babet;
1634 4130 1739 4193 quanto

100 4212 237 4270 Personae
255 4231 288 4270 ex
305 4216 449 4272 divinitate
466 4216 568 4271 babent
586 4218 690 4281 multa,
710 4225 846 4273 ettamen
864 4233 896 4274 ex
948 4218 1036 4289 magis
1051 4214 1125 4271 aliud
1141 4214 1202 4280 bic,
1222 4214 1294 4271 aliud
1320 4214 1383 4279 illc,
1402 4214 1426 4271 si
1448 4214 1485 4269 ita
1503 4221 1545 4270 est
1563 4221 1593 4268 ut
1611 4213 1733 4280 ridetur,

100 4306 201 4363 multis
220 4308 386 4364 matrerm
405 4316 488 4363 sunt:
506 4315 571 4365 sunt
585 4309 694 4380 quidem
709 4316 786 4377 tres,
801 4325 897 4366 rernm
948 4310 1118 4381 principium
1140 4322 1203 4365 esse
1224 4306 1326 4363 debet?
1347 4304 1376 4361 Si
1395 4307 1468 4362 enim
1489 4305 1582 4379 (quod
1602 4323 1738 4365 essenon

100 4398 228 4455 aliunde.
253 4398 322 4455 Nam
345 4416 380 4456 ex
404 4400 498 4455 multis
523 4400 577 4457 illis
595 4416 651 4457 non
670 4411 735 4457 sunt
752 4401 807 4457 nisi
825 4418 898 4459 unus
950 4402 1063 4477 potest)
1078 4402 1233 4459 divinitatis
1247 4401 1339 4457 unitas
1353 4401 1528 4468 abscederet,
1541 4417 1738 4473 personarum·

100 4490 190 4548 Dens.
212 4490 242 4546 Si
259 4491 333 4547 enim
352 4491 545 4549 distinctiones
567 4509 750 4565 personarum
773 4510 829 4551 non
853 4510 898 4551 es·
913 4505 936 4559 1)
949 4511 1003 4568 que
1031 4493 1153 4549 Trinitas
1180 4498 1348 4557 remaneret,
1376 4506 1502 4563 personae
1525 4492 1656 4563 quoniam
1679 4492 1738 4564 jam

101 4592 185 4647 sent,
205 4599 270 4638 cum
289 4584 371 4639 modo
388 4592 500 4655 propter
513 4600 561 4642 eas
574 4593 632 4665 tres
651 4588 721 4651 sint,
736 4592 804 4641 tunc
823 4603 895 4643 rinus
948 4604 1004 4645 non
1018 4596 1111 4645 essent
1125 4603 1197 4643 unus
1219 4585 1309 4650 Deus,
1330 4585 1426 4657 utique
1443 4600 1495 4640 nec
1518 4601 1590 4641 unns
1610 4577 1757 4657 ornnipo-¹

100 4680 183 4734 solus
202 4679 231 4733 in
250 4678 345 4734 multis
363 4688 495 4736 maneret.
518 4680 551 4735 Et
570 4681 700 4752 quoniam
723 4681 747 4737 is
768 4683 895 4753 omnipo-
949 4689 1022 4747 tens,
1038 4696 1089 4737 nec
1103 4686 1196 4737 essent
1215 4694 1287 4735 unus
1307 4679 1492 4743 omnisciens,
1513 4694 1565 4735 nec
1587 4678 1736 4735 incaeteris

100 4780 185 4835 tens,
201 4772 226 4826 is
240 4772 345 4835 bonus,
362 4772 386 4827 is
400 4773 529 4843 sapiens,
546 4780 628 4844 atque
642 4773 809 4838 immensus,
825 4773 897 4831 idem
947 4773 1127 4831 convenirent
1141 4770 1261 4835 unitate,
1275 4786 1357 4841 qnam
1378 4771 1539 4827 substantiae
1559 4770 1737 4842 singularitas

100 4864 202 4933 utique
222 4864 301 4933 plura
321 4863 379 4919 lucc
399 4872 488 4929 esset,
508 4865 639 4936 quoniam
659 4865 778 4936 plurima
797 4866 896 4936 nujus·
947 4866 1081 4938 dissipata
1101 4882 1195 4922 secum
1217 4865 1322 4936 absque
1342 4864 1426 4921 dubio
1445 4865 1614 4937 dissiparet:
1635 4866 1737 4922 nibilo-

100 4954 181 5009 modi
206 4954 340 5024 babcrot;
366 4964 533 5012 nontamen
557 4956 663 5026 plures,
687 4956 817 5027 quoniam
838 4958 898 5029 ipse
946 4958 1040 5014 minus
1053 4965 1146 5013 tamen
1159 4972 1284 5027 personae
1302 4955 1330 5011 id
1347 4963 1436 5012 totum
1457 4966 1522 5013 tunc
1540 4966 1634 5015 essent
1654 4956 1736 5028 quid-

98 5064 179 5104 unus
194 5048 271 5104 solus
285 5055 367 5105 esset.
384 5046 431 5104 Sic
450 5048 542 5103 omnia
558 5048 650 5105 Caesar
664 5056 740 5112 erat,
763 5064 837 5104 unus
854 5058 897 5104 ta·
947 5048 1013 5123 quid
1029 5048 1110 5104 modo
1124 5058 1189 5105 sunt
1201 5066 1236 5105 cr
1254 5056 1352 5104 natura
1369 5050 1543 5122 pluralitatis.
1566 5050 1643 5106 Unde
1660 5054 1736 5122 patet

101 5154 170 5195 rnen
185 5139 358 5195 solummodo
371 5140 516 5196 existebat.
529 5138 608 5207 Quod
620 5140 642 5196 si
658 5148 754 5196 sancta
762 5139 895 5205 Trinitas,
947 5142 1021 5214 quod
1035 5140 1118 5198 Pater
1131 5150 1159 5198 ει
1173 5140 1259 5197 Filius
1279 5144 1334 5199 drro
1355 5150 1422 5199 tunc
1442 5144 1594 5215 principia;
1615 5145 1736 5217 itemque

100 5232 218 5287 tametsi
235 5232 436 5303 quamplurima
451 5248 508 5287 suae
522 5232 620 5287 babeat
634 5232 751 5303 insignia
766 5233 897 5289 substan·
946 5231 1034 5288 Filius
1049 5240 1130 5303 atque
1145 5231 1266 5304 Spiritus
1282 5242 1396 5289 sanctus
1414 5232 1468 5288 duo
1489 5235 1671 5304 procedentes
1693 5234 1735 5289 lo·

99 5324 168 5390 tia,
184 5324 364 5382 nibilominus
384 5332 476 5379 tamen
498 5325 525 5379 in
547 5323 677 5379 omnibus
691 5324 747 5379 illis
762 5325 828 5396 quia
841 5340 896 5379 nna
946 5331 1023 5390 rent,
1038 5324 1167 5394 quoniam
1184 5333 1250 5379 tune
1262 5326 1330 5379 nibil
1343 5340 1405 5381 esse
1417 5340 1501 5379 unum
1517 5335 1640 5396 possent.
1654 5326 1734 5383 Nunc

100 5425 147 5473 cst
170 5417 344 5482 substantia,
367 5431 422 5472 nna
442 5431 553 5487 quoque
570 5423 614 5472 est
633 5423 750 5483 natura;
771 5432 821 5471 cur
840 5433 896 5471 non
946 5423 1037 5469 autem
1048 5415 1123 5469 salra
1133 5414 1285 5470 divinitatis
1297 5416 1497 5487 singularitate,
1509 5417 1584 5472 salsa
1596 5418 1661 5474 item
1671 5434 1735 5490 per·

100 5510 168 5565 duae
181 5524 323 5580 personze,
339 5508 402 5564 licet
419 5507 473 5563 illis
488 5521 542 5561 una
561 5506 728 5562 concedatur
743 5507 896 5576 personalis
947 5520 1077 5561 sonarum
1089 5506 1255 5576 pluralitate,
1269 5524 1318 5563 cur
1329 5524 1384 5565 non
1397 5517 1511 5580 uterque
1521 5510 1568 5579 jus
1580 5526 1660 5566 suum
1676 5527 1734 5569 ser-

99 5602 252 5657 conrenire
262 5601 424 5672 proprietas,
436 5607 557 5655 attamen
568 5598 632 5670 quia
642 5598 677 5653 ad
690 5598 896 5654 distinctionem
931 5606 991 5653 ret
1004 5596 1159 5669 integrum,
1175 5606 1205 5652 ut
1221 5615 1346 5670 personae
1363 5602 1434 5659 sicut
1449 5609 1512 5657 sunt
1522 5617 1556 5658 ex
1567 5608 1665 5657 natura
1676 5602 1735 5659 sin-

100 5695 238 5763 pertinet‚
251 5696 343 5766 petius
354 5696 382 5749 in
393 5710 425 5748 ea
437 5698 501 5749 sunt
517 5691 578 5747 duae
591 5706 673 5763 quant
688 5708 759 5759 una,
772 5698 802 5745 ut
815 5690 896 5746 Pater
947 5689 1102 5759 pularitatis
1116 5691 1181 5762 quid
1195 5708 1295 5757 unum,
1313 5710 1338 5748 v.
1352 5710 1379 5766 g.
1395 5710 1469 5751 unrrs
1482 5693 1565 5759 Deus,
1581 5707 1653 5749 unus
1668 5692 1734 5749 un-

98 5794 131 5843 ct
144 5785 233 5844 Filius
247 5803 305 5851 non
320 5803 405 5843 unum
421 5785 586 5858 principium
600 5784 655 5840 sint
669 5784 717 5841 sed
730 5784 800 5847 dno,
816 5784 896 5839 item·
947 5782 1135 5869 nipotens'pita
1149 5784 1206 5841 sint
1218 5798 1366 5858 qrroqneer
1379 5788 1556 5845 distinctione
1568 5786 1734 5860 pluralitatis
