3967 6334
112 299 160 354 es
641 296 675 354 tn
696 298 794 356 naun
814 297 862 356 er
880 299 1049 368 oueruon
1066 288 1260 358 onerario:
1722 299 1759 354 eo
1779 269 1784 276 ’

121 409 800 480 dere.etsuamincorporihusanimationemetin
809 424 919 472 aeternts
930 423 958 484 Α
970 424 1044 479 etus,
1066 413 1114 486 qui
1137 415 1271 470 rationem
1285 411 1438 470 diriuitatis
1460 411 1582 474 colende
1594 417 1622 467 et
1635 412 1697 468 rita
1715 428 1759 468 re-

121 503 383 562 cousiderationem.
403 499 444 563 hd
460 499 657 574 physiologiam
666 501 778 574 quidam
791 503 914 574 respicit,
966 505 1061 580 genda
1072 505 1201 563 humanis
1215 505 1371 578 pectoribus
1387 502 1516 562 infundit.

120 597 199 672 quod
211 597 250 654 ibi
264 595 365 652 dicitur
384 592 468 652 :Noa
477 593 623 664 intelligitis
635 594 698 666 quio
711 611 786 650 omre
804 596 874 668 qood
888 597 916 652 in
1001 598 1140 655 Ambrosii
1163 604 1192 655 et
1225 598 1312 654 Boetii
1334 597 1486 655 divisiones
1517 596 1551 654 de
1574 595 1759 670 philosophia,

121 691 267 755 orintrat,
291 689 319 742 in
339 696 454 742 uentrem
465 685 549 752 ondit,
567 697 593 742 ει
610 688 637 741 in
648 703 777 745 recessum
786 689 916 746 emittitur
966 687 1090 746 vicissim
1116 704 1147 745 se
1168 687 1323 744 includunt.
1349 687 1460 744 lloralis
1486 686 1560 742 enim
1587 687 1760 760 philosophia

122 783 236 858 (llatth.
252 798 307 850 rv;
325 779 488 852 libravit).
966 786 1090 837 continet
1104 789 1161 837 tres
1174 781 1281 852 species
1301 781 1454 850 practices,
1474 779 1648 848 rationalem,
1675 781 1763 838 idest

159 876 325 931 Ambrosius
339 889 422 944 super
435 872 536 928 lucam
549 894 556 930 ι
571 892 581 925 ε
600 873 664 928 Tria
679 881 743 930 suut
755 889 816 946 quae
828 873 917 946 philo·
967 873 1158 944 inspectivam,
1179 873 1393 929 intellectibilem
1408 883 1436 929 et
1450 871 1658 944 intelligibilem.
1672 871 1761 930 lluto-

122 970 206 1042 sophi
219 969 315 1024 mundi
328 969 409 1024 istius
422 967 672 1037 praecellentissima
683 975 856 1040 putav-erunt,
867 967 917 1022 tri·
966 966 1034 1022 ralis
1048 981 1113 1022 vero
1126 965 1222 1022 eadem
1236 974 1289 1028 est.
1302 981 1363 1037 quae
1373 973 1400 1022 ει
1413 965 1593 1038 physiologia.

123 1060 225 1132 plicem
240 1059 345 1116 scilicet
357 1073 419 1115 esse
434 1059 608 1128 sapientiam,
625 1059 697 1130 quod
712 1067 759 1114 aut
774 1059 917 1116 rationalis
1003 1057 1174 1130 Augustinus
1190 1057 1218 1113 in
1232 1057 1354 1129 Epistola
1369 1057 1403 1113 ad
1418 1056 1598 1114 Volusianum
1612 1075 1644 1113 :r
1661 1055 1702 1113 Ex
1715 1054 1760 1116 bis'

122 1159 178 1220 est,
196 1159 242 1206 aot
255 1151 400 1214 naturalis,
421 1157 468 1204 aut
488 1151 608 1206 moralis.
619 1149 688 1208 'llaec
701 1153 754 1206 tria
773 1151 802 1208 in
825 1151 917 1208 Veteri
967 1149 1078 1205 duobus
1107 1150 1253 1221 praeceptis
1280 1169 1286 1204 :
1313 1147 1414 1220 Diliges
1444 1141 1528 1204 licum
1556 1158 1582 1204 ει
1609 1152 1761 1220 proximam

122 1239 302 1297 'testamento
325 1256 473 1313 possumus
491 1241 642 1299 aduertere.
663 1243 733 1310 Quid
755 1243 827 1300 enim
843 1243 917 1300 aliud
968 1239 1078 1314 (ιιαιιιι.
1093 1245 1133 1313 v),
1147 1240 1214 1297 dicit
1222 1239 1351 1297 Christus
1361 1247 1447 1296 totam
1461 1242 1546 1314 legem
1559 1239 1761 1313 prophetasque

123 1331 280 1402 significant
294 1341 351 1387 tres
366 1332 403 1386 illi
419 1332 504 1402 putei,
520 1347 636 1403 quorum
651 1350 722 1390 unus
732 1341 774 1389 est
789 1335 915 1404 visionis,
967 1334 1097 1408 pendere.
1113 1333 1165 1390 llic
1178 1334 1290 1407 physica
1302 1341 1359 1400 est,
1374 1335 1504 1406 quoniam
1523 1349 1619 1392 omnes
1637 1336 1760 1391 omniunt

123 1425 195 1481 alius
211 1425 371 1495 juramenti,
384 1425 484 1481 tertius
498 1425 681 1490 abundantiae,
706 1428 759 1483 uisi
781 1429 917 1500 triplicem
967 1435 1130 1483 naturarum
1143 1441 1236 1482 cause
1250 1427 1277 1482 iu
1291 1425 1347 1484 beo
1361 1434 1485 1484 creatore
1499 1435 1575 1484 sunt.
1591 1426 1643 1482 llic
1658 1427 1759 1493 ethica,

123 1517 205 1572 istam
218 1517 244 1571 in
256 1515 422 1587 patriarchis
436 1515 522 1573 inisse
533 1517 679 1574 virtutem?
690 1519 792 1576 Puteus
801 1521 917 1578 visionis
968 1521 1100 1591 quoniam
1122 1521 1179 1576 vita
1203 1521 1276 1576 bona
1290 1527 1317 1576 et
1331 1521 1446 1578 honesta
1463 1534 1519 1576 non
1533 1520 1642 1576 aliunde
1657 1518 1760 1575 lorma·

122 1614 167 1662 εει
182 1607 366 1672 rationabilis,
382 1607 502 1679 eoquod
518 1609 588 1664 ratio
601 1610 690 1665 visum
710 1610 810 1668 mentis
831 1611 916 1678 acuit,
968 1619 1024 1678 tur,
1039 1627 1122 1684 quam
1138 1626 1200 1667 cum
1214 1626 1247 1667 ea
1261 1625 1322 1682 quae
1336 1609 1474 1683 diligenda
1488 1618 1563 1678 suut,
1581 1611 1760 1684 quemadmo-

121 1707 150 1754 et
164 1699 250 1754 uniuri
270 1707 369 1772 purgat
388 1699 524 1758 obtutum.
540 1699 642 1758 Puteus
653 1701 802 1772 juramenti
817 1710 859 1761 est
872 1719 917 1762 sa·
968 1703 1034 1762 dum
1056 1703 1194 1775 diligenda
1217 1709 1292 1770 sunt,
1318 1701 1479 1774 diliguntur,
1503 1703 1556 1758 hoe
1579 1711 1632 1766 est.
1647 1701 1761 1759 houset

121 1791 226 1862 pientia
248 1793 393 1858 naturalis,
416 1807 477 1864 quae
498 1808 530 1849 ea
550 1809 611 1866 quae
631 1802 736 1850 naturm
749 1803 823 1862 sont,
838 1811 915 1852 com·
928 1782 951 1839 Β
965 1797 1117 1868 proximus.
1142 1793 1193 1851 llic
1214 1796 1313 1866 logica,
1338 1794 1469 1866 quoniam
1491 1795 1593 1852 veritas
1613 1794 1762 1866 lumenque

121 1883 267 1954 prehendit
281 1891 308 1940 et
322 1883 438 1940 allirmat
458 1885 538 1956 quasi
558 1886 688 1957 jurando,
704 1904 766 1943 eum
781 1887 914 1948 Dominus
967 1888 1067 1944 animae
1078 1887 1232 1953 rationalis,
1249 1887 1361 1943 nonnisi
1376 1885 1450 1941 Dens
1461 1894 1513 1942 est.
1536 1886 1587 1942 llio
1606 1887 1688 1943 etiam
1702 1885 1762 1941 lao-

121 1983 241 2039 naturte‚
263 1975 351 2032 idest
373 1975 455 2042 Deus,
473 1979 552 2050 quasi
572 1981 651 2035 testis
674 1979 737 2036 ildei
760 1981 913 2041 adhibetur.
966 1979 1066 2036 dabilis
1088 1979 1245 2050 reipublice
1266 1979 1352 2035 salus.
1377 1977 1471 2049 Neque
1494 1977 1568 2034 euim
1592 1978 1762 2035 condituret

121 2065 229 2124 Puteus
244 2067 416 2124 abundantiae
429 2075 472 2126 est
484 2071 602 2136 ethicus,
623 2087 655 2128 eo
669 2073 741 2144 quod
755 2073 915 2134 cedentibus
966 2073 1122 2129 custoditur
1142 2073 1246 2144 optima
1266 2072 1383 2137 civitas,
1398 2071 1452 2127 nisi
1466 2069 1645 2127 fundamento
1659 2079 1686 2126 et
1699 2071 1762 2126 vin·

124 2157 289 2229 hilopbvlis‚
304 2174 418 2228 quorum
433 2161 523 2232 specie
537 2162 604 2218 vitia
615 2164 739 2234 corporis
753 2163 914 2235 ligurantur,
967 2167 1031 2221 culo
1054 2165 1117 2221 lidei
1141 2165 1280 2236 llrmaeque
1303 2164 1467 2228 concordiae,
1482 2179 1545 2218 eum
1559 2164 1661 2219 bonum
1685 2178 1762 2220 com·

124 2251 194 2307 rivm
206 2267 283 2307 vente
296 2252 428 2323 liquorem
442 2252 519 2310 lsaac
534 2255 638 2311 invenit
653 2253 730 2328 (Gen.
748 2256 834 2329 xxvi).
859 2257 915 2314 Pu·
967 2271 1050 2313 mune
1063 2255 1195 2329 diligitur,
1212 2255 1287 2328 quod
1301 2267 1438 2311 summum
1453 2269 1485 2310 ac
1500 2253 1673 2311 verissimum
1688 2251 1762 2312 beot

120 2358 183 2398 rum
205 2344 290 2408 enim,
312 2341 452 2414 profluunt
475 2345 540 2401 boni
562 2361 668 2412 mores,
684 2353 712 2402 ει
726 2347 835 2403 bonitas
856 2349 916 2421 ipsa
967 2355 1019 2416 est,
1040 2357 1122 2420 atque
1142 2350 1171 2404 in
1191 2349 1239 2403 illo
1258 2347 1375 2404 invicem
1391 2345 1579 2402 sincerissime
1591 2361 1621 2402 se
1636 2345 1762 2402 homines

121 2433 263 2504 popularis
285 2431 422 2508 [pluralis]
445 2435 566 2492 abundat
586 2437 664 2502 aliis,
681 2437 734 2493 sihi
751 2439 913 2497 restrictior.
967 2440 1096 2511 diligunt,
1120 2454 1183 2495 cum
1209 2444 1321 2510 propter
1347 2436 1423 2491 illum
1447 2451 1477 2492 se
1500 2435 1632 2506 diligunt,
1648 2434 1693 2490 cni
1706 2449 1762 2505 qno

121 2525 193 2592 Quid
206 2526 289 2581 etiam
303 2533 360 2582 tres
376 2527 438 2581 libri
451 2525 605 2585 Salomonis
619 2530 673 2586 nisi
687 2530 767 2586 trinae
778 2531 859 2602 hujus
871 2549 915 2588 sa·
967 2534 1060 2588 animo
1072 2531 1198 2604 diligant,
1219 2531 1357 2587 occultare
1371 2543 1427 2584 non
1442 2535 1568 2600 possunt.
1584 2525 1657 2583 ldem
1672 2527 1699 2581 in
1714 2541 1763 2581 oc·

121 2621 232 2692 pientiae
247 2621 422 2678 Salomonem
437 2623 585 2680 ostendunt
605 2623 690 2680 luisse
715 2626 864 2682 solertem?
878 2625 916 2682 De
966 2629 1030 2679 toro
1042 2624 1076 2680 de
1090 2623 1200 2679 civitate
1207 2621 1266 2678 ιιει.
1277 2620 1413 2677 Fortassis
1427 2619 1474 2692 qui
1489 2618 1630 2674 Platonem
1641 2618 1763 2689 philoso-

122 2715 222 2770 ctlricis
238 2715 266 2769 in
280 2713 439 2772 Proverbiis
453 2714 574 2788 scripsit,
594 2715 627 2773 tle
638 2718 809 2774 naturalibus
824 2718 850 2774 in
865 2719 917 2774 Ec·
967 2717 1030 2788 phis
1044 2717 1166 2788 gentium
1180 2717 1322 2787 praelatum
1337 2714 1445 2770 acutius
1456 2713 1624 2769 intellexisse
1638 2711 1760 2777 laudant,

122 2807 260 2870 clesiaste,
275 2808 389 2862 vanitati
409 2808 478 2862 enim
501 2817 623 2863 creatura
640 2809 734 2864 mundi
750 2809 867 2880 subiecto
877 2819 916 2866 est
967 2809 1071 2880 aliquid
1085 2808 1140 2864 tale
1153 2806 1187 2863 de
1199 2807 1255 2864 lieo
1269 2807 1400 2871 sentiunt,
1418 2813 1448 2861 ut
1462 2805 1490 2860 in
1505 2805 1552 2860 illo
1566 2805 1722 2860 inveniatur
1735 2811 1763 2860 et

123 2897 211 2968 (Pom.
226 2898 299 2972 vrri),
314 2899 348 2956 de
360 2899 533 2956 mirabilibus
541 2910 568 2956 et
577 2901 786 2957 rationabilibus
801 2901 829 2957 in
844 2901 917 2958 Cau·
967 2913 1049 2957 causa
1064 2900 1248 2966 subsistendi,
1272 2909 1298 2956 ει
1318 2899 1389 2954 ratio
1404 2896 1583 2969 intelligendi,
1599 2906 1626 2952 ει
1639 2897 1708 2952 ordo
1721 2895 1763 2950 vi·

122 2993 178 3047 tico
192 2994 378 3057 canticorum,
395 3007 429 3048 eo
443 2991 527 3063 quod,
539 3009 600 3048 cum
614 2994 711 3048 aninam
725 3001 826 3048 nostrae
840 2993 915 3049 rerhi
967 2994 1059 3058 rendi,
1074 3009 1191 3065 quorum
1208 3007 1293 3048 onum
1308 2991 1341 3047 ad
1356 2991 1521 3054 naturalem,
1538 2991 1653 3044 alterum
1669 2988 1703 3043 ad
1718 3003 1764 3044 ra·

123 3083 245 3138 emlestis
267 3097 346 3138 amor
369 3083 534 3148 infunditur,
555 3091 583 3139 ει
604 3085 703 3140 rationi
721 3101 798 3140 mens
820 3094 913 3142 saneta
929 3125 951 3184 c
968 3087 1110 3152 tionalem,
1133 3085 1244 3140 tertium
1270 3084 1303 3139 ad
1329 3085 1460 3139 rrmralevu
1482 3091 1586 3154 partem
1602 3081 1764 3152 intelligitur

123 3175 307 3239 connectitur,
329 3174 489 3230 admiranda
505 3176 634 3248 mysteria
645 3177 811 3234 revelantur.
826 3177 916 3233 Evan-
968 3179 1114 3251 pertinere.
1137 3175 1167 3232 Si
1189 3177 1263 3232 eninr
1278 3175 1361 3231 homo
1375 3177 1414 3230 ita
1428 3181 1538 3230 creatus
1553 3180 1612 3236 εει,
1629 3181 1660 3228 ut
1673 3189 1720 3244 per
1735 3172 1763 3229 id

125 3268 227 3338 gelistis
252 3282 363 3339 quoque
385 3281 466 3338 quam
489 3274 570 3338 putas
593 3267 713 3324 defuisse
735 3269 917 3340 sapientiam?
968 3270 1042 3340 quod
1056 3268 1084 3323 in
1097 3284 1130 3323 eo
1143 3266 1283 3338 precellit,
1297 3266 1412 3336 attingat
1423 3264 1489 3319 illud
1500 3264 1574 3334 quod
1584 3273 1682 3320 cuncta
1693 3279 1763 3335 prae-

125 3357 188 3426 oni,
207 3375 270 3414 cum
294 3359 379 3415 variis
403 3361 549 3432 generibus
571 3361 712 3432 sapientiae
730 3362 785 3418 sint
807 3361 915 3430 relcrti,
968 3361 1097 3422 cellit,id
1112 3366 1252 3416 estonum
1267 3373 1362 3414 verum
1378 3358 1510 3428 optimum
1523 3355 1620 3419 Deum,
1637 3355 1762 3426 sinequo

124 3455 224 3526 singuli
239 3465 331 3510 tamen
345 3455 454 3511 diverso
465 3469 563 3528 genere
576 3461 715 3527 praestant.
730 3455 778 3511 Est
788 3455 861 3512 enim
873 3470 918 3512 sa·
968 3456 1043 3511 nulla
1057 3461 1155 3510 natura
1170 3451 1307 3517 subsistit,
1323 3453 1399 3508 nulla
1413 3451 1537 3507 doctrina
1557 3449 1678 3513 instruit,
1702 3448 1765 3504 trul-

122 3547 227 3619 pientia
248 3545 383 3601 naturalis
404 3546 432 3601 in
452 3545 567 3611 lauriae,
585 3547 632 3618 qui
652 3545 763 3602 Verium
778 3547 804 3600 in
818 3547 917 3616 princi·
968 3549 1023 3604 lius
1037 3563 1107 3604 usus
1121 3546 1241 3617 expedit,
1262 3545 1322 3616 ipso
1345 3550 1493 3614 queratur,
1510 3542 1555 3597 ubi
1570 3541 1651 3598 nobis
1666 3555 1764 3596 srrura

122 3640 165 3707 pio
181 3637 273 3710 (loun.
291 3637 309 3710 ι)
326 3638 437 3708 reperit,
453 3637 652 3694 transcendens
663 3638 775 3710 angelos
790 3645 817 3692 et
832 3638 918 3692 virtu·
970 3644 1036 3696 surrt
1050 3637 1159 3692 omnia:
1182 3637 1240 3706 ipse
1263 3641 1404 3690 cernatur.
1428 3634 1476 3688 ubi
1497 3632 1578 3688 nobis
1601 3637 1677 3686 certa
1698 3639 1765 3688 tunt

124 3739 165 3786 tes
188 3731 332 3786 emiorum.
355 3729 498 3785 ilattlraeus
513 3729 619 3800 singula
637 3737 800 3800 prosecutos
823 3744 919 3784 seeun-
969 3732 1076 3798 omnia;
1092 3730 1151 3801 ipse¹
1164 3730 1305 3800 diligatur,
1323 3728 1369 3783 ubi
1388 3727 1469 3783 nobis
1491 3734 1566 3782 recta
1581 3731 1646 3780 sunt
1660 3737 1762 3780 omma.

124 3821 190 3877 dum
218 3821 375 3887 hominem,
401 3820 543 3875 moraliter
571 3819 657 3874 edidit
681 3818 761 3874 nobis
783 3825 927 3897 praecepta·
969 3823 1042 3880 Itone
1065 3838 1130 3894 ergo
1149 3821 1219 3879 divit
1240 3821 1317 3879 Plato
1330 3839 1337 3876 ε
1350 3819 1398 3875 oet
1412 3819 1496 3889 hujus
1511 3818 1688 3882 imitatorem,
1713 3829 1765 3870 co·

124 3915 248 3970 uiuendi.
260 3914 368 3971 llarcus
389 3912 591 3969 rationabiliter
605 3929 668 3967 mor
682 3911 709 3966 in
724 3911 858 3983 principio
878 3911 918 3965 lo·
970 3918 1115 3991 gnitororn,
1132 3923 1281 3970 amatorem
1296 3929 1358 3968 esse
1375 3913 1537 3982 sapientem,
1552 3909 1632 3978 cuius
1651 3907 1766 3979 portici·

126 4007 244 4063 candum
253 4009 358 4078 putarit
368 4027 374 4062 :
386 4005 452 4062 Ecce
463 4007 538 4060 ntitto
549 4003 670 4076 orrgelarn
681 4019 766 4058 oneum
776 4002 872 4070 (liure.
886 4003 917 4076 r),
970 4006 1081 4078 potione
1092 4005 1188 4060 beatus
1204 4003 1243 4059 lit.
1258 4001 1416 4065 Benedixit,
1433 4015 1570 4056 summum
1586 3999 1688 4053 bonum
1702 4013 1765 4052 resse

124 4110 164 4166 ει,
181 4117 230 4154 uos
241 4100 383 4154 clurrrnntis
396 4100 423 4153 in
434 4097 536 4153 deserto
552 4095 652 4169 libid),
667 4102 698 4149 ut
712 4093 918 4151 admirationem
951 4083 954 4091 ’
970 4097 1067 4162 Deunr,
1088 4095 1160 4151 unde
1172 4095 1230 4150 vult
1242 4109 1303 4150 esse
1318 4093 1510 4164 philosophum
1533 4097 1684 4146 amatorem
1703 4088 1763 4154 liei,

123 4193 415 4256 morereretoocerer
430 4191 611 4247 humilitatem
626 4191 654 4244 in
667 4187 771 4244 loanne
784 4187 917 4259 Baptista,
971 4198 1014 4256 ut,
1027 4190 1157 4262 quoniam
1179 4187 1352 4259 philosophia
1373 4185 1407 4241 ad
1426 4185 1532 4240 beatam
1556 4183 1641 4238 vitam
1665 4181 1763 4243 tendit,

124 4300 181 4356 qua
204 4285 261 4340 Deo
282 4285 394 4357 placuit.
411 4285 446 4338 Αι
461 4298 526 4339 rero
548 4280 637 4337 Lucas
660 4280 733 4336 velut
758 4280 920 4336 historicum
971 4280 1067 4336 lroens
1081 4277 1147 4344 beo,
1160 4276 1314 4334 sitheatus.
1329 4273 1363 4330 Et
1381 4273 1522 4332 sciendum
1539 4281 1582 4328 est
1602 4270 1686 4342 quod,
1701 4271 1766 4325 lieet

123 4379 251 4436 ordinem
270 4379 369 4444 tornrit,
393 4393 488 4434 omues
510 4375 649 4447 supientiae
674 4374 779 4446 speeies
799 4374 920 4445 comple·
971 4370 1119 4430 Christiani
1135 4386 1191 4425 non
1207 4374 1321 4424 utantur
1341 4381 1417 4421 moro
1438 4363 1620 4436 quorumdam
1641 4362 1765 4434 pbiloso-

123 4483 214 4529 cteus.
238 4471 361 4527 Pertinet
384 4471 458 4526 enim
478 4469 513 4524 ad
532 4477 670 4533 naturam,
690 4465 763 4538 quod
786 4465 918 4538 Spiritum
934 4470 956 4526 [t
970 4464 1086 4535 phomm
1107 4460 1149 4516 rel
1168 4458 1292 4531 physica,
1308 4455 1336 4512 id
1351 4464 1393 4512 est
1406 4455 1547 4522 naturali;
1578 4451 1764 4524 philosophia,

124 4573 253 4622 salictum
272 4563 429 4619 Creatorem
449 4561 533 4618 etiam
556 4560 706 4616 Pontinieae
721 4559 919 4615 incarnationis
969 4556 1012 4610 rel
1027 4552 1125 4625 logica,
1143 4551 1171 4606 id
1184 4559 1227 4606 est
1239 4547 1385 4615 rationali;
1407 4546 1451 4602 uel
1471 4546 1571 4610 ethica,
1594 4543 1622 4599 id
1642 4553 1685 4600 est
1704 4557 1766 4599 mo-

123 4658 266 4714 exstitisse
288 4657 421 4712 reseravit
433 4653 509 4728 (inc.
526 4653 558 4726 ι).
575 4652 653 4711 Unde
668 4660 695 4709 et
715 4651 801 4708 David
816 4652 919 4708 doeens
970 4647 1033 4712 rati.
1050 4661 1105 4700 non
1120 4642 1182 4699 ideo
1198 4651 1289 4697 tumen
1304 4639 1433 4701 nesciunt
1447 4637 1482 4693 ab
1497 4653 1552 4692 uno
1569 4652 1636 4692 reto
1652 4635 1708 4692 liro
1722 4643 1763 4690 at·

123 4751 290 4823 sapientiam
305 4748 474 4811 naturalem,
499 4745 557 4803 ait:
572 4744 670 4800 Eutitte
690 4745 812 4814 spiritum
834 4751 918 4808 taam,
970 4754 1025 4811 que
1049 4737 1163 4809 optimo,
1189 4741 1217 4790 et
1236 4740 1363 4788 naturam
1382 4731 1464 4787 uobis
1485 4745 1557 4795 esse,
1574 4743 1628 4800 qua
1650 4727 1714 4783 laeti
1730 4727 1764 4782 ad

123 4855 150 4899 et
169 4841 327 4898 :renituntur
342 4839 415 4913 (Pal.
439 4839 510 4911 crit).
527 4838 611 4902 Docet
630 4836 744 4893 moralia
758 4837 785 4891 in
799 4835 919 4892 ιιειιιιιιικ

123 4937 249 5000 dinibus,
268 4943 296 4992 et
313 4935 341 4990 in
354 4935 400 4990 illo
414 4948 541 4990 sermone
559 4930 667 4986 Doruini
689 4929 808 4986 ostendit
829 4927 921 4983 iniuri-

122 5045 189 5087 cum
204 5030 288 5085 etiam
310 5043 371 5084 esse
392 5026 559 5096 diligendum
575 5022 650 5097 (Luc.
664 5022 713 5096 vr).
730 5019 813 5078 Docet
835 5019 921 5075 ratio·

123 5123 241 5187 nabilia,
261 5136 324 5176 cum
344 5120 431 5176 dicit:
444 5119 496 5186 Qui
520 5117 607 5190 fidelis
620 5125 658 5173 εει
672 5117 700 5171 in
715 5115 835 5179 mintium,
850 5121 875 5167 et
893 5113 921 5165 iu

123 5216 227 5286 mojori
248 5213 335 5286 fidelis
352 5222 391 5268 est
408 5211 484 5284 (luc.
502 5213 570 5282 rvr).
586 5208 658 5280 Ergo
680 5206 812 5278 sapientia
837 5203 921 5275 spiri·

123 5308 210 5365 tualis
224 5305 348 5380 possidet
360 5321 469 5361 omnem
484 5303 678 5375 principatum,
694 5313 775 5371 quem
790 5297 859 5352 ialso
869 5294 922 5351 sibi

122 5399 248 5456 vindicat
266 5399 385 5455 humana
402 5397 564 5470 prudentia,
586 5394 737 5466 praesertim
754 5407 815 5448 cum
832 5390 923 5461 ipsum

124 5493 290 5564 mysterium
311 5489 454 5546 Trinitatis
473 5487 534 5544 sine
548 5487 600 5541 hoe
618 5483 771 5556 principatu
797 5497 852 5536 nou
874 5479 920 5534 sit.

124 5583 296 5638 Naturaliter
311 5583 383 5638 enim
399 5580 481 5635 Pater
494 5577 589 5652 gennit
602 5575 712 5639 Filium,
727 5573 866 5631 moraliter
877 5569 924 5626 rt-

124 5677 182 5733 lius
197 5676 288 5732 lactus
299 5683 342 5731 est
355 5671 485 5729 obediens
499 5670 574 5726 Patri
588 5683 675 5741 usque
692 5667 724 5722 ad
734 5673 860 5730 mortem,
876 5679 922 5719 ra·

124 5765 298 5828 tinnabiliter
314 5781 329 5820 a
345 5763 424 5821 Patre
439 5772 466 5820 ει
481 5761 551 5824 rou
570 5759 694 5842 procedit
720 5757 838 5834 Spiritus
859 5771 922 5814 san·

971 4830 1116 4902 imaginem
1131 4828 1192 4897 ejus
1207 4839 1319 4892 sumus,
1334 4831 1362 4880 et
1376 4823 1540 4887 doctrinam,
1553 4837 1608 4893 qua
1621 4835 1684 4876 eum
1698 4834 1765 4875 nns-

971 4939 1025 4995 que
1039 4921 1212 4985 noverimus3
1227 4925 1254 4977 et
1265 4919 1392 4989 gratiam.
1403 4931 1457 4987 qua
1468 4915 1507 4970 illi
1518 4913 1682 4969 cohaerendo
1691 4911 1765 4966 beati

972 5030 1079 5072 sumus.
1106 5011 1170 5067 Sive
1192 5025 1257 5081 ergo
1282 5007 1428 5073 Platonici,
1452 5007 1510 5064 sire
1529 5005 1685 5076 quicunque
1704 5000 1763 5068 alii,

971 5105 1028 5163 Deo
1052 5105 1171 5176 cognito,
1195 5108 1356 5173 repererunt
1370 5100 1417 5156 ubi
1430 5106 1503 5156 esset
1515 5103 1542 5152 et
1556 5111 1639 5151 causa
1660 5094 1765 5150 consti·

972 5199 1080 5254 tuendae
1094 5195 1294 5258 universitatis,
1316 5202 1344 5247 et
1362 5193 1409 5246 lux
1430 5188 1612 5262 percipiendae
1626 5185 1762 5250 ueritatis,

972 5298 1000 5347 et
1018 5290 1080 5346 lons
1094 5288 1191 5344 viridae
1207 5285 1356 5350 felicitatis,
1372 5299 1435 5338 eum
1450 5283 1483 5338 do
1497 5280 1553 5336 beo
1564 5279 1617 5335 ista
1631 5277 1762 5344 sentiunt,

973 5382 1117 5438 nobiscum
1133 5380 1264 5436 sentiunt.

1008 5473 1169 5530 Anrbrosins
1190 5472 1217 5525 in
1238 5469 1388 5540 Epistulam
1407 5466 1441 5521 ad
1462 5463 1640 5521 Colossenses
1653 5479 1659 5517 :
1674 5478 1684 5512 r
1700 5457 1765 5513 lvleo

973 5583 1029 5621 non
1053 5565 1168 5635 legimus
1188 5561 1360 5632 quadrivium
1381 5558 1409 5612 in
1429 5555 1587 5626 Evangelio,
1599 5553 1642 5608 rel
1656 5551 1685 5605 in
1700 5547 1764 5619 Ept-

974 5660 1054 5724 stola,
1067 5657 1131 5729 quia
1146 5670 1240 5711 curam
1256 5653 1354 5710 animm
1371 5651 1493 5723 impedit,
1509 5664 1571 5704 curu
1584 5649 1612 5703 in
1626 5643 1765 5718 agnitione

972 5750 1077 5808 Christi
1091 5764 1200 5806 omnem
1214 5747 1329 5804 salutem
1347 5753 1375 5802 et
1389 5742 1549 5816 snpientirpr
1567 5739 1729 5802 ⁴halnttuub
1749 5750 1760 5786 t
