3967 6334
246 356 309 414 :sss
521 348 708 411 ZACHARIAE
727 345 890 407 INCERTAE
910 344 1010 403 stols
1028 344 1183 404 misceri
1204 346 1306 403 scau.
1326 346 1371 403 DE
1392 346 1421 405 S.
1441 343 1604 405 GEORGlO.
1810 356 1846 416 ttt

256 475 394 550 lapidibus
415 470 601 536 inserendum,
616 480 719 542 quanto
739 468 888 541 asperioris
899 466 971 522 limae
986 480 1048 521 sca·
1061 472 1086 529 Α
1098 464 1244 522 malitiosae
1260 460 1375 522 'fraudis
1401 466 1563 523 obscurum.
1578 464 1713 537 separarit
1730 484 1785 545 ergo
1800 482 1848 534 tunc

256 568 380 627 bredine.
391 566 435 624 uel
448 565 541 621 mallei
558 564 690 621 tunsione
705 562 817 635 politur,
841 568 919 616 tauto
931 556 1053 629 praecla-
1098 554 1173 613 Deus
1185 572 1272 625 mare,
1287 564 1316 615 et
1330 558 1453 615 minaces
1466 557 1611 615 fluctusab
1622 558 1783 620 inundatione
1792 576 1849 625 una

257 663 317 719 piu,
331 660 464 718 redditur,
1099 649 1280 721 compescuit,
1294 637 1328 705 u't
1341 658 1416 705 terra
1436 649 1558 707 virentes
1572 648 1680 717 berbas,
1699 659 1725 708 et
1742 655 1803 727 ligur
1814 676 1849 732 po

289 754 337 811 tv.
355 754 456 809 fiderat
466 751 546 823 plane
560 764 698 820 supernus
717 753 745 803 et
762 743 911 802 invisibilis
932 741 1046 805 arbiter,
1099 740 1195 797 milam
1210 743 1386 815 germinaret,
1398 757 1431 798 ac
1444 743 1543 799 deinde
1557 750 1676 815 segetum
1692 744 1850 809 tironum.

216 872 221 879 ¹
257 848 305 920 qui
319 846 354 901 ad
364 860 420 902 suae
430 841 646 915 dispensationis
668 839 814 895 arbitrium
826 844 854 893 et
867 836 933 891 binc
948 848 1048 889 manus
1099 842 1150 890 ret.
1168 833 1283 906 Separat
1294 835 1377 891 etiam
1390 829 1463 891 nurnc
1478 836 1513 891 ab
1526 835 1621 892 electis
1636 837 1691 894 suis
1706 842 1850 911 repmbomn

257 938 403 1010 impiorum
417 933 514 992 saevire
527 932 705 1003 permitteret,
714 938 741 984 et
751 926 814 983 inde
824 939 960 998 gemmam
969 937 1048 979 suam
1099 926 1223 983 turbines
1238 927 1474 999 persequentium,
1488 935 1516 983 et
1535 929 1615 1001 quasi
1638 928 1752 989 furentes
1769 948 1851 994 coerect

257 1032 388 1088 inuiolata
408 1029 529 1102 propriae
552 1021 700 1082 soliditatis
730 1020 889 1091 integritate
913 1020 1046 1074 servaret.
1099 1018 1218 1091 impetus
1237 1027 1442 1092 tempestatum,
1464 1036 1545 1092 quos,
1565 1020 1619 1078 etsi
1639 1021 1726 1080 furere
1742 1032 1850 1098 usquead

257 1120 311 1189 Qui
326 1119 378 1175 etsi
391 1118 521 1190 martyris
545 1114 588 1172 sui
601 1112 723 1168 membra
744 1107 907 1165 carnificum
919 1105 1048 1162 manibus
1099 1110 1246 1184 infligenda
1270 1114 1396 1185 corporis
1418 1120 1555 1171 tormenta
1576 1116 1714 1188 concedit:
1736 1135 1766 1177 ne
1784 1130 1852 1181 omer

258 1212 383 1279 tradidit,
395 1211 514 1267 animam
522 1217 614 1264 tamen
625 1200 831 1275 inexpugnabili
842 1198 905 1256 fidei
913 1214 976 1255 arce
986 1196 1049 1253 sub
1100 1202 1206 1259 animas
1219 1202 1330 1270 laedant,
1345 1204 1448 1260 inuicta
1468 1220 1516 1261 eos
1541 1210 1623 1278 utque
1642 1209 1759 1279 pervigili
1774 1211 1853 1271 brachii

257 1308 362 1370 nixam,
379 1301 517 1359 indefesso
530 1297 708 1372 protectionis
719 1310 777 1352 suae
790 1292 943 1350 munimine
955 1296 1050 1347 custo·
1100 1294 1144 1350 sui
1155 1295 1326 1366 protectione
1338 1294 1471 1361 custodit,
1485 1296 1687 1367 quodammodo
1695 1298 1780 1357 dicens
1788 1320 1852 1363 aran:

258 1398 337 1455 divit.
351 1396 408 1453 Nec
421 1393 456 1451 ad
477 1394 530 1448 boc
543 1406 591 1448 eos
610 1388 736 1462 permisit
754 1386 879 1454 attinere,
893 1382 967 1457 quod
977 1383 1048 1439 late·
1103 1384 1266 1459 «Hucusque
1277 1386 1383 1454 rentes,
1400 1396 1427 1443 et
1441 1402 1496 1443 non
1511 1388 1644 1459 procedes
1663 1391 1780 1461 amplius,
1791 1401 1812 1449 et
1823 1396 1853 1451 tic

257 1490 314 1557 bat,
335 1487 438 1545 idolum
450 1486 492 1543 eis
506 1482 650 1555 objiciens,
665 1479 739 1552 quod
755 1477 921 1533 intrinsecus
934 1488 1050 1548 appare·
1100 1478 1277 1552 confringens
1291 1486 1429 1536 tumentes
1447 1478 1547 1538 fluctus
1561 1488 1624 1537 tuos
1633 1490 1658 1551 ;·r
1682 1497 1713 1538 ac
1723 1484 1746 1540 si
1761 1492 1855 1556 patenter

216 1600 228 1622 ¹
255 1581 313 1648 bat,
326 1588 354 1638 et
365 1588 496 1651 tanquam
510 1590 588 1648 aqua
606 1573 703 1629 diluuii
715 1572 745 1628 in
759 1585 853 1627 arcam
866 1568 977 1643 quidem
997 1582 1050 1623 un·
1100 1572 1192 1629 dicat:
1207 1570 1300 1644 Usque
1310 1571 1345 1627 ad
1354 1571 1498 1629 inferenda
1512 1575 1676 1645 corporibus
1697 1582 1815 1633 tormenta
1824 1597 1854 1637 re·

224 1681 229 1692 ‘
258 1676 341 1748 dique
351 1670 552 1736 circumlinere,
567 1683 619 1725 nec
631 1675 724 1723 tamen
743 1671 871 1736 poterant
890 1662 987 1717 intima
1002 1674 1050 1731 pe-
1100 1665 1182 1734 laro;
1200 1679 1235 1721 ne
1248 1671 1340 1721 autem
1351 1680 1439 1737 usque
1454 1665 1489 1721 ad
1511 1668 1629 1722 animam
1645 1668 1757 1726 cumulis
1771 1669 1856 1729 intuma

257 1776 377 1826 netrare.
390 1765 468 1820 Dicat
479 1764 572 1835 itaque
585 1762 685 1817 beatus
695 1756 841 1829 Georgius,
858 1755 950 1811 dicat:
966 1750 1050 1809 «Nisi
1101 1756 1242 1814 scentibus
1255 1755 1386 1829 prolluas,
1399 1757 1467 1829 legis
1477 1757 1551 1830 [mem
1567 1759 1615 1815 tibi
1627 1760 1704 1817 littus
1720 1776 1825 1833 oppono;
1836 1774 1856 1819 ut

222 1886 228 1894 ·
255 1861 324 1933 quia
336 1858 470 1914 Dominus
482 1863 542 1912 erat
555 1854 583 1910 in
605 1853 696 1919 nobis,
711 1865 775 1905 cum
795 1851 975 1919 exsurgerent
999 1843 1049 1899 bo-
1064 1832 1087 1889 Β
1100 1848 1167 1905 dum
1179 1847 1265 1903 furori
1280 1846 1411 1903 fluctuum
1430 1856 1540 1903 tuorum
1554 1849 1629 1904 mina
1653 1849 1690 1923 (lt
1709 1850 1785 1907 libera
1800 1854 1858 1911 urlin-

222 2014 229 2028 g
256 1953 346 2009 mines
361 1951 390 2006 in
409 1965 470 2014 nos,
484 1946 600 2003 forsitan
613 1944 690 2000 uiros
701 1940 883 2013 deglutissent
896 1952 948 1993 nos
965 1950 1049 1991 :cum
1100 1936 1210 2013 quatur.
1225 1940 1259 1995 Et
1269 1939 1334 2013 quia
1347 1940 1491 2014 Georgius,
1507 1952 1537 1998 ut
1548 1944 1676 2016 superius
1690 1944 1805 2011 diximus,
1818 1955 1857 2003 pf.

226 2036 229 2043 ’
257 2046 423 2099 irasceretur
435 2040 512 2095 furor
525 2053 620 2095 eorum
630 2035 659 2090 in
669 2049 731 2100 nos,
747 2033 863 2089 forsitan
872 2045 944 2102 aqua
954 2030 1051 2086 absor-
1099 2048 1138 2089 rae
1154 2032 1245 2090 cultor
1257 2034 1431 2115 exprimitur,
1454 2042 1530 2091 recte
1552 2035 1605 2092 boc
1627 2037 1773 2109 allegorica
1790 2038 1859 2112 ignia

226 2122 229 2130 ’
256 2136 364 2194 buisset
385 2149 438 2190 nos
456 2131 544 2205 (Paul.
564 2144 661 2194 cxxru,
682 2126 741 2182 2ct
756 2123 837 2198 req.)r
863 2122 911 2179 Hae
930 2130 994 2179 sunt
1008 2122 1050 2178 vi·
1099 2124 1262 2197 mysterium
1272 2126 1359 2183 eidem
1370 2126 1533 2197 beatissimo
1542 2130 1659 2202 martyri
1672 2138 1810 2202 coaptatur.
1823 2133 1858 2188 Cui

227 2292 232 2302 ⁸
256 2226 355 2283 delicet
369 2239 457 2296 aquae,
481 2223 516 2280 de
539 2220 642 2293 quibus
657 2232 706 2290 per
730 2214 906 2272 Psalmistam
923 2210 1050 2268 Salvator
1100 2220 1216 2285 scilicet,
1230 2220 1283 2279 etsi
1298 2211 1440 2293 hucusque
1451 2222 1486 2277 ad
1504 2222 1581 2281 littus
1592 2224 1685 2281 carnis
1697 2226 1859 2296 persecutionis

228 2380 232 2395 ξ
256 2319 313 2373 ait:
336 2315 465 2373 «Saluum
484 2329 528 2371 me
543 2313 597 2379 fac,
621 2308 854 2381 conspuatur
876 2306 1050 2362 intraverunt
1100 2307 1199 2367 fluctus
1217 2310 1354 2378 efferbuit,
1377 2312 1573 2369 solidissimam
1592 2314 1655 2386 ejus
1671 2317 1764 2372 anima
1784 2326 1859 2373 teman

256 2425 434 2483 aquosusque
447 2408 612 2463 adauimam
626 2419 716 2461 meam
727 2402 816 2476 (Psoi.
828 2415 927 2467 nxrru,
945 2399 1002 2472 2).›
1016 2398 1051 2456 Et
1101 2402 1220 2476 procella
1234 2404 1415 2476 tempestuosi
1426 2405 1546 2462 turbinis
1560 2421 1616 2462 non
1631 2406 1752 2473 inuoluit,
1766 2424 1860 2466 necem

256 2520 306 2575 per
318 2501 436 2560 Jonam:
456 2498 635 2570 ‹Proiecisti
650 2497 750 2569 inquit,
771 2495 859 2552 mein
882 2494 1051 2567 profundum
1100 2511 1203 2569 uorago
1216 2496 1305 2569 pelagi
1328 2496 1444 2554 furentis
1461 2499 1613 2565 absorbuit,
1628 2500 1679 2572 qui
1695 2501 1750 2573 spei
1765 2518 1811 2557 sua
1821 2516 1860 2557 non

257 2598 286 2653 in
297 2594 487 2659 cordemaris,
508 2602 535 2649 et
552 2591 653 2648 flumen
667 2588 849 2647 circumdedit
866 2604 928 2643 me:
953 2602 1050 2645 onmes
1101 2588 1129 2644 iu
1145 2590 1233 2661 putris
1248 2604 1337 2645 areuae
1355 2589 1515 2654 subsicivio,
1531 2590 1579 2646 sed
1595 2591 1624 2646 iu
1640 2592 1772 2649 soliditate
1790 2603 1859 2665 petra.

256 2688 438 2763 gurgitestui,
447 2693 474 2743 et
487 2684 634 2741 fluctustui
644 2698 729 2755 super
739 2696 783 2737 mc
794 2680 963 2736 transierunt
975 2677 1048 2752 (foa.
1100 2697 1161 2754 quae
1171 2681 1299 2739 Christus
1313 2690 1356 2739 est
1372 2682 1400 2757 (1
1415 2682 1477 2739 Gor.
1494 2682 1533 2757 x),
1547 2684 1616 2741 iirit.
1628 2684 1702 2743 Hinc
1711 2688 1859 2759 estprofoatu,

257 2796 289 2845 u,
306 2779 362 2853 ὁ.»
375 2776 430 2835 Sed
445 2777 490 2833 bis
500 2777 590 2848 aquis,
602 2784 629 2831 et
643 2773 714 2829 mari
722 2773 801 2843 juxta
812 2769 985 2841 Scripturam
995 2768 1051 2823 Do·
1100 2774 1174 2847 quod
1188 2773 1296 2833 Veritas
1307 2776 1364 2831 ait:
1378 2774 1446 2843 «Qui
1459 2764 1535 2832 a'udit
1545 2778 1628 2833 rerba
1639 2794 1712 2846 mea,
1726 2780 1814 2835 etfacit
1831 2796 1860 2841 ca,

226 2888 233 2904 ¹
256 2872 349 2928 minus
360 2872 507 2927 terminum
522 2866 732 2938 circumposuit,
752 2863 817 2936 quia
836 2860 986 2919 secundum
1008 2859 1051 2915 di·
1100 2861 1228 2925 ¹similabo
1250 2884 1312 2925 eum
1327 2869 1388 2925 uiro
1402 2869 1542 2941 prudenti,
1558 2870 1606 2941 qui
1620 2869 1764 2925 aedifrcarit
1779 2872 1861 2926 donum

256 2965 442 3037 Sisssssilffltis
456 2978 513 3021 ⁸¹¹ae
522 2974 691 3025 mensutam,
704 2974 760 3014 ¹¹⁰ss
774 2955 925 3014 secundum
943 2968 1052 3026 peruer·
1100 2978 1178 3018 suam
1202 2977 1284 3034 supra
1299 2961 1405 3017 firmam
1419 2968 1542 3034 petram3
1558 2970 1695 3018 uenerunt
1707 2962 1815 3026 fiumina,
1828 2960 1862 3015 la·

255 3058 347 3114 sitatis
359 3057 485 3112 humanae
498 3052 751 3126 concupiscentiam
761 3048 893 3121 reprobos
905 3047 933 3102 iu
947 3047 1050 3103 electos
1099 3059 1198 3109 verunt
1210 3052 1295 3118 venri,
1310 3059 1338 3109 er
1352 3054 1525 3125 impegerunt
1536 3053 1564 3108 ῑῃ
1575 3053 1688 3110 domum
1705 3054 1783 3119 inam,
1793 3064 1815 3109 er
1825 3068 1862 3107 nor

256 3166 323 3209 suos
338 3150 434 3207 saevire
443 3148 587 3221 permittit.
598 3144 669 3201 ilinc
678 3150 722 3201 est
732 3142 816 3208 enim,
829 3140 902 3213 quod
914 3140 943 3196 in
952 3137 1049 3195 mundi
1101 3146 1220 3214 cecidit;
1241 3144 1353 3201 fundata
1377 3145 1451 3201 enim
1466 3152 1526 3201 erat
1545 3160 1630 3217 supra
1657 3154 1759 3217 petram
1779 3144 1861 3215 (Metti

255 3243 395 3302 nascentis
406 3241 519 3299 exordio
541 3253 618 3295 mare
632 3237 705 3293 Deus
719 3234 814 3291 divisit
826 3234 861 3288 ab
874 3232 961 3288 arida.
977 3229 1049 3298 Quid
1062 3199 1085 3263 c
1100 3254 1150 3304 vn,
1167 3235 1241 3311 24).)
1258 3236 1329 3294 Vere
1342 3238 1460 3309 insignis
1475 3238 1521 3293 bic
1535 3238 1615 3294 miles
1629 3237 1734 3293 Cbristi
1750 3253 1820 3309 supra
1830 3252 1863 3307 pc·

254 3337 329 3395 eninr
342 3352 392 3408 per
404 3332 567 3408 mysterium
585 3346 670 3396 mure,
688 3329 743 3385 nisi
763 3326 895 3399 reprobos
910 3324 1047 3390 homines,
1099 3337 1171 3385 tram
1192 3329 1255 3387 fidei
1273 3345 1329 3386 suae
1350 3330 1529 3387 fundamenta
1544 3330 1703 3397 coustituit,
1720 3332 1764 3403 qui
1783 3330 1862 3402 praemii

251 3438 283 3487 et
297 3428 421 3486 infideles
433 3424 577 3485 insinuati
589 3423 642 3492 Qui
665 3422 797 3479 nimirum
812 3418 930 3493 quadam
949 3432 1050 3473 cama-
1100 3420 1221 3477 coelestis
1232 3420 1332 3477 iutuitu
1340 3420 1429 3477 minas
1442 3421 1598 3493 principum
1609 3423 1725 3493 sprevit,
1738 3422 1800 3477 orale
1809 3421 1863 3475 blan·

251 3525 290 3580 ris
303 3521 405 3594 ingenii
419 3518 559 3592 salsugine
574 3517 668 3583 calidi,
684 3516 734 3573 sed
747 3515 829 3582 odiis,
850 3519 878 3570 et
900 3511 1050 3571 simultati·
1099 3513 1232 3570 dientium
1248 3512 1448 3585 promissiones
1465 3512 1562 3581 irrisit,
1579 3514 1743 3570 carnificum
1756 3522 1863 3572 tormenta

254 3616 307 3672 bus
330 3615 447 3670 inuicem
475 3610 653 3667 inveniuntur
673 3623 782 3679 semper
806 3607 904 3675 amari,
926 3610 955 3662 et
973 3604 1049 3664 reiut
1099 3607 1274 3677 contempsit,
1287 3604 1402 3672 ferrum,
1415 3606 1503 3678 ignes,
1519 3608 1636 3679 gladios,
1656 3622 1690 3663 ac
1704 3608 1803 3677 diuersa
1818 3621 1864 3675 sup

256 3722 331 3761 mare
344 3704 461 3762 dirersis
470 3703 652 3761 tentationum
666 3699 777 3756 flatibus
787 3698 986 3763 intumescunt,
999 3710 1049 3751 cu·
1099 3700 1245 3772 pliciorum
1264 3714 1365 3772 genera
1388 3698 1497 3756 invicta
1514 3700 1657 3775 patientiae
1678 3700 1811 3771 majestate
1824 3698 1864 3751 cal·

253 3795 455 3867 piditatumque
465 3792 618 3850 carnalium
633 3790 772 3863 procellis,
788 3804 822 3845 ac
835 3787 1048 3861 tempestatibus
1099 3794 1181 3850 cavit.

252 3888 425 3959 quatiuntur.
438 3884 510 3953 Quid
526 3898 592 3940 rero
606 3883 694 3950 arida,
709 3881 765 3940 nisi
775 3881 895 3937 animam
908 3878 1046 3951 designat,
1133 3882 1179 3949 ,Vi
1198 3883 1278 3941 iluna
1291 3884 1414 3942 coelestis
1424 3884 1531 3941 militiae
1539 3882 1864 3952 bellatorem,fratrescba·

252 3980 356 4035 fonmm
376 3975 440 4033 fidei
453 3976 604 4042 sitientem»
618 3974 663 4032 tel
677 3972 712 4029 td
726 3972 886 4029 Creatorem
899 3986 981 4029 tuum
1002 3983 1048 4025 ar-
1098 3976 1212 4044 rissimi,
1231 3992 1286 4033 non
1304 3983 1412 4033 tantum
1434 3976 1612 4043 admiremur,
1636 3976 1779 4043 sedetiam
1797 3974 1862 4030 inite

252 4070 329 4127 (buti
343 4069 493 4136 desiderio,
508 4075 641 4141 tanqum
652 4065 802 4123 sitibundis
814 4063 941 4120 salicibus
961 4062 1048 4118 anhe-
1097 4087 1177 4140 min-3
1192 4071 1221 4127 in
1233 4070 1300 4127 illud
1314 4070 1427 4127 coeleste
1437 4070 1580 4143 pgaemium
1596 4071 1656 4142 jam
1675 4070 1784 4142 spiritus
1795 4068 1861 4136 eriga-

249 4160 377 4216 lanternt
396 4157 476 4215 Unde
497 4166 525 4215 et
537 4156 662 4230 quasdam
679 4156 772 4212 anima
793 4156 838 4211 siti
863 4155 916 4209 bac
930 4151 1047 4209 feliciter
1097 4171 1159 4233 qu„
1176 4170 1216 4229 ur,
1229 4162 1294 4219 dum
1314 4163 1343 4218 ῑῃ
1366 4162 1429 4233 ejus
1450 4162 1684 4235 contemplacione
1703 4176 1751 4218 cor
1771 4160 1861 4232 siginus

252 4252 340 4316 crida,
351 4259 472 4308 &sitlans
485 4251 603 4307 clamat:
617 4247 726 4307 ‘sitivit
735 4249 828 4305 anima
845 4264 907 4304 met
918 4246 1046 4304 sdsselm
1096 4268 1152 4314 uon
1165 4271 1333 4323 moveamur,
1342 4264 1435 4312 utrum
1446 4255 1566 4312 mundus
1577 4255 1753 4313 lenocinator
1760 4250 1861 4309 arrideat.

252 4344 363 4400 rivum:
388 4344 497 4416 quando
519 4341 629 4399 reniam
651 4348 679 4399 et
700 4340 838 4414 apparebo
859 4346 924 4396 ante
946 4336 1046 4395 fatiem
1096 4359 1133 4405 an
1146 4350 1325 4407 certaminum
1341 4347 1551 4405 adversitatibus
1564 4346 1675 4413 fremat,
1692 4347 1806 4402 diceutes
1817 4354 1862 4396 cuu

253 4436 302 4493 Dei
312 4434 400 4509 (Pwt
413 4450 470 4502 ΧΗ,
484 4434 539 4508 'bi’
564 4433 606 4490 Ab
628 4433 707 4489 arida
720 4448 787 4505 etsi>
805 4447 882 4488 ¹1¹²oe
901 4430 1044 4497 dividitur,
1096 4438 1260 4497 Psalmista:
1277 4458 1287 4492 r
1302 4437 1380 4495 Sicut
1397 4440 1520 4495 tenebrae
1537 4438 1609 4510 ejus,
1628 4438 1669 4493 ita
1685 4444 1713 4495 et
1728 4438 1808 4493 lumen
1820 4434 1862 4503 ejus

253 4529 364 4602 quaudo
383 4528 456 4586 fleus
470 4528 645 4599 omnipotens
664 4542 681 4581 a
694 4542 724 4583 se
738 4525 895 4583 sitientibus
911 4524 1045 4597 reprobo-
1060 4548 1082 4606 p
1097 4532 1184 4606 (psat,
1197 4547 1331 4600 cxxxvnr,
1347 4530 1425 4607 lsi»
1443 4530 1606 4589 blundemus
1628 4531 1725 4603 itaque
1738 4544 1794 4593 nos,
1805 4527 1862 4597 juxta

252 4636 316 4677 rum
326 4621 444 4691 impetus
454 4620 588 4693 reprimit,
603 4626 631 4676 et
641 4626 771 4691 tanquam
780 4618 859 4674 littus
868 4617 983 4674 marinis
992 4615 1045 4673 llu-
1096 4624 1174 4682 Pauli
1185 4632 1362 4698 praeceptum,
1374 4623 1409 4680 ab
1428 4624 1504 4680 omni
1523 4622 1733 4695 inquinamento
1756 4618 1862 4675 carniset

253 4714 345 4770 stibus
362 4712 467 4783 objicit,
486 4712 552 4769 dum
566 4711 713 4769 conatibus
728 4709 907 4768 fervescentis
930 4710 1046 4768 insanias
1097 4718 1210 4792 spiritus
1222 4716 1267 4791 (ll
1280 4714 1344 4774 Gor.
1361 4731 1415 4783 ru,
1430 4715 1485 4789 l),r
1511 4722 1542 4771 ut
1561 4716 1591 4771 in
1617 4715 1688 4770 illud
1712 4706 1861 4769 lortimdiuis

253 4807 297 4862 sui
318 4804 515 4862 moderaminis
535 4803 650 4861 limitem
665 4802 732 4876 fugit.
756 4801 836 4870 Quod
856 4800 979 4874 profecto
997 4802 1045 4857 illa
1096 4811 1238 4882 tempium,
1257 4808 1386 4865 cuinunc
1400 4808 1488 4864 aciem
1501 4807 1601 4865 mentis
1612 4806 1789 4869 intendimus,
1798 4816 1862 4873 quan·

252 4898 302 4955 liei
324 4915 377 4955 rox
403 4898 512 4971 probat,
532 4913 587 4970 qua
601 4897 689 4954 dicit:
713 4894 797 4963 «Quis
812 4895 945 4952 conduxit
964 4895 1045 4951 ostiis
1096 4904 1185 4976 doque
1197 4903 1280 4959 eriam
1296 4900 1402 4974 ingredi
1413 4915 1577 4958 mereamur,
1592 4898 1663 4956 Hinc
1677 4906 1731 4963 est,
1745 4894 1810 4970 quod
1824 4894 1861 4946 ta·

252 4990 456 5063 mare,quando
465 4988 713 5061 erumpebatquasi
725 4986 847 5045 devulra
856 4987 1040 5059 procedensir
1095 5012 1147 5052 ron
1161 4996 1238 5069 prius
1253 5013 1325 5069 aqua
1341 4997 1459 5063 lavatur,
1474 4996 1556 5053 etsie
1571 4994 1747 5068 postmodum
1761 4992 1863 5048 uteru

254 5082 316 5155 (fob
338 5080 742 5155 1¹1v¹¹¹.8)·Etpttttl⁰t)⁰⁵t=
761 5078 958 5137 ‘circumdedi
977 5078 1045 5135 illud
1096 5088 1188 5145 culum
1211 5088 1416 5145 sacrificaturus
1437 5087 1599 5161 ingreditur.
1622 5086 1662 5144 be
1688 5102 1744 5159 quo
1757 5082 1861 5139 nimirum

254 5177 380 5233 terminis
401 5177 481 5243 meis,
495 5183 523 5233 et
544 5176 627 5248 posui
648 5181 765 5243 uectem,
780 5181 808 5232 et
821 5174 904 5241 ostia,
924 5179 952 5230 et
966 5171 1042 5230 dixi:
1095 5180 1166 5237 bene
1182 5180 1216 5237 ad
1232 5178 1344 5253 Moysen
1360 5178 1534 5247 diuinaroce
1554 5178 1730 5251 praecipitur:
1749 5172 1861 5231 «fumea,

253 5269 412 5341 csquenue
425 5272 531 5335 venies,
546 5275 641 5325 ernon
655 5267 787 5341 procedes
801 5268 929 5339 amptius,
950 5273 978 5323 ct
999 5265 1044 5323 bic
1095 5274 1194 5346 inquit,
1208 5274 1351 5340 vestietur,
1367 5271 1542 5331 feminalibus
1554 5270 1763 5330 lineisverenua
1775 5265 1860 5324 aetalia

252 5359 409 5431 confringes
423 5366 560 5417 tumentes
574 5358 675 5416 ductus
689 5365 753 5416 tuos
768 5357 845 5432 (ibid.
861 5358 934 5433 10).»
1096 5365 1254 5437 accingetur
1273 5380 1342 5422 roua
1354 5365 1438 5433 linea,
1460 5364 1575 5422 cidarim
1589 5364 1693 5421 lineam
1708 5363 1819 5434 imponet
1829 5372 1863 5410 ct·

289 5450 323 5507 t.
347 5451 494 5508 Enimuero
519 5465 593 5509 recte
610 5467 660 5524 per
673 5466 750 5508 mare
764 5466 814 5507 cor
827 5450 905 5522 praui
924 5450 1044 5508 bominis
1096 5460 1156 5533 piti.
1171 5458 1234 5517 Hac
1246 5460 1320 5517 cuim
1328 5459 1492 5516 vestimenta
1507 5464 1686 5523 suntsancta,
1698 5454 1802 5528 quibus,
1815 5462 1861 5505 caut

254 5545 422 5617 designatur,
433 5544 507 5616 quod
517 5544 644 5601 uidelicet
654 5542 750 5600 furore
759 5551 802 5600 est
812 5541 963 5612 turbidum,
973 5543 1044 5603 rixis
1095 5553 1168 5611 lorus
1183 5552 1275 5621 suerit,
1290 5552 1421 5610 induetur
1432 5550 1505 5625 (ιω,
1520 5566 1578 5619 m,
1592 5550 1647 5625 a),
1665 5546 1794 5620 Quisquis
1807 5540 1862 5600 enin

253 5652 387 5703 mmm,
415 5636 533 5693 tlaiiffite
552 5635 686 5707 ⁵⁰90be
706 5634 852 5707 tumidum,
874 5642 902 5692 0¹
928 5634 1044 5708 calisiue
1096 5647 1124 5704 in
1135 5646 1323 5719 ,tabernaculo
1342 5642 1457 5713 Christi,
1479 5642 1553 5719 quod
1572 5652 1614 5701 cst
1627 5640 1770 5705 Ecclesia,
1785 5636 1862 5693 murt·

289 5820 328 5890 (l)
355 5819 388 5872 1..
404 5820 514 5881 animo,
533 5816 611 5875 deest
625 5816 738 5889 aliquid.
