3967 6334
267 369 337 429 ιιιι
836 363 972 423 suetan
990 353 1137 420 amaris
1156 363 1185 421 s.
1207 363 1354 420 ntonrsu
1825 365 1880 420 ιιιι

265 485 356 544 structi
368 483 466 556 ludicii
481 480 632 538 terribilem
645 482 876 538 examinationem
897 496 1058 555 permanere
1073 481 1237 552 Acipimus.
1263 479 1297 535 Et
1313 487 1344 536 ut
1362 479 1419 536 haec
1439 488 1534 536 nostra
1552 478 1728 550 fratrumque
1745 479 1880 541 institutio,

266 575 455 632 indeficienter
464 571 645 628 obtestamur.
656 571 697 627 lic
707 587 773 644 ergo
785 572 902 644 alicuius
912 573 1058 630 occasione
1107 571 1414 644 praesentisqueobartae
1426 571 1584 644 longaevitas
1592 570 1667 626 nulla
1674 571 1881 642 presumptione,

267 668 389 723 avaritiae
416 665 564 738 aliquando
592 665 727 736 sopiatur,
755 679 789 721 ex
817 665 852 722 iis
878 680 940 738 ‹yuae
961 671 1058 720 nostro
1108 666 1183 721 nulla
1196 664 1351 722 temeritate
1364 663 1543 720 defraudetur
1557 671 1604 719 ant
1617 665 1794 728 destruatur,
1809 665 1881 718 inca

267 767 441 830 arrgrnentata
457 765 522 813 sunt
532 758 635 821 labore,
650 757 775 813 videlicet
787 755 822 812 de
832 756 972 828 pedagico,
984 753 1058 827 qnod
1110 757 1197 828 pitulo
1211 763 1307 812 nostro
1321 753 1484 828 generaliter
1497 755 1658 818 residentes.
1671 755 1747 811 claro
1759 762 1882 811 eteorum

267 852 295 905 in
310 857 396 905 strata
411 849 559 921 colligitur,
573 864 589 903 x
604 848 688 903 libras
701 855 730 903 ct
745 846 875 904 xsolidos
890 847 918 902 in
934 846 1002 903 levia
1018 862 1057 901 ιιι
1112 849 1239 914 Domini,
1254 857 1282 905 et
1297 849 1386 905 sancti
1402 847 1538 904 Simeonis
1559 847 1687 914 brachio,
1704 847 1752 904 Dei
1775 848 1883 918 omnipo

267 958 299 998 ιιι
316 942 470 998 redditibus
494 942 598 996 nostris
613 942 647 996 dc
665 939 829 1004 vilcassino,
856 948 885 995 et
906 939 1021 996 decimis
1043 955 1059 994 a
1111 943 1195 998 tentis
1205 941 1382 1012 omniumque
1390 946 1547 996 sanctorum
1563 941 1724 998 auctoritate
1737 957 1780 1012 pe:
1788 947 1883 1011 ιιιιοιιι

268 1035 388 1108 glorioso
408 1050 472 1106 rege
496 1033 664 1088 Francorum
689 1031 829 1087 Ludnvico
854 1033 1010 1095 concessis,
1031 1039 1060 1087 et
1110 1037 1263 1101 auatbema,
1275 1044 1301 1090 et
1313 1032 1443 1106 gehennae
1451 1033 1528 1106 ignes
1538 1033 1717 1088 violatoribus
1731 1032 1886 1103 nuperrimos

268 1128 472 1188 constituimus,
488 1133 516 1180 et
531 1124 735 1180 confirmamus.
750 1122 885 1178 Praeterea
902 1120 951 1178 Dei
969 1122 1060 1176 omni·
1109 1133 1137 1182 et
1148 1127 1348 1196 imprecamnr;
1361 1123 1604 1180 conservatoribus
1618 1139 1704 1190 cero,
1723 1131 1752 1178 et
1766 1122 1887 1196 privilegii
1956 1185 1957 1188 Ἴ

269 1221 388 1294 potentis
402 1218 524 1284 servitio,
550 1216 720 1286 fratrumque
742 1223 900 1271 nostrorum
921 1222 1060 1270 sustenta·
1111 1219 1193 1289 hujus
1204 1216 1397 1276 defensoribus
1409 1217 1494 1273 vitam
1508 1223 1649 1272 aternam.

269 1313 338 1368 tioni
371 1311 440 1367 bene
463 1309 573 1374 devoti,
601 1308 768 1364 travrvitoriis
793 1315 895 1364 aeterna
922 1321 1060 1362 commcr-
1145 1312 1202 1384 Ego
1216 1312 1315 1368 Porrus
1332 1309 1406 1368 sedis
1420 1309 1579 1380 apostolicae
1593 1309 1735 1382 presbyter
1753 1305 1888 1364 ιιιιιιιιιιι

269 1405 375 1468 cando,
399 1404 427 1458 in
448 1402 639 1473 compassione
670 1401 795 1455 laborum
822 1409 849 1456 et
872 1399 1061 1455 consolatione
1111 1413 1139 1463 et
1154 1407 1259 1477 legatus
1274 1401 1357 1459 laudo
1370 1408 1398 1458 ιι
1411 1401 1555 1458 consumo.
1956 1383 1957 1394 ¹

269 1511 363 1551 corium
375 1493 507 1566 quasdam
523 1492 711 1549 solemnitates
731 1491 919 1548 honorabilius
936 1498 964 1547 et
979 1491 1061 1547 solito
1146 1497 1203 1569 Ego
1216 1495 1365 1570 Gregorius
1381 1493 1475 1550 Sancti
1490 1494 1585 1566 angeli
1600 1493 1734 1552 diaconus
1753 1494 1889 1551 cardinalis
1956 1525 1957 1532 .

269 1588 395 1644 devotius
410 1587 544 1644 celebrari
566 1587 712 1658 dupliciter
726 1587 922 1642 constituimus
936 1603 944 1642 r
962 1584 1061 1640 videli·
1111 1589 1307 1661 aspostolicae
1319 1587 1392 1646 sedis
1406 1589 1512 1660 legatus
1526 1585 1607 1642 lando
1619 1595 1648 1643 et
1660 1586 1804 1644 confirmo.

269 1690 313 1738 cet
340 1678 564 1751 Tlreopbaniam,
591 1679 786 1736 ascensionem
816 1677 943 1742 Domini,
973 1677 1061 1734 sancti
1482 1675 1520 1732 il.

268 1773 384 1830 ioannis
393 1773 522 1844 Baptistae
537 1771 723 1834 nativitatem,
735 1771 821 1826 beatae
836 1770 926 1826 Mariae
949 1769 1061 1840 llagda-
1112 1769 1312 1828 Drbominiina
1326 1768 1397 1825 cilio
1411 1768 1488 1824 Beati
1502 1768 1625 1840 Dionysii
1647 1767 1767 1823 libertati
1784 1766 1889 1822 cratim

268 1864 699 1934 lenaedemigratiouem,ortum
722 1861 887 1919 beatissimae
900 1835 1098 1932 semperqueB
1148 1862 1306 1919 innomine
1326 1869 1428 1918 sanctae
1449 1870 1476 1918 et
1500 1861 1646 1918 individuae
1668 1859 1828 1922 Trinitatis,
1850 1876 1892 1931 rgo

269 1958 385 2028 virginis
400 1955 510 2020 blaviae,
526 1955 791 2026 pretiosissimorum
816 1963 968 2026 martyrum
990 1953 1061 2010 Tire·
1113 1954 1248 2012 Sucsmns
1273 1954 1397 2012 ecclesiae
1427 1941 1504 2009 Beati
1529 1951 1653 2010 Dionrsii
1678 1953 1791 2009 humilis
1817 1953 1892 2007 mini-

271 2050 391 2107 oacrum
406 2049 619 2106 solemnitatem.
636 2046 758 2118 Singulis
773 2056 864 2103 antem
880 2046 1002 2118 praelatis
1016 2062 1062 2103 so-
1112 2057 1179 2105 ster.

271 2141 458 2200 lemuitmibns
471 2156 524 2195 cxx
534 2139 638 2196 solidos
651 2140 685 2195 ad
699 2147 840 2196 muitarum
855 2141 1061 2208 exaltationem,
1147 2141 1283 2210 Quoniam
1299 2141 1461 2212 parvitatem
1485 2146 1607 2197 nostram
1630 2141 1664 2196 ad
1682 2139 1895 2196 administratio·

271 2232 443 2303 lratrumqne
458 2238 616 2287 nostrorum
629 2230 819 2296 relectionem,
835 2247 952 2303 quornm
965 2247 999 2287 xx
1016 2247 1058 2288 so·
1102 2235 1309 2292 nem'ecclesiae
1322 2233 1581 2307 gloriosissimorum
1596 2240 1748 2302 martyrum
1760 2230 1895 2302 Dionysii,

272 2323 319 2379 lid.
336 2325 371 2379 de
384 2322 497 2394 praelato
510 2321 652 2393 pedagico,
667 2329 744 2376 etur
758 2322 985 2397 depraepositnra
1005 2321 1062 2378 iiil—
1111 2328 1219 2385 Rustici
1244 2335 1272 2384 et
1296 2327 1463 2390 Eleutherii,
1488 2325 1587 2380 divina
1610 2325 1713 2397 placuit
1727 2323 1897 2396 disposlnnai

273 2414 377 2472 cassini
407 2415 617 2486 persolventur,
648 2413 823 2469 veliementer
855 2413 1061 2471 confirmamus.
1113 2435 1283 2493 promovere,
1294 2419 1425 2474 debemus
1439 2425 1466 2472 et
1478 2415 1614 2477 volumus,
1625 2421 1758 2486 qnantum
1771 2415 1897 2478 valemus,

273 2506 352 2576 erod
365 2508 388 2564 si
400 2523 467 2564 casu
480 2521 645 2578 quocunque
658 2505 702 2561 vel
710 2507 857 2562 occasione
865 2507 956 2578 aliqua
968 2547 975 2572 ,
988 2507 1062 2579 qnod
1113 2521 1144 2568 ut
1157 2513 1269 2583 dignum
1282 2516 1341 2576 est,
1363 2509 1454 2564 filialis
1481 2507 1579 2564 allectu
1594 2506 1765 2570 devotionis,
1781 2507 1899 2577 ejusden

273 2601 365 2657 absit!
390 2599 494 2672 praelati
521 2600 644 2656 redditus
660 2599 880 2655 diminuerentur
902 2601 994 2665 nimis,
1016 2608 1063 2656 aut
1113 2604 1210 2660 matris
1231 2608 1334 2657 nostra
1347 2599 1444 2654 honori
1460 2612 1492 2653 ac
1513 2597 1632 2654 libertati
1646 2598 1674 2652 in
1694 2597 1828 2653 omnibus
1846 2613 1901 2668 pro

271 2692 386 2749 omnino
399 2691 556 2755 delicerent,
578 2706 610 2746 ex
627 2689 688 2746 aliis
709 2689 837 2746 Ecclesia
852 2691 934 2761 nujus
948 2691 1064 2749 redditi·
1113 2693 1215 2751 videre.
1234 2691 1311 2749 liudo
1327 2699 1383 2746 tam
1395 2691 1571 2762 praesentium
1593 2689 1667 2745 aetati
1689 2703 1773 2761 quam
1796 2689 1901 2744 tuturo-

271 2783 325 2838 bus
338 2783 471 2853 suppleri,
482 2790 510 2837 et
523 2781 558 2836 ab
571 2781 670 2837 abbate
682 2781 837 2848 reformari,
853 2799 930 2854 arque
942 2782 989 2839 Dei
1004 2799 1061 2840 orn·
1114 2802 1174 2842 rum
1189 2785 1343 2859 posteritati
1358 2783 1447 2856 palam
1463 2783 1521 2839 lieri
1536 2782 1683 2847 volumus,
1701 2781 1835 2852 quoniam
1858 2797 1903 2852 op-

271 2875 423 2946 nipotcntis
452 2874 616 2929 anctoritate
644 2874 828 2945 praecipimus.
858 2873 1063 2934 Deiectionibus
1114 2878 1206 2950 pidani
1222 2876 1437 2934 etmanslonarii
1451 2875 1523 2931 villae
1542 2874 1617 2930 Beati
1642 2871 1767 2946 Dionysii
1785 2874 1822 2930 de
1844 2891 1904 2928 exa-

271 2982 486 3038 onoqueeornm
500 2967 677 3036 vespertinis,
692 2982 761 3038 quas
775 2966 870 3022 dicunt
880 2982 984 3038 coenas,
994 2985 1064 3040 ιιιιο-
1113 2973 1205 3027 ιιιοιιι
1219 2969 1427 3026 consuetudinis
1445 2967 1580 3039 pessimae,
1601 2981 1662 3037 quae
1681 2973 1794 3020 mortua
1808 2981 1906 3021 uranus

271 3061 347 3115 aiam
364 3072 481 3129 apuero
495 3065 523 3113 ιι
536 3059 697 3129 quotidiana
717 3057 841 3115 officialis
860 3075 956 3115 earum
972 3061 1065 3116 decla·
1114 3064 1232 3129 dicitnr,
1249 3071 1276 3118 ιι
1290 3078 1305 3118 a
1322 3068 1444 3133 tempore
1460 3058 1669 3130 praedecessoris
1689 3059 1783 3114 nostri
1805 3054 1907 3112 ironia

271 3151 393 3205 motione
409 3149 548 3220 aliquibus
564 3149 745 3221 cognovimus
766 3150 890 3222 indigere
910 3153 1064 3209 incremen·
1115 3153 1222 3211 abbatis
1240 3151 1401 3209 inolevissse
1414 3151 1540 3206 consulta
1555 3147 1669 3205 veritate
1688 3149 1840 3219 probatur,
1864 3149 1908 3200 ad-

271 3241 325 3306 tis,
346 3241 479 3299 decimam
499 3241 532 3297 de
547 3240 576 3296 S.
593 3239 714 3296 Luciano
737 3242 833 3298 usibus
849 3243 953 3299 nostris
969 3243 1063 3300 deser·
1114 3245 1225 3301 modum
1239 3243 1344 3316 gravati
1360 3250 1387 3299 et
1398 3241 1510 3304 afflicti,
1527 3255 1582 3295 non
1600 3240 1662 3310 y'ure
1675 3239 1773 3295 debito
1787 3241 1909 3308 antiqua

270 3335 390 3391 rientem
402 3333 586 3398 contulimus,
598 3349 631 3390 eo
645 3333 774 3390 videlicet
786 3341 892 3400 tenore,
909 3343 939 3390 ut
958 3343 986 3391 et
1001 3335 1064 3392 iude
1114 3336 1335 3400 connsuetudinis,
1349 3333 1396 3390 sed
1412 3333 1558 3389 ambitiosa
1573 3331 1780 3387 introductione
1795 3327 1910 3386 moralia

270 3427 490 3486 anniversarium
504 3434 630 3482 nostrum
645 3433 708 3499 post
731 3425 876 3484 decessum
893 3429 975 3499 hujus
1000 3429 1064 3484 vitae
1113 3429 1276 3494 exactionis,
1291 3435 1416 3483 nostram
1431 3426 1559 3483 adierunt
1573 3424 1768 3496 presentiam,
1791 3424 1868 3480 votis
1885 3433 1912 3480 ιι

271 3519 300 3574 in
317 3527 478 3592 perpetuum
494 3518 605 3587 iaciant,
619 3527 647 3575 et
659 3519 688 3575 ia
701 3533 736 3574 ιο
756 3518 850 3576 decem
875 3519 979 3578 solidos
992 3519 1064 3576 rele-
1113 3521 1242 3594 precibus
1265 3519 1403 3575 humiliter
1425 3517 1621 3590 implorantes,
1648 3523 1792 3588 quatenns
1815 3533 1869 3573 eos
1887 3527 1913 3573 ιι

270 3612 357 3667 eliani
371 3626 455 3667 suoea
470 3625 532 3667 tneo
545 3617 687 3666 coenttote
699 3611 844 3681 recipiant.
1113 3629 1207 3670 eorum
1223 3613 1344 3669 baeredes
1360 3627 1375 3666 a
1397 3618 1454 3666 tam
1477 3624 1567 3682 prava
1575 3608 1729 3667 exactionis
1750 3617 1781 3665 et
1796 3625 1912 3680 oppres·

306 3701 481 3774 Quapropter
495 3718 510 3757 a
525 3702 698 3758 cbarissimis
723 3701 854 3758 iratribus
874 3700 993 3774 filiisque
1013 3718 1064 3758 no·
1113 3709 1201 3765 sionis
1214 3707 1281 3780 y'ugo
1294 3707 1473 3778 eriperemus.
1489 3705 1635 3774 Quocirca,
1654 3707 1911 3762 communicatum

271 3795 351 3860 stris,
367 3810 430 3849 cnm
443 3795 545 3864 ouibus
558 3794 679 3850 divinam
695 3795 814 3867 elingere
830 3796 1062 3869 indignationem,
1114 3817 1189 3858 more
1199 3817 1261 3857 cum
1275 3801 1408 3857 iratribus
1418 3801 1521 3856 nostris
1532 3799 1658 3866 consilio,
1671 3813 1771 3855 eornm
1782 3800 1913 3872 petitioni

271 3887 526 3946 etmisericordiam
541 3889 652 3960 assequi
662 3889 778 3946 sollicite
793 3901 986 3962 praeoptamns,
998 3907 1064 3964 prae
1114 3897 1282 3952 unanimiter
1303 3910 1444 3951 assensum
1468 3894 1649 3966 praebuimus,
1669 3893 1775 3964 quippe
1796 3893 1914 3964 dignam

271 3988 315 4038 ter
333 3981 486 4052 peculiares
501 3997 597 4038 arrum
611 3984 762 4048 orationes,
777 3984 842 4040 dnm
857 3983 910 4040 bac
923 3985 985 4041 luce
996 4001 1064 4056 prae·
1113 4004 1176 4045 esse
1190 3989 1357 4044 arbitrantes
1376 3987 1468 4043 villam
1487 3985 1563 4042 Beati
1582 3983 1724 4058 Dionysii,
1749 4001 1818 4057 quar
1843 3987 1916 4041 iuter

272 4074 346 4129 senti
357 4075 489 4145 potimur,
504 4075 580 4130 omni
593 4082 647 4131 vet
659 4091 698 4132 vn
714 4074 793 4140 ieria,
808 4091 864 4147 qua
883 4077 1005 4148 praelatae
1018 4093 1065 4134 ee-
1113 4081 1205 4138 0maia
1220 4081 1355 4154 praedictae
1368 4079 1492 4136 ecclesie
1501 4077 1600 4134 merito
1609 4077 1760 4148 singularis
1771 4077 1917 4149 privilegii

272 4164 373 4221 lebrari
386 4171 515 4236 poterunt
527 4166 682 4232 memoriae,
698 4166 731 4222 ad
750 4175 925 4238 peccatorum
940 4183 1063 4224 meorum
1113 4182 1140 4230 et
1154 4173 1339 4245 principatum
1351 4172 1473 4235 obtinet,
1484 4176 1512 4227 et
1525 4171 1670 4243 praesentia
1684 4171 1918 4242 pretiosissimo·

270 4255 495 4326 dispositionem,
510 4257 727 4329 miserrimaeque
742 4259 805 4314 ritae
830 4258 912 4329 nujus
933 4257 1064 4315 directio·
1112 4279 1175 4320 rum
1188 4273 1339 4336 martyrum
1355 4261 1501 4334 specialius
1516 4263 1617 4320 eminet
1633 4262 1747 4333 speciali
1774 4278 1920 4334 praerog>

271 4363 345 4414 nem,
357 4349 524 4406 inomnibus
539 4358 594 4404 mm
609 4351 754 4406 nocturnis
768 4366 851 4422 qnam
864 4350 972 4408 diurnis
986 4351 1064 4409 boris
1113 4357 1180 4421 tiva,
1192 4371 1273 4428 quara
1290 4355 1342 4411 sibi
1355 4355 1417 4426 jure
1426 4353 1558 4418 vindicat,
1573 4369 1629 4426 prae
1639 4353 1748 4410 calens
1759 4354 1919 4410 sublimius

271 4445 407 4516 psalmum
418 4459 515 4510 orrum,
536 4443 579 4498 ild
594 4445 725 4511 tolerari,⁸
739 4450 839 4518 etpost
854 4445 949 4502 miseri
964 4460 1064 4518 corpa-
1113 4457 1141 4506 et
1157 4449 1323 4522 propensius
1337 4448 1483 4504 honorare.
1500 4446 1634 4503 Omnibus
1648 4447 1733 4518 igitur
1758 4446 1791 4502 in
1815 4455 1922 4520 prtia·

270 4537 312 4591 ris
322 4535 405 4606 hujus
415 4535 625 4592 dissolutionem
635 4578 642 4599 ,
654 4537 683 4592 iu
696 4537 765 4609 ipsis
779 4545 938 4593 sanctarum
955 4547 1099 4603 memo-1)
1113 4551 1176 4600 rata
1190 4543 1253 4599 villa
1272 4543 1300 4598 in
1317 4549 1392 4599 terra
1406 4540 1482 4598 Beati
1495 4540 1629 4613 Dionysii,
1644 4541 1703 4598 sive
1725 4540 1785 4598 sub
1801 4542 1921 4596 viatura

270 4628 374 4682 riarum
389 4627 502 4694 diebus,
517 4627 558 4683 De
569 4629 708 4699 profundis
719 4630 834 4685 clamori
842 4669 850 4695 ,
868 4646 918 4702 per
938 4631 1061 4688 omnium
1112 4637 1173 4708 eius
1186 4635 1370 4699 manentibus,
1382 4633 1791 4707 praedictasexactionesbans
1802 4643 1921 4696 tenore,

271 4719 409 4774 curricula
424 4727 577 4791 temporum
591 4721 809 4777 misericorditer
824 4719 957 4778 fidissima
977 4731 1005 4778 et
1025 4723 1062 4778 ir·
1112 4734 1139 4783 ιι
1160 4725 1318 4783 stabilitatis
1332 4724 1496 4782 firmissimae
1516 4725 1684 4780 monimento
1697 4725 1724 4780 in
1739 4735 1922 4796 perpetum

271 4809 430 4882 reiragabili
441 4812 625 4881 promissione
637 4812 705 4868 mibi
719 4813 843 4884 meisque
853 4813 1062 4869 successoribus
1112 4818 1323 4888 relaxavimus,
1340 4816 1414 4888 qnod
1438 4817 1491 4888 ipsi
1517 4815 1550 4872 ad
1575 4817 1717 4872 introitum
1740 4817 1925 4872 monasterii

271 4903 452 4959 obtinuimus.
469 4901 527 4958 lloe
542 4917 599 4959 nno
620 4910 648 4959 ιι
668 4905 782 4975 speciali
796 4905 982 4976 continuoque
1001 4921 1062 4978 spe·
1113 4908 1188 4965 Beati
1204 4907 1327 4980 Dionysii
1342 4907 1529 4964 renovandum
1550 4914 1578 4962 et
1596 4905 1790 4963 decorandum
1813 4905 1926 4960 ducta

270 5001 383 5058 rantes,
403 5005 505 5050 sancta
525 4994 574 5050 Dei
595 4993 691 5050 lintris
713 5002 926 5066 sanctorumque
944 4997 1062 5052 aliorum
1111 5006 1156 5054 tas
1172 4998 1256 5054 libras
1265 5007 1360 5053 nostra
1372 4997 1550 5070 dispositione
1560 5005 1588 5052 et
1602 4995 1778 5068 procidentia
1792 4997 1832 5050 ad
1848 4995 1927 5050 idem

270 5087 412 5160 suffragio,
429 5087 545 5143 iratrum
566 5095 726 5144 nostrorum
750 5087 906 5144 successiva
928 5087 1061 5144 interces·
1112 5105 1182 5161 opus
1209 5087 1401 5160 expendendas
1434 5087 1513 5143 nobis
1547 5087 1732 5142 contulerunt.
1771 5083 1928 5140 Praeterea

271 5181 360 5244 sione,
372 5179 534 5235 delictorum
548 5180 646 5236 sordes
661 5180 809 5252 deponere,
820 5189 848 5236 et
862 5180 960 5236 saltem
975 5183 1017 5236 vel
1033 5182 1062 5236 ia
1112 5181 1246 5255 qrrosdam
1261 5181 1295 5238 de
1310 5179 1410 5236 Sancto
1429 5179 1556 5236 Marcello
1572 5180 1600 5235 in
1617 5180 1669 5234 bac
1684 5179 1858 5234 exactionis
1880 5179 1929 5232 ab

271 5276 315 5331 die
327 5273 548 5331 liesumectiouis
562 5274 674 5331 Domini
688 5273 906 5331 nrisericordiam
928 5274 956 5330 iu
970 5275 1062 5346 aliqua
1112 5273 1248 5331 solutione
1260 5281 1287 5329 ιι
1300 5274 1460 5330 allevatione
1474 5273 1643 5330 admisimus.
1655 5269 1816 5328 Falconem
1830 5272 1929 5327 tilium

271 5369 393 5441 paradisi
407 5357 581 5428 extremitate
592 5373 748 5440 impetrare.
772 5367 972 5426 Gloriosissimi
993 5386 1063 5441 quo·
1112 5363 1488 5438 Elynandi,etllerlewinnm
1510 5365 1687 5421 cambitorem
1703 5379 1771 5420 cnm
1794 5365 1930 5420 haar-ed-

271 5479 325 5534 que
338 5462 469 5519 Ludovici
482 5463 554 5535 regis
565 5461 746 5529 Francorum,
760 5469 823 5534 post
841 5461 1062 5518 strenuissimam
1113 5458 1164 5513 bus
1179 5457 1246 5513 suis.
1261 5457 1330 5512 Cum
1345 5466 1435 5514 antem
1451 5457 1597 5529 contigerit
1606 5455 1734 5528 prelatos
1750 5456 1930 5527 burgenses

272 5555 349 5624 regni
370 5556 431 5625 ejus
454 5555 739 5619 administrationem,
764 5554 981 5611 anniversarium
1003 5553 1062 5609 lieri
1111 5550 1202 5621 proles
1218 5564 1283 5606 snas
1298 5550 1402 5621 nuptiis
1412 5547 1530 5614 tradere,
1548 5558 1735 5621 postmortem
1750 5564 1891 5609 earum.
1909 5572 1931 5602 s.

273 5646 389 5714 singuiis
403 5647 484 5702 annis
496 5653 524 5701 et
538 5645 710 5709 mandamns,
725 5652 753 5700 et
765 5646 959 5701 constituimus
975 5651 1022 5699 :et
1033 5648 1062 5698 nt
1112 5643 1215 5714 absque
1230 5643 1383 5699 herulibns
1399 5642 1534 5704 obierint.
1555 5649 1680 5713 parentes
1695 5642 1817 5697 invilla
1845 5641 1930 5696 nen

273 5734 369 5787 eadem
383 5734 468 5791 diede
479 5734 601 5806 praelatis
614 5733 884 5791 Vilmssinidacimis
894 5736 969 5792 abeo
980 5735 1062 5792 nobis
1112 5734 1236 5807 Dionysii
1266 5743 1408 5793 manentes
1441 5743 1577 5792 mortuam
1610 5751 1723 5792 manum
1747 5736 1931 5794 habebunt.

274 5822 392 5889 collatis,
407 5841 443 5880 xx
455 5825 561 5881 solidor
574 5826 693 5895 propria
706 5825 849 5882 relectioni
864 5826 983 5882 babeant
996 5843 1063 5898 prae·
1112 5828 1217 5882 etiamsi
1230 5827 1409 5898 propinquior
1419 5828 1518 5900 aliquis
1528 5827 1620 5892 iurarit,
1631 5827 1678 5900 qui
1692 5829 1825 5901 interra
1843 5828 1931 5888 nean
