3967 6334
235 325 306 382 usas
787 313 925 383 suuuuu
944 324 1093 384 annuus
1111 327 1141 385 s.
1162 327 1311 387 otosrsu
1803 333 1874 388 sset

232 441 336 506 tundo,
353 442 535 498 monasticum
553 439 677 496 ordinem
693 433 828 512 proliten.
848 439 961 498 videant
981 442 1029 511 qul
1044 451 1212 511 parternum
1231 444 1417 515 praeferentes,
1432 446 1468 501 ad
1481 447 1648 518 singularem
1665 445 1812 519 monastiea·
1825 461 1874 500 er·

197 545 202 558 ·
233 534 391 589 nronastieae
401 533 554 606 paupertati
569 531 713 604 derogant,
724 533 862 604 quomodo
873 549 926 590 uon
939 531 1029 589 solum
1081 537 1154 594 dinis
1165 537 1278 594 tutelam
1290 537 1468 594 securissime
1478 536 1652 608 confugiunt.

233 623 445 698 archiepiscopi,
470 625 519 682 sed
542 631 570 682 et
595 625 647 696 ipsi
670 641 748 698 reges
764 627 930 684 transitorie
943 627 1027 680 ritam

825 884 1046 978 LECTIO
1070 883 1323 979 OCTAVA.

267 1103 337 1161 Cum
348 1111 440 1159 autem
455 1103 491 1158 de
499 1103 544 1158 die
555 1103 584 1158 in
601 1101 673 1158 diem
691 1100 768 1171 gravi
785 1097 913 1154 diarririae
930 1099 1026 1155 turba-
1079 1099 1147 1155 mini
1160 1098 1320 1172 intigeretur
1329 1111 1468 1173 precepit,
1476 1103 1581 1158 sanctis
1590 1103 1763 1176 martyribus
1769 1120 1875 1176 pernes

232 1203 311 1253 retur
321 1203 406 1260 motu,
422 1195 506 1252 tantis
520 1201 547 1250 et
557 1203 612 1250 tam
627 1194 749 1248 molestis
762 1192 927 1247 uredieoruor
941 1190 1028 1263 potio
1079 1191 1239 1259 destinavit,
1254 1192 1320 1248 etsi
1343 1207 1508 1264 quocunque
1518 1193 1600 1250 modo
1620 1195 1758 1266 subsequi
1773 1208 1874 1269 punse,

231 1290 325 1351 nibus,
340 1289 511 1345 diversorum
524 1293 551 1342 et
568 1287 802 1342 ornatissimorum
814 1285 955 1355 pulverum
967 1300 1028 1341 sns-
1078 1280 1255 1338 devotissime
1267 1282 1424 1354 spopondit.
1439 1281 1489 1340 llis
1504 1284 1589 1356 igitur
1600 1292 1776 1342 exoneratus
1789 1295 1817 1342 et
1830 1285 1876 1346 bei

232 1381 404 1455 ceptionibus
423 1379 457 1435 ad
472 1377 692 1450 restringendum
713 1378 906 1441 irriestabatur,
925 1383 954 1431 ut
975 1391 1027 1432 nee
1078 1375 1268 1432 misericordia
1278 1375 1417 1449 perlusus,
1431 1376 1583 1434 humillime
1593 1377 1672 1435 nexis
1680 1379 1803 1450 geniem
1815 1387 1878 1438 anta

232 1473 314 1530 etiam
333 1473 386 1543 ipsi
400 1471 551 1526 incolumes
568 1477 595 1526 et
614 1470 729 1526 virtuosi
744 1469 881 1526 sustinere
896 1468 1028 1540 prevale·
1079 1468 1297 1526 sacratissimum
1317 1484 1419 1540 corpus
1438 1475 1466 1525 et
1482 1470 1645 1541 sanguinem
1660 1469 1776 1526 Domini
1791 1474 1875 1530 nomi

232 1572 303 1622 rent.
323 1564 375 1632 Qui
395 1565 467 1620 inter
484 1562 535 1619 bas
550 1570 578 1618 et
596 1562 754 1633 hujusmodi
772 1561 912 1618 molestias
932 1561 1026 1615 innata
1076 1556 1143 1614 Jesu
1160 1558 1263 1616 Christi
1282 1560 1341 1633 (quvi
1355 1560 1428 1616 enim
1444 1576 1508 1616 mea
1527 1561 1641 1617 missam
1654 1563 1874 1628 celebraveras,

231 1657 376 1714 dulcedine
386 1655 536 1713 benevolus
546 1655 676 1711 omnibus
691 1655 729 1710 ita
750 1653 952 1717 blandiebatur,
966 1667 1027 1707 em·
1077 1649 1181 1706 illucei
1196 1666 1258 1706 curu
1269 1651 1447 1722 processione
1460 1651 1556 1708 devote
1566 1653 1744 1726 attulerant),
1761 1655 1792 1711 in
1809 1656 1876 1714 base

231 1763 281 1806 nes
291 1747 461 1822 admittebat,
473 1761 569 1803 omnes
580 1745 752 1802 demulcebat
762 1760 794 1800 ac
804 1746 828 1800 si
842 1743 909 1799 nibil
922 1743 1026 1798 moles·
1076 1741 1134 1798 oris
1147 1750 1175 1797 et
1189 1742 1281 1800 cordis
1291 1758 1363 1799 verae
1375 1751 1404 1800 et
1414 1743 1564 1801 Catholicae
1577 1744 1771 1803 eoniessionis
1784 1763 1876 1804 socen

230 1839 277 1896 tiae
290 1845 441 1908 pateretur.
461 1835 622 1907 bsperrimo
637 1835 729 1904 itaque
744 1832 868 1905 proiluvii
888 1841 980 1898 motu,
998 1840 1027 1888 et
1076 1847 1131 1887 non
1143 1839 1274 1903 tanquam
1298 1832 1467 1900 illitteratus,
1492 1836 1540 1890 sed
1555 1841 1690 1906 unquam
1707 1837 1876 1893 litteratissi-

230 1930 314 2000 longo
334 1928 464 1984 macerati
480 1927 605 1996 corporis
619 1923 746 1989 deiectu,
762 1923 926 1995 dedignatus
939 1923 1028 1979 viliter
1042 1901 1063 1957 Β
1077 1938 1141 1981 mus
1156 1925 1302 1998 tbeoiogus
1320 1911 1456 1998 erumpit:
1477 1947 1487 1977 r
1506 1925 1707 1999 Egopeceator
1718 1927 1877 1986 Ludoriess

231 2029 279 2076 ant
293 2018 455 2090 inopinitate
470 2017 551 2083 mori,
568 2021 701 2072 convocat
715 2013 859 2085 religiosos
872 2013 958 2078 riros,
970 2013 1028 2083 epi·
1077 2016 1210 2073 contueor
1225 2033 1310 2072 unum
1325 2024 1353 2073 et
1367 2033 1463 2096 verum
1477 2017 1573 2087 ileum,
1588 2017 1714 2086 Patrem,
1725 2029 1756 2078 et
1770 2019 1876 2090 filisu,

231 2127 331 2184 scopos
350 2117 378 2167 et
396 2111 519 2175 abbates,
538 2116 566 2165 et
589 2108 690 2163 multos
702 2105 832 2163 Ecclesiae
853 2106 1025 2162 sacerdotes:
1077 2116 1105 2165 et
1117 2107 1250 2182 Spiritum
1260 2120 1397 2179 sanetum,
1410 2127 1494 2167 unam
1508 2127 1541 2169 es
1556 2112 1609 2170 bac
1626 2122 1731 2169 sancta
1744 2111 1877 2172 Trinitats

230 2205 339 2278 querit,
353 2203 456 2273 rejecto
467 2199 571 2275 pudore
584 2203 669 2266 omiti,
685 2200 721 2255 ob
732 2200 914 2256 reverentiam
927 2196 1028 2253 bivini·
1077 2216 1235 2273 personam,
1244 2201 1369 2258 videlicet
1379 2202 1875 2274 unigenitumeteonsnbstsnttates.

230 2299 297 2355 tatis
318 2305 346 2354 et
370 2305 529 2354 sauctorum
551 2294 710 2366 angelorum
730 2305 823 2348 coram
852 2290 1028 2348 devotissime
1077 2300 1106 2348 et
1130 2303 1295 2350 coaeternum
1313 2293 1361 2349 liei
1380 2292 1472 2350 Patris
1492 2293 1608 2362 Filium,
1623 2296 1660 2353 de
1684 2297 1876 2354 sacratissima

231 2385 369 2450 eontiteri,
392 2392 420 2442 et
440 2383 618 2442 securissimo
633 2382 768 2438 Dominici
783 2381 908 2453 corporis
921 2388 948 2436 et
962 2395 1028 2438 sau-
1078 2381 1191 2456 Virgine
1204 2384 1398 2451 incarnatum,
1415 2400 1548 2458 passum,
1563 2397 1726 2454 mortuum,
1743 2397 1774 2446 et
1788 2389 1876 2460 segal·

230 2477 323 2551 guinis
344 2475 461 2540 viatico,
478 2474 582 2530 exitum
597 2487 677 2528 suum
691 2471 803 2529 muniri.
818 2471 942 2542 Cumque
954 2471 1027 2542 idip-
1077 2481 1155 2544 turn,
1171 2476 1252 2532 tertia
1265 2476 1312 2532 die
1328 2477 1530 2543 resurrexisse,
1545 2479 1632 2534 ecelos
1649 2479 1834 2548 ascendisse,
1846 2481 1877 2538 ad

231 2579 293 2626 sum
305 2581 462 2640 praeparare
478 2565 625 2630 festinant,
640 2582 690 2623 ren
704 2565 763 2638 ipse
781 2565 921 2636 inopinate
939 2580 970 2622 se
988 2565 1028 2622 ie·
1077 2570 1220 2626 dexteram
1237 2569 1286 2627 liei
1298 2568 1397 2641 [Patris
1416 2570 1578 2638 consedere,
1595 2571 1680 2636 friros
1701 2580 1733 2627 et
1756 2579 1878 2628 morsm

232 2674 300 2718 rans
311 2667 339 2716 et
353 2673 522 2730 preparans,
540 2657 656 2714 vestitus
670 2671 809 2713 cameram
820 2657 928 2712 cunetis
940 2655 1028 2711 admi·
1077 2651 1243 2718 extremo'et
1257 2678 1357 2734 magno
1369 2661 1616 2733 ludiciojudicare.
1628 2661 1713 2718 lianc
1727 2670 1825 2720 autern
1838 2678 1878 2718 sa-

231 2753 357 2810 rantibus
375 2751 485 2807 obviam
506 2747 616 2822 corpori
634 2748 740 2804 Douriui
754 2746 818 2805 lesu
833 2747 937 2804 Christi
958 2749 1026 2812 exit,
1078 2754 1372 2826 eratissimiJcorporis
1392 2755 1454 2825 ejus
1477 2754 1687 2820 eucharistiam,
1711 2754 1787 2809 iliud
1811 2753 1878 2809 iden

231 2845 425 2902 devotissimus
444 2842 568 2906 assistit,
591 2841 636 2895 ubi
649 2841 820 2909 tridentibus
840 2847 897 2894 tam
917 2840 1027 2897 clericis
1077 2845 1217 2900 credimus
1232 2859 1334 2914 eorpus
1352 2845 1424 2916 quod
1447 2855 1617 2915 assumptum
1631 2851 1679 2900 est
1697 2843 1739 2900 de
1759 2842 1877 2914 Virgine,

231 2953 314 3010 quam
331 2935 419 3002 laicis,
436 2950 528 3006 regern
543 2949 664 2999 exuens,
680 2950 792 3005 regnum
815 2933 945 3004 deponit,
962 2946 1027 3003 pec·
1077 2938 1150 3007 quod
1161 2937 1374 3008 discipulislsuis
1385 2937 1420 2992 ad
1430 2937 1679 2993 confederationes
1689 2936 1877 2993 etuniendn·

231 3030 321 3086 cando
334 3037 449 3100 regnum
459 3027 667 3082 administrasse
681 3026 836 3093 contitetur,
849 3025 932 3081 illium
944 3041 1025 3081 sunm
1076 3034 1104 3085 et
1119 3029 1148 3083 in
1163 3044 1193 3085 se
1207 3028 1436 3085 commanendum
1446 3027 1627 3084 contradidit:
1650 3029 1734 3083 bunc
1751 3029 1878 3084 saermis·

232 3118 402 3176 Ludovicum
418 3118 521 3173 atrrrulo
534 3118 663 3185 investit,
682 3116 831 3173 Ecclesiam
850 3113 910 3183 Dei,
923 3131 1027 3188 paupe·
1076 3118 1177 3174 simum
1192 3117 1354 3189 sanguinem
1369 3117 1446 3173 illum
1459 3118 1596 3184 eumdem,
1608 3119 1657 3188 qui
1669 3118 1708 3174 de
1724 3118 1815 3173 tatere
1823 3118 1878 3186 ejas

231 3225 277 3266 res
287 3217 316 3266 et
328 3208 468 3283 orphanos
479 3209 561 3276 tueri,
570 3207 617 3278 jus
628 3223 708 3263 suum
718 3209 1023 3280 uuicuiquccustodire,
1038 3254 1059 3311 c
1076 3209 1105 3265 in
1116 3225 1199 3266 cruce
1213 3208 1360 3282 pendentis
1375 3209 1498 3276 delluait,
1513 3219 1541 3266 et
1554 3209 1720 3266 {inanissime
1730 3209 1876 3270 credimus.

231 3303 367 3358 neminem
381 3301 500 3357 incuria
514 3315 564 3357 sua
579 3313 691 3371 capere,
708 3301 732 3356 si
746 3317 802 3357 non
817 3301 1027 3372 praesentialiter
1076 3311 1104 3358 et
1114 3318 1163 3358 ore
1173 3310 1201 3358 et
1215 3302 1299 3358 corde
1310 3301 1488 3369 conlitemur3
1503 3301 1612 3373 bocuue
1625 3301 1878 3358 securissimoria-

231 3392 333 3449 ibidem
349 3393 502 3464 delinquat,
519 3389 572 3446 lide
584 3391 699 3462 obligat,
716 3393 763 3449 ubi
781 3393 865 3448 etiam
880 3407 979 3449 aurum
997 3401 1025 3450 et
1075 3394 1132 3451 lico
1150 3395 1295 3452 decessum
1315 3402 1441 3451 nostrum
1466 3395 1578 3461 muniri,
1594 3401 1623 3450 et
1642 3402 1749 3450 contra
1772 3411 1877 3449 omnen

232 3494 375 3558 argentum
392 3493 419 3542 et
432 3502 499 3543 vasa
514 3485 739 3557 concupiscibilia
754 3493 782 3542 et
791 3486 873 3557 pallia
888 3493 915 3542 et
929 3485 1027 3558 pallia·
1075 3487 1177 3543 aeriam
1185 3495 1347 3558 potestatem
1358 3487 1511 3544 certissima
1520 3488 1694 3558 protectione
1702 3486 1879 3558 deienffiper·

231 3577 421 3644 tasculcitras,
432 3585 460 3634 et
472 3593 553 3635 omne
559 3577 740 3649 mobilequod
754 3577 923 3648 possidebat,
936 3585 1026 3649 etquo
1074 3585 1212 3648 optamus.
1225 3596 1235 3631 ι
1262 3576 1332 3633 Cum
1349 3584 1441 3633 autem
1453 3579 1565 3634 cunctis
1577 3577 1801 3642 admirantibus,
1811 3576 1878 3632 laeta

231 3670 257 3726 ei
271 3669 453 3736 serviabatur,
464 3673 589 3730 ecclesiis
603 3681 631 3729 et
646 3673 812 3744 pauperibus
827 3679 855 3728 et
865 3674 959 3744 egenis
974 3687 1026 3745 pro
1075 3667 1195 3740 primum
1210 3676 1388 3739 peccatorum
1404 3668 1595 3736 confessione,
1614 3667 1804 3726 devotissime
1819 3683 1877 3724 eor·

231 3774 326 3817 amore
342 3759 390 3817 Dei
410 3763 597 3828 distribuens,
616 3779 667 3820 nee
680 3763 862 3822 chlamidibus
877 3781 928 3821 nee
943 3765 1027 3835 regiis
1077 3761 1181 3832 periet
1203 3762 1332 3834 sanguini
1349 3761 1415 3818 lesu
1433 3760 1535 3818 Consti
1550 3762 1804 3828 communicasset,
1819 3770 1876 3815 tan-

231 3851 399 3909 indumcntis
418 3869 505 3924 usque
528 3855 562 3910 ad
580 3855 721 3912 camisiam
740 3857 870 3928 pepercit.
886 3856 1025 3928 Capelinnr
1076 3868 1160 3925 quiam
1177 3854 1253 3910 illice
1266 3851 1459 3912 convalescere
1471 3855 1619 3926 incipiens,
1633 3853 1828 3910 adcamerarn
1840 3869 1877 3909 re

232 3951 323 3998 evitem
338 3959 415 4000 suam
428 3946 587 4016 pretiosam,
602 3954 706 4002 textum
718 3947 944 4017 pretiosissimum
957 3963 1026 4003 auro
1076 3944 1143 4012 diit,
1166 3951 1297 4019 omnique
1322 3947 1464 4004 saecularis
1484 3945 1622 4018 superbiae
1638 3947 1750 4017 rejecta
1768 3960 1875 4018 μμ.

231 4043 259 4090 et
277 4035 401 4106 gemmis,
417 4037 587 4094 thuribulum
607 4053 718 4094 aureum
735 4038 915 4110 qrradraginta
930 4038 1026 4094 uncia·
1076 4039 1135 4095 sola
1149 4038 1222 4094 linea
1240 4039 1356 4095 culcitra
1371 4037 1511 4095 decubuit.
1529 4037 1656 4110 Cumque
1672 4053 1740 4093 eum
1753 4037 1790 4092 de
1801 4045 1876 4091 tanto

232 4141 303 4196 rum,
321 4128 484 4185 caudelabra
499 4139 608 4185 centum
629 4131 771 4201 sexaginta
789 4129 848 4185 auri
867 4131 1024 4197 unciarum,
1077 4131 1225 4197 tantillum,
1242 4132 1276 4190 de
1289 4139 1346 4186 tam
1363 4132 1420 4187 alto
1433 4139 1491 4186 tarn
1505 4130 1650 4195 bunilem,
1662 4129 1792 4186 bumana
1803 4145 1875 4184 nure

232 4219 346 4276 calicem
360 4235 428 4277 auro
440 4227 468 4279 et
486 4221 692 4293 pretiosissimis
707 4221 822 4294 gemmis
837 4221 1024 4285 carissimum,
1077 4237 1121 4277 me
1142 4221 1244 4279 dedere
1263 4223 1487 4294 conspicaretur:
1509 4221 1582 4288 Noli,
1596 4221 1713 4293 inquit,
1735 4223 1875 4278 carissime

232 4325 334 4382 cappas
354 4310 388 4368 de
407 4313 490 4384 pallio
512 4315 648 4385 pretiosas
664 4313 778 4378 decem,
794 4311 1024 4385 pretiosissimum
1076 4317 1174 4380 anuee,
1185 4331 1268 4387 super
1279 4331 1323 4372 me
1332 4314 1443 4380 dedere,
1455 4315 1523 4386 quin
1530 4315 1623 4386 potius
1633 4315 1876 4386 exsultandogan-

230 4403 380 4474 incinctum
399 4413 485 4462 atone
498 4407 571 4479 regis
590 4403 782 4460 Rutbenerum
803 4403 882 4470 tiliae,
901 4403 974 4475 quod
990 4401 1026 4459 de
1077 4402 1143 4461 dere
1158 4406 1233 4477 quod
1250 4405 1300 4463 bei
1314 4405 1502 4462 misericordia
1515 4403 1875 4476 prestitiemeineisseo·

232 4509 284 4551 sua
298 4495 326 4552 in
342 4511 423 4553 manu
433 4505 528 4555 nostra
539 4497 668 4561 reddens,
684 4502 715 4550 ut
730 4509 840 4552 coronae
852 4496 954 4567 spinem
967 4493 1025 4549 llo·
1076 4511 1188 4553 eursum
1204 4499 1275 4556 sicut
1288 4499 1365 4557 vides
1379 4511 1560 4570 praeparasse.

856 4730 1073 4827 cuculo
1106 4733 1290 4826 Noun.

266 4927 335 4982 Cum
350 4933 440 4982 notem
464 4929 594 4999 porrtntim
610 4928 644 4982 ad
662 4929 878 4984 incolumitatem
899 4929 1022 5002 respira·
1040 4929 1167 4989 eclesie
1179 4937 1258 5001 pater
1276 4938 1303 4986 et
1317 4930 1420 4986 nobilis
1437 4928 1579 4992 defenser.
1597 4931 1766 4987 solemmter
1784 4941 1812 4986 et
1827 4935 1873 4986 de·

231 5029 284 5087 ret,
296 5035 352 5090 quo
361 5021 449 5092 potuit
458 5019 585 5078 rebicoie
594 5036 680 5093 prope
692 5019 855 5077 liiliduuum
864 5022 899 5077 nd
910 5021 1024 5078 ιιιιιίιιιιι
1074 5019 1219 5078 notissime
1242 5026 1405 5092 susceptus,
1426 5019 1612 5077 sanctissimis
1634 5023 1809 5094 martyribus
1823 5023 1873 5078 ba·

233 5111 377 5184 Βιηιιιιιιιι,
387 5115 598 5171 occurrentibus
610 5115 876 5172 etconcurrentibus
892 5116 1023 5186 perviam
1075 5111 1191 5168 millime
1206 5118 1365 5183 prostratus
1382 5112 1491 5168 votivas
1505 5127 1556 5184 pro
1577 5111 1716 5184 impensis
1732 5113 1874 5172 benekius

232 5203 258 5259 ei
272 5203 391 5270 obviam,
406 5213 434 5259 et
443 5201 500 5262 lieo
511 5219 657 5276 personam
678 5203 739 5274 ejus
753 5205 1023 5271 commendantibus,
1075 5210 1104 5260 et
1114 5203 1229 5262 devotm
1251 5203 1405 5276 gratiarum
1426 5206 1551 5261 actiones
1570 5205 1756 5277 lacrymando
1770 5209 1875 5278 persol-

233 5295 382 5354 acastellis
401 5303 429 5352 et
439 5297 518 5362 ricis,
532 5304 560 5353 et
578 5296 684 5354 relictis
700 5297 812 5359 aratris,
836 5295 1025 5354 devotissimis
1075 5297 1126 5361 vit,
1138 5303 1166 5352 et
1180 5303 1211 5352 ut
1223 5295 1355 5368 deinceps
1369 5295 1395 5352 ei
1412 5294 1595 5368 provideant,
1612 5295 1774 5354 bumillime
1791 5299 1875 5354 ister·

236 5388 355 5460 populis,
376 5389 478 5460 quibus
497 5403 592 5460 pacem
613 5396 836 5453 conservaverat,
862 5387 1021 5456 descendit;
1076 5388 1197 5460 pellavit.
1210 5387 1337 5460 Cumque
1350 5396 1474 5445 castrum
1488 5386 1676 5444 bestisiacum
1691 5390 1874 5459 peremisset,

232 5481 328 5552 sicque
341 5479 377 5536 ob
388 5495 511 5538 amorem
524 5488 684 5538 sanctorum
699 5489 860 5553 martyrum,
873 5495 943 5551 quos
956 5479 1023 5534 risi·
1076 5481 1204 5538 celeriter
1214 5481 1356 5538 subsecuti
1374 5486 1440 5536 sunt
1453 5495 1517 5537 eum
1534 5480 1625 5536 nuntii
1646 5479 1790 5537 Geillelmi
1799 5480 1874 5536 dees

233 5577 303 5637 tare,
323 5579 351 5628 et
373 5579 465 5643 grates
488 5573 603 5630 reddere
618 5571 805 5641 desiderabat,
820 5571 970 5628 deveniens
983 5571 1025 5627 ci·
1076 5572 1241 5644 Aquitaniae,
1263 5570 1458 5628 denuntiantes
1476 5569 1603 5627 eumdem
1620 5569 1723 5626 ducem
1746 5569 1785 5624 ad
1812 5585 1874 5626 saa-

235 5660 353 5722 tissime,
367 5661 424 5719 beo
437 5662 569 5727 donante,
590 5677 674 5734 eqrres
687 5663 721 5720 ad
732 5679 781 5721 eos
792 5663 927 5735 pervenit.
943 5661 996 5730 Qui
1008 5679 1023 5717 a
1077 5671 1152 5718 ctum
1166 5659 1299 5720 iacobum
1312 5673 1426 5734 peregre
1433 5661 1585 5732 proiecnrm
1597 5661 1625 5716 in
1635 5661 1680 5716 ria
1691 5661 1872 5732 demigrasse.

234 5749 367 5806 iratribus
378 5759 405 5806 et
415 5767 484 5821 pene
498 5760 553 5807 toln
565 5753 654 5822 patria
671 5761 801 5824 tanquam
816 5753 958 5824 piissimus
969 5752 1020 5807 Ec·
1077 5755 1127 5810 sed
1140 5755 1359 5830 antequamhitcr
1375 5754 1579 5828 aggrederetur,
1594 5758 1622 5806 el
1636 5753 1722 5810 etiam
1737 5753 1766 5808 irs
1780 5753 1874 5808 istem
