3967 6334
223 345 274 403 553

703 340 898 398 zuettttttAE·
911 337 1214 398 cttntsoeutt‘lurtt
1231 339 1387 398 ertscoet
1807 341 1854 398 lbi

222 469 307 532 eninr,
319 462 479 520 com'multo
491 459 583 532 plures
596 459 652 516 sint
666 473 798 530 pauperes
812 473 893 529 quarn
906 457 1015 523 diuites,
1031 458 1053 516 Α
1068 456 1097 510 in
1106 455 1216 512 Christo
1227 456 1390 512 docuerunt.
1403 455 1595 513 liuodenarius
1607 457 1682 514 enim
1692 456 1856 514 universita-

222 575 279 618 non
293 558 427 620 dicerent,
442 555 500 625 quis
514 552 610 623 poterit
625 551 714 606 selvae
729 551 808 606 aeae?

1068 556 1122 602 tem
1139 548 1284 620 significat,
1301 549 1372 604 sicut
1391 555 1419 604 et
1435 550 1625 618 septenarius;
1641 549 1724 619 cujus
1744 549 1856 620 (partes,

259 651 395 720 Aspiciam
410 658 497 701 autem
510 642 600 708 ierus,
622 642 690 697 itata
709 642 783 696 illia:
806 640 885 710 Apud
899 639 1016 694 homiues
1067 638 1095 693 id
1108 648 1150 696 est
1165 641 1217 694 tria
1230 649 1258 696 et
1271 640 1399 712 quatuor)
1419 642 1504 695 altera
1525 657 1575 712 per
1594 642 1710 696 alteram
1730 642 1858 714 multipli-

223 745 271 798 bac
287 738 449 812 iurporribiie
468 745 520 803 eat,
535 734 604 804 apud
617 733 702 788 Deam
717 741 805 787 autam
821 732 910 786 omnia
930 730 1018 802 poari-

225 836 290 890 titia
303 843 374 890 raet.

260 927 317 982 lloc
335 939 390 980 non
405 922 442 977 ita
457 919 656 991 accipiendum,
669 916 741 988 quod
755 891 847 987 cupidi
863 917 918 970 sint
931 917 1018 970 intra-

1068 737 1145 793 catae,
1167 729 1312 784 duodecim
1333 731 1411 786 liunt.
1431 728 1511 797 Quod
1529 745 1595 800 ergo
1613 731 1706 788 minus
1725 745 1742 786 a
1759 731 1859 792 tudaeie

1067 821 1225 890 putabatur,
1240 831 1443 891 contemptores
1453 821 1592 892 Evangelii
1606 821 1641 878 dc
1654 822 1800 880 duodecim
1810 827 1859 878 tri-

1068 910 1159 966 bubus
1171 908 1265 976 lsrael,
1280 913 1380 968 nedum
1395 919 1510 968 caeteras
1520 923 1626 984 gentes,
1638 913 1860 972 condemnabunt

226 1019 280 1074 turi
298 1018 325 1071 in
338 1027 453 1088 regnum
473 1013 532 1078 liei,
551 1011 599 1068 scd
618 1010 691 1081 qrrod
704 1008 834 1079 possibile
849 1014 891 1062 cst
905 1006 970 1073 Deo,
988 1013 1018 1061 ut
1069 1001 1195 1058 doctores
1210 1004 1299 1058 saneti
1317 1004 1346 1058 in
1360 1003 1522 1075 dieiudicii.

226 1109 399 1180 perverbum
415 1107 475 1177 ejus
493 1121 508 1159 a
524 1102 672 1174 cupiditate
686 1100 887 1171 temporalium,
904 1099 939 1154 ad
952 1099 1015 1154 cba-

225 1201 335 1256 ritatem
348 1203 543 1255 convertantur
557 1202 732 1249 aeternorum.

262 1291 335 1346 Turre
356 1286 513 1359 respondeus
533 1285 629 1339 Petrus
644 1323 650 1347 ‚
668 1281 738 1335 dicit
751 1281 794 1336 ei:
811 1278 877 1334 Ecce
893 1295 940 1334 aar
955 1278 1019 1333 reli-

226 1385 329 1454 quimur
338 1382 437 1446 amaia,
447 1389 470 1435 et
479 1379 659 1433 secutirumas
668 1384 701 1429 te.
710 1372 780 1440 Quid
788 1389 850 1443 erqo
858 1374 909 1427 erit
919 1373 994 1427 nodia
1006 1375 1019 1430 l

261 1471 378 1527 Grandis
398 1469 507 1524 fidncia.
530 1466 627 1522 Petrus
642 1465 763 1535 piscator
777 1471 851 1528 erat,
872 1461 948 1518 diues
963 1476 1019 1516 non

226 1563 325 1628 luerat,
338 1563 440 1618 uictum
455 1574 538 1614 manu
552 1565 580 1613 et
593 1563 653 1612 arte
666 1556 816 1627 quaerebat,
832 1562 859 1609 et
875 1563 965 1610 tamen
978 1554 1020 1609 lo-

226 1657 319 1728 quitur
331 1652 510 1718 confidenter,
534 1649 691 1704 Dimisimus
710 1648 809 1701 onznia.
831 1647 864 1702 lit
878 1647 943 1717 quia
963 1663 1023 1708 non

228 1747 326 1806 sufficit
340 1747 487 1808 dimittere,
502 1744 555 1798 boc
568 1743 641 1797 enim
655 1748 683 1796 et
697 1739 825 1795 Socrates
839 1739 1019 1810 philosophus

227 1841 302 1906 lecit,
314 1841 404 1912 jurngit
415 1838 487 1910 quod
502 1837 653 1908 perlectum
667 1843 709 1891 cst
721 1855 727 1889 :
742 1833 776 1888 Et
787 1836 869 1888 secati
880 1850 970 1888 samaa
982 1842 1016 1899 te,

226 1932 299 2004 quod
313 1940 356 1988 est
370 1930 549 1988 credentium.
575 1927 701 1982 Fecimus
716 1925 789 1997 quod
803 1925 923 1995 jussisti.
947 1925 1018 1992 Quid

226 2037 291 2094 ergo
305 2021 385 2078 nobis
398 2020 477 2076 dabis
491 2018 618 2090 praemii?

551 2127 614 2214 ut.
652 2106 698 2218 ¹3⁶

261 2274 340 2332 Jecur
355 2285 442 2330 autem
457 2273 611 2328 diatriba:
627 2273 710 2328 Antea
721 2272 780 2326 dico
794 2271 876 2336 rabie,
891 2271 960 2344 qaod
974 2288 1019 2326 aar

226 2368 271 2438 qai
287 2367 369 2422 secati
383 2366 446 2420 ertia
462 2381 512 2430 me,
533 2364 561 2417 ia
578 2363 773 2434 reqeneratioue
785 2379 845 2416 cum
861 2361 956 2417 sederat
970 2359 1020 2415 Fi·

228 2459 279 2514 liaa
294 2456 407 2513 boarium
423 2456 450 2510 ia
465 2453 525 2509 rede
539 2453 686 2523 nrajeatatis
701 2469 767 2509 sace.

468 2564 532 2650 M⁰
570 2545 615 2654 137
691 2625 702 2647 ·
739 2545 786 2593 aie

261 2711 392 2769 Sedebitir
413 2720 438 2766 et
452 2727 496 2765 uos
510 2727 589 2780 arrper
609 2709 682 2765 aedes
701 2709 853 2776 duodecim,
866 2710 1019 2780 judicantes

227 2802 364 2860 duodecim
379 2802 464 2858 tribas
480 2801 578 2858 lsrael.

261 2915 293 2972 ln
307 2917 396 2988 prima
410 2915 611 2971 resurrectione
626 2925 802 2987 regeneratur
818 2918 908 2971 anima
926 2931 975 2987 per
989 2916 1022 2971 d·

228 3009 302 3064 dem.
327 3007 357 3063 ln
375 2999 496 3063 secu'nda
516 3008 722 3078 regenerabitur
736 3022 801 3063 caro
824 3023 872 3077 per
896 3009 1023 3064 incorru-

228 3100 358 3172 ptionem.
380 3097 450 3154 ilinc
468 3099 529 3154 duae
549 3099 725 3170 adoptioneS,
752 3103 813 3156 duae
839 3102 1022 3158 resurrectio-

227 3205 279 3248 nes
307 3190 448 3245 dicuntur.
480 3188 518 3244 bc
543 3188 607 3246 sede
628 3197 718 3244 antem
743 3189 789 3244 liei
815 3191 878 3246 audi
900 3191 1022 3262 Prophe·

228 3289 305 3336 tarn:
321 3280 448 3352 Ragnabit
469 3279 540 3335 dieas
556 3295 635 3350 suaper
654 3290 752 3351 qeatea,
769 3280 839 3335 beor
859 3281 929 3338 redet
945 3298 1024 3352 super

228 3372 315 3430 aedem
331 3383 451 3428 sanctam
465 3389 540 3426 artam
557 3370 645 3442 (Paul,
660 3371 746 3444 utut).
759 3370 861 3427 Omnes
880 3373 1024 3430 credentes

230 3472 294 3522 runt
318 3463 398 3520 sedes
416 3463 569 3533 majestatis
583 3463 654 3531 ejus.
682 3462 750 3518 i'ide
774 3464 838 3533 quia
858 3479 913 3518 non
928 3465 973 3520 laic
989 3466 1024 3521 de

229 3561 352 3626 tempore
369 3551 455 3607 iuturi
474 3552 570 3623 judicii
585 3550 662 3617 dicit,
688 3551 736 3607 sed
751 3552 785 3607 de
805 3553 949 3608 vocatione
962 3569 1023 3609 om·

230 3647 308 3703 nium
323 3647 455 3717 gentiunt.
477 3643 538 3698 Non
554 3645 627 3699 enim
647 3644 727 3709 dixit,
744 3660 807 3699 curn
820 3646 925 3700 venerit
938 3645 1024 3702 Filius

231 3738 350 3794 bominis
362 3737 470 3802 sedens,
487 3735 535 3792 scd
550 3753 608 3790 cunr
622 3735 726 3790 sedarit.
739 3735 779 3790 Er
793 3752 826 3791 eo
837 3737 919 3807 coepit
931 3738 1025 3794 sedere

231 3831 262 3886 in
284 3831 348 3886 sede
370 3829 524 3900 majestatis
548 3843 614 3894 susc,
635 3843 668 3883 cx
692 3842 746 3899 quo
770 3835 863 3898 gentes
882 3840 1026 3900 coeperunt

233 3920 344 3976 credere
358 3921 385 3974 in
401 3936 473 3976 curn.
489 3919 528 3975 Eu
543 3935 576 3975 eo
587 3919 666 3974 etiam
678 3927 800 3989 tcnrpore
815 3922 932 3990 apostoli
947 3923 1026 3978 sede-

232 4017 298 4066 runt
317 4027 400 4081 super
416 4009 559 4065 duodecim
581 4008 705 4072 thronos,
726 4008 754 4063 id
781 4016 823 4065 est
849 4012 877 4064 in
897 4012 1027 4068 omnibus

233 4102 409 4165 Christianis,
425 4101 575 4156 secundum
587 4100 761 4156 diversitates
776 4102 940 4158 animarum.
959 4101 1026 4158 Sus·

233 4193 365 4264 cipientcs
383 4193 496 4249 uerbum
511 4191 596 4258 Patri,
613 4193 729 4248 thronus
748 4193 809 4261 eius
827 4192 948 4250 luerunt.
980 4194 1027 4251 Sic

233 4285 267 4341 de
283 4285 389 4342 cacteris
407 4284 547 4355 apostolis.
565 4283 634 4338 ilinc
655 4285 693 4338 ait
707 4284 861 4354 Propheta:
877 4286 1026 4344 Jerusalem

233 4389 291 4446 quoe
307 4372 457 4443 edificatur
475 4381 504 4425 at
515 4372 607 4426 ciuitas
623 4372 711 4444 (Psoi.
726 4373 803 4445 crrr)
818 4382 844 4429 et
859 4384 966 4432 eaetera.
981 4374 1027 4432 Je-

234 4462 354 4520 rusalem
368 4471 410 4520 est
424 4463 561 4527 Ecclesia,
587 4463 705 4533 apostoli
726 4469 790 4518 sunt
812 4465 892 4520 sedes
906 4465 971 4534 bei;
994 4466 1065 4540 b-1)

235 4553 310 4610 deles
338 4554 464 4609 homines
486 4559 551 4608 sunt
569 4555 649 4609 sedes
667 4556 865 4625 apostolorum.
889 4556 1030 4614 Doctrinis

236 4644 329 4714 itaque
342 4649 369 4698 et
385 4643 517 4712 exemplis
537 4641 650 4697 Patmm
663 4643 881 4699 condemnantur
906 4649 1030 4716 numidia

237 4736 362 4792 nolentes
376 4734 486 4790 credere
500 4733 533 4788 de
548 4732 693 4790 duodecim
708 4735 796 4792 tribus
821 4737 912 4793 lsrael.
929 4737 1030 4795 Tribus
1099 4778 1160 4832 rimi

238 4832 330 4882 autem
344 4825 408 4881 Leri
422 4840 483 4897 quae
496 4826 576 4880 tertia
590 4823 697 4880 decima
709 4831 762 4892 est,
773 4827 987 4900 subintelligitur
1001 4830 1030 4886 in

239 4913 392 4980 duodecim,
404 4914 467 4984 qnia
483 4915 511 4968 in
525 4913 661 4972 diuisione
673 4924 753 4971 terrae
767 4918 959 4988 promissionis
974 4935 1031 4974 non

239 5006 376 5077 accipiens
399 5012 513 5076 partem,
534 5004 622 5062 divisa
638 5015 681 5062 est
701 5022 750 5077 per
763 5007 906 5064 duodecim
930 5011 1029 5076 tribus,

239 5113 354 5170 quarum
374 5097 495 5154 decimas
513 5105 541 5154 ct
565 5097 718 5155 oblationes
735 5101 863 5156 obtinuit.
891 5100 1031 5175 [limeum]

239 5187 340 5245 Aliter:
359 5186 459 5244 Sedere
474 5187 501 5242 in
516 5187 581 5244 sede
594 5189 830 5258 maiestatiserit,
848 5192 875 5246 in
885 5193 1033 5262 judiciaria

240 5285 375 5349 potestate
389 5295 478 5351 regern
487 5280 581 5350 gloriae
593 5295 733 5351 apparere.
752 5281 853 5338 Sedere
863 5284 1033 5354 namqneju·

238 5367 359 5426 dicentis
371 5377 424 5426 est.
442 5369 581 5427 Sedebanu
606 5386 682 5441 ergo,
699 5373 726 5426 id
740 5380 782 5429 est
793 5373 902 5443 judices
917 5387 1033 5444 appare-

238 5459 319 5526 bunt,
344 5461 389 5532 qui
411 5460 446 5514 ad
463 5460 600 5532 justitiam
622 5462 747 5517 eradiant
770 5463 878 5528 multoe,
904 5463 1033 5534 [algentes

239 5555 316 5624 quasi
341 5552 426 5608 stelle
450 5554 478 5608 ia
505 5563 642 5623 perpetuas
671 5557 830 5610 eternitates
858 5555 939 5628 (ban.
970 5556 1033 5626 ru).

241 5641 329 5698 Enrnt
343 5645 436 5715 itaque
454 5644 614 5700 meritorum
629 5644 762 5715 dignitate
786 5661 870 5716 super
888 5644 1034 5702 duodecim

243 5729 331 5800 aedes,
353 5731 441 5790 idest
457 5747 555 5814 ‘saper‘
572 5733 779 5790 universitatem
799 5733 945 5804 bonorum,
964 5750 1036 5807 quos

1222 1111 1286 1198 Μ.
1323 1092 1369 1202 ιξὶιιιί
1407 1114 1459 1199 R·
1496 1093 1543 1145 lib
1578 1113 1632 1198 L·
1668 1093 1714 1143 tat

1104 1237 1189 1292 Amen
1209 1236 1364 1302 dimicabit,
1382 1239 1467 1293 earnis
1482 1240 1527 1310 qai
1544 1238 1677 1311 reliquerit
1693 1237 1799 1293 demam
1815 1249 1862 1294 aut

1069 1334 1200 1394 parentes,
1221 1325 1259 1378 uel
1274 1325 1380 1395 fratrer,
1405 1334 1452 1379 aut
1473 1342 1587 1391 sorores,
1610 1335 1656 1380 aut
1676 1336 1789 1396 patrem,
1814 1335 1861 1380 aut

1070 1425 1196 1480 matrem,
1219 1425 1265 1470 aut
1279 1432 1405 1480 taxarem,
1428 1425 1474 1469 aut
1489 1417 1578 1486 filios,
1601 1425 1649 1470 aut
1665 1433 1742 1487 aqror
1756 1427 1863 1486 propter

1070 1525 1178 1579 requam
1192 1508 1315 1563 coeloram
1331 1518 1356 1564 et
1371 1525 1463 1563 norrea
1478 1525 1564 1563 meam
1580 1517 1605 1563 et
1620 1517 1725 1578 propter
1741 1507 1864 1580 Eraaqa·

1070 1601 1146 1665 iiam,
1158 1601 1307 1671 centuplam
1321 1601 1430 1670 accipiet
1442 1615 1451 1653 .·
1463 1617 1532 1653 arcanc
1544 1601 1572 1654 in
1583 1600 1631 1654 hoe
1645 1609 1759 1670 tempore
1769 1601 1864 1654 domas

1070 1704 1095 1748 et
1109 1693 1205 1763 [ratres
1224 1704 1249 1748 et
1263 1710 1366 1749 sorores
1381 1701 1406 1747 ct
1426 1701 1563 1746 maereret
1578 1691 1648 1761 filias
1663 1700 1689 1746 et
1710 1709 1787 1763 aqroe
1802 1709 1865 1746 carr

1034 1785 1304 1861 pperaecutionibua,
1327 1793 1351 1840 et
1366 1786 1394 1840 in
1415 1785 1505 1855 satura
1523 1783 1620 1839 saecule
1634 1785 1715 1838 eitam
1736 1793 1866 1838 aternam

1070 1872 1223 1944 possidebit.

1106 1963 1277 2036 [dieucu—
1287 1963 1383 2036 liene]
1399 1962 1504 2019 Sensus
1518 1969 1577 2018 est:
1594 1960 1646 2029 Qui
1661 1977 1710 2036 pro
1721 1960 1869 2018 Salratore

1070 2069 1167 2110 ornnes
1181 2053 1291 2109 diuitias
1305 2052 1451 2120 dimiserit,
1467 2060 1494 2108 et
1508 2053 1600 2108 carnis
1615 2052 1729 2109 aiiectus
1740 2063 1867 2108 contem·

1069 2147 1164 2216 pscrit,
1177 2147 1204 2199 in
1215 2145 1402 2216 spiritualibus
1412 2145 1570 2214 centuplum
1581 2145 1707 2215 accipiet,
1718 2160 1781 2215 quae
1790 2159 1868 2200 corn

1070 2239 1211 2310 paratione
1231 2237 1383 2293 carnalium
1406 2237 1505 2292 merito
1530 2236 1593 2302 sui,
1619 2237 1657 2290 ita
1682 2243 1764 2291 erunt
1785 2239 1869 2308 qarasi

1069 2345 1154 2402 parvo
1173 2345 1287 2385 numeru
1307 2329 1483 2385 centenarius
1503 2337 1687 2399 comparetur.
1718 2328 1771 2395 Qui
1792 2329 1869 2383 enim

1070 2430 1180 2493 proptor
1195 2437 1309 2493 regnum
1328 2421 1377 2476 Dei
1391 2421 1552 2491 temporalia
1567 2426 1718 2490 spernunt,
1738 2421 1826 2476 etiam
1843 2422 1869 2476 in

1071 2514 1123 2569 hac
1138 2516 1194 2570 rita
1212 2513 1449 2585 persecutionibus
1462 2513 1555 2582 plena,
1571 2513 1693 2582 ejrrsdem
1707 2512 1785 2583 regni
1800 2527 1871 2583 gau·

1071 2603 1116 2659 dia
1137 2604 1189 2661 bde
1211 2613 1286 2660 certa
1306 2605 1501 2676 degustabunt,
1527 2617 1554 2660 ct
1575 2605 1696 2660 omnium
1716 2605 1870 2661 electorum
1955 2606 1956 2609 ’

1072 2695 1179 2751 sincera
1193 2693 1339 2750 dilectione
1357 2694 1494 2751 irnentur.
1510 2695 1577 2749 Cum
1595 2695 1677 2766 igitur
1691 2711 1707 2748 a
1727 2697 1870 2751 consorti·

1072 2785 1125 2846 bus
1136 2786 1267 2857 propositi
1282 2785 1324 2842 sui
1337 2787 1423 2840 multo
1434 2786 1581 2857 gratiorem
1596 2786 1733 2857 recipiant
1746 2787 1871 2842 ebarita-

1066 2871 1139 2940 'tem‚
1154 2875 1245 2931 onmia
1260 2875 1395 2946 spirituali
1412 2875 1518 2946 glutino
1531 2876 1722 2946 colligatorum
1737 2884 1872 2947 tanqmnt

1073 2981 1123 3023 sua
1141 2964 1266 3030 credunt,
1290 2966 1354 3036 quia
1372 2964 1552 3020 naultitudinir
1567 2965 1731 3020 credentiam
1750 2977 1872 3021 cratem

1072 3074 1154 3113 anam
1178 3066 1204 3111 et
1222 3058 1312 3110 anima
1325 3073 1390 3120 aaa,
1409 3057 1547 3127 nullasque
1565 3074 1642 3129 egena
1662 3067 1722 3112 erat
1737 3059 1808 3112 inter
1829 3075 1873 3114 eos

1035 3139 1057 3196 C
1075 3148 1145 3222 (dat.
1162 3147 1211 3219 rr).
1237 3145 1449 3202 incontinentia
1467 3148 1549 3202 etiarn
1564 3148 1702 3219 conjugali
1722 3149 1813 3218 major
1832 3159 1874 3204 est

1075 3239 1197 3297 suauitas
1216 3239 1359 3294 inhonore
1374 3238 1598 3296 sanctificationis
1612 3255 1694 3310 quarn
1714 3240 1743 3294 in
1758 3241 1873 3296 lasciuia
1958 3312 1959 3317 η

1075 3330 1166 3385 carnis
1180 3328 1344 3401 prebeatur.
1358 3327 1501 3401 [Cnnrsol
1521 3329 1645 3401 llystice,
1662 3337 1742 3401 pater
1754 3338 1800 3387 est
1813 3330 1875 3386 dia·
1958 3334 1959 3339 ’

1075 3423 1165 3489 bolus,
1181 3429 1268 3476 mater
1282 3421 1447 3492 ignorantia,
1463 3437 1512 3492 per
1522 3437 1604 3492 quiam
1615 3421 1743 3478 diabolus
1758 3433 1875 3495 generat

1076 3512 1156 3577 illios,
1174 3511 1274 3568 iratres
1285 3519 1312 3566 et
1326 3525 1447 3576 sorores,
1464 3520 1527 3566 sunt
1537 3510 1603 3566 socii
1619 3517 1646 3567 ct
1660 3511 1746 3567 socia
1755 3515 1872 3570 erroris.

1076 3601 1106 3658 Si
1127 3603 1222 3659 credat
1245 3603 1290 3658 ille
1311 3602 1357 3673 qui
1382 3602 1434 3657 init
1455 3603 1585 3658 sacerdos
1603 3603 1726 3674 gentilici,
1742 3605 1875 3676 relinquit

1075 3695 1258 3752 idololatriam
1273 3695 1351 3765 quasi
1370 3695 1513 3764 conjugem
1529 3711 1618 3760 suam,
1633 3711 1778 3767 perquam
1791 3713 1875 3768 gene·

1076 3789 1155 3842 rabat
1166 3787 1236 3843 tilios
1245 3795 1271 3843 ct
1280 3787 1359 3842 iulias.
1385 3785 1415 3841 Si
1425 3786 1572 3843 crediderit
1583 3788 1715 3858 magister
1724 3788 1876 3858 cujuslibet

1076 3879 1258 3950 professionis
1285 3879 1386 3945 malae,
1418 3877 1577 3947 relinquens
1603 3877 1692 3947 ipsam
1721 3879 1878 3948 professio-

1076 3985 1149 4034 nenr,
1164 3985 1246 4041 quarn
1261 3985 1358 4042 agrum
1370 3969 1540 4025 fructiferum
1551 3969 1694 4040 relinquit.
1704 3969 1877 4042 Relinquens

1076 4058 1245 4130 dignitatem,
1258 4059 1414 4115 facultatem
1429 4060 1508 4130 quasi
1525 4060 1637 4115 domum
1657 4076 1689 4115 se
1710 4061 1879 4118 adumbran-

1078 4159 1131 4206 tem
1143 4151 1268 4222 despicit.
1284 4149 1493 4222 delinquentem
1507 4165 1618 4208 sorores
1640 4153 1801 4223 suscipiunt
1813 4173 1877 4227 gra-

1078 4242 1121 4296 uae
1144 4240 1192 4296 liei
1210 4242 1289 4312 quasi
1310 4241 1481 4297 charissinae
1500 4257 1620 4298 sorores.
1647 4241 1703 4298 Nec
1719 4245 1778 4300 ulla
1797 4262 1880 4302 soror

1078 4336 1119 4391 sic
1132 4334 1248 4388 dulciter
1262 4335 1453 4406 complectitur
1463 4333 1586 4402 iratrem,
1602 4341 1633 4389 ut
1642 4334 1742 4406 gratiae
1755 4336 1806 4393 Dei
1815 4339 1880 4394 ani·

1077 4439 1150 4479 mam
1165 4434 1298 4481 sanctam.

1249 4535 1312 4624 u.
1350 4517 1397 4626 ¹3⁹
1430 4519 1533 4626 n.¹¹¹
1571 4540 1625 4629 e.
1660 4521 1709 4574 ¹⁷³

1117 4683 1198 4741 Matri
1222 4695 1310 4742 autem
1329 4701 1407 4743 eruat
1425 4690 1507 4759 primi
1525 4692 1674 4758 nouissimi,
1694 4701 1723 4748 et
1741 4695 1883 4752 mussini

1116 4867 1192 4922 ttulu
1207 4867 1284 4939 prius
1298 4867 1420 4937 terrent,
1436 4879 1533 4942 postca
1547 4881 1678 4944 torpent;
1698 4875 1783 4931 multi
1799 4878 1884 4949 prius

1081 4957 1190 5028 frigidi,
1205 4959 1295 5014 subito
1312 4958 1501 5015 inardescunt.
1519 4959 1588 5017 Vide
1605 4959 1705 5016 ludam
1722 4974 1883 5036 apostatam

1082 5061 1192 5102 versum
1211 5045 1244 5102 de
1261 5047 1402 5117 apostolo,
1421 5054 1449 5103 et
1468 5048 1603 5104 latronem
1621 5050 1650 5104 in
1668 5064 1756 5107 cruce
1775 5051 1885 5108 iactum

1083 5137 1281 5193 consessorem.
1302 5138 1407 5195 Aliter:
1427 5137 1506 5194 llulti
1521 5141 1549 5195 in
1564 5141 1666 5197 meula
1684 5141 1831 5215 despecti,
1853 5145 1885 5198 in

1083 5227 1176 5282 futuro
1191 5235 1255 5282 sunt
1269 5227 1440 5298 glorificandi
1450 5248 1459 5296 ;
1470 5231 1542 5301 apud
1556 5231 1682 5289 homines
1693 5234 1741 5288 ali
1752 5235 1885 5305 gloriosi,

1084 5319 1113 5372 in
1125 5318 1218 5374 tuturo
1232 5319 1379 5376 damnandi
1394 5342 1402 5377 ι
1415 5323 1458 5377 rel
1470 5324 1586 5393 gentiles
1604 5325 1652 5395 qui
1673 5325 1723 5380 diu
1737 5329 1799 5384 sine
1820 5328 1888 5398 leg-2

1084 5411 1226 5477 vixerant,
1238 5411 1272 5466 ad
1284 5412 1364 5468 iidem
1376 5421 1442 5468 sunt
1457 5415 1588 5481 uocandi,
1601 5413 1690 5471 ludaei
1705 5419 1883 5479 excaemndi.

1413 5525 1466 5611 n.
1502 5505 1550 5617 ¹3²

1119 5646 1269 5701 dadiciaut
1286 5657 1374 5719 autem
1388 5651 1478 5705 omnia
1491 5650 1548 5707 bec
1566 5650 1717 5720 Pharisaei,
1733 5655 1780 5724 qai
1800 5659 1889 5712 ercet

1086 5742 1176 5807 arari,
1193 5749 1219 5794 et
1239 5738 1392 5796 deridebant
1412 5741 1499 5796 illum,
