3967 6334
1286 215 1295 245 l

279 312 348 371 llos
704 314 750 369 AD
769 312 919 371 noscunt
937 312 1041 370 rufat
1058 310 1327 369 SENTENTlADUM
1348 312 1473 369 cronos
1806 334 1854 393 rycg

276 428 359 482 nibus
373 423 451 484 isaac
469 426 599 501 lingon..
611 430 656 485 tit.
668 429 696 491 l,
714 446 739 483 c.
757 430 810 483 fb:
826 426 857 483 Si
868 437 957 482 nutem
968 444 1068 491 seruus,
1085 437 1106 491 g
1122 424 1169 495 qui
1184 423 1289 494 glossas
1301 422 1363 480 fecit
1374 425 1402 480 in
1417 425 1556 481 metricam
1566 426 1846 509 Summulamltsyngggy

276 501 315 552 cet
325 500 516 553 ecclesiasticus
527 500 617 568 fuerit,
629 500 730 570 publice
743 500 890 570 stapedum
904 515 935 552 ac
953 497 1070 552 decalue-
1121 496 1148 549 in
1164 496 1243 565 cujus
1258 493 1323 550 folio
1334 495 1395 559 lib,
1407 500 1537 567 expensis
1559 498 1627 554 satis
1650 516 1762 563 amurate
1773 490 1857 581 publica}

277 580 332 625 tar:
350 577 375 624 et
381 570 462 640 y'uctu
475 572 574 641 proprii
589 573 702 657 epicopi
711 570 869 641 jussionem,
888 570 1068 639 poenitentiam
1165 566 1286 620 nitentiae
1300 567 1409 631 ritibus,
1422 582 1517 623 eorum
1534 571 1631 627 seriem
1645 572 1684 627 sic
1697 575 1782 633 claudit
1793 600 1798 637 :
1811 584 1857 643 Par

276 640 551 711 publiccetcunonice
577 642 694 698 crucht
717 643 764 696 frlr.
786 656 826 696 vn
842 640 961 711 Capitol.
975 640 1068 695 Caroli
1137 652 1167 690 oc
1181 638 1275 691 iterum
1299 636 1374 692 debet
1394 654 1501 694 monem
1520 650 1596 694 eatro
1618 643 1743 701 eccledora
1761 660 1857 723 sapia

277 711 366 776 lialri,
381 726 443 783 cap.
459 710 508 767 stt
526 728 533 764 ι
550 712 581 769 bi
595 722 683 768 autem
701 712 810 767 clericus
825 721 871 765 out
883 710 1026 765 inonaclrus
1040 712 1069 765 in
1119 705 1187 762 diem
1202 709 1329 772 cinerum,
1348 708 1454 779 etfacit
1472 709 1521 765 froc
1535 711 1628 765 tandiu
1647 716 1712 769 omni
1724 734 1790 787 asna,
1800 724 1859 785 dnm

276 782 325 838 lroc
334 771 475 853 peccaturi
478 783 611 850 inciderit,
626 792 685 856 post
698 784 803 839 tertiam
810 782 1025 847 verberationem,
1040 781 1069 836 in
1117 778 1252 849 episcopus
1271 796 1331 835 curn
1343 795 1374 835 eo
1390 780 1594 837 misericorditer
1610 782 1740 853 dispenset.
1754 788 1782 843 br
1792 792 1858 855 diets,

277 870 408 909 carcerem
417 854 501 928 384
513 856 626 921 missus,
639 863 693 912 etc.
706 853 836 910 Similiter
844 862 870 908 et
886 862 1014 908 nannetes
1029 868 1069 906 ce·
1119 849 1413 921 flaminicissepnblice
1424 852 1585 908 anteuolans
1599 856 1709 911 ecclesie
1720 858 1824 931 bambae
1841 880 1858 925 g

277 925 440 980 lotoeeadem
453 927 606 995 penitentia
615 934 763 981 teneantur.
772 924 851 992 Quod
862 924 934 980 idem
947 922 1068 995 praemit·
1118 922 1147 975 in
1165 922 1270 975 ciuitate
1291 920 1373 993 385
1389 932 1451 977 onte
1466 939 1568 978 crucem
1589 923 1638 978 lroc
1659 926 1722 983 ilem
1734 930 1858 999 fasiacen¹

277 997 344 1052 titur
356 997 391 1051 de
405 997 565 1068 presbytero
575 997 748 1052 fornicante:
771 996 845 1050 Diras
862 1010 946 1050 annos
961 994 989 1049 in
1007 1009 1068 1048 car·
1117 988 1229 1048 Fatetur
1238 992 1348 1063 quiuern
1361 993 1509 1049 solemnem
1520 995 1592 1050 illam
1601 997 1780 1067 paenitentiam,
1792 1018 1859 1065 secum

277 1076 509 1137 cereperrnaneat,
522 1076 621 1123 etanta
648 1067 806 1123 scorticatus
822 1065 896 1139 (bid)
909 1075 935 1120 et
948 1064 1068 1135 flagella·
1118 1062 1347 1135 irregularitatem
1362 1064 1521 1134 importare,
1536 1065 1584 1121 sed
1593 1082 1654 1121 cum
1669 1072 1805 1140 campione
1814 1094 1861 1148 qva

276 1146 319 1191 tus
332 1139 461 1193 rideatur.
478 1137 584 1194 Similia
601 1138 728 1193 ridentur
743 1138 772 1192 in
792 1137 898 1219 synodo
914 1135 1067 1206 liptinensi
1117 1132 1180 1187 dam
1196 1134 1450 1205 nobisgratissima,
1467 1142 1495 1191 et
1508 1136 1636 1207 reiquam
1648 1140 1811 1211 expectatimus,
1823 1150 1861 1202 uti.

276 1209 413 1265 celebrata
432 1224 505 1265 anno
527 1209 587 1265 ili.
603 1208 770 1280 Etliegest„
797 1208 845 1264 lrb.
868 1222 907 1271 rx,
922 1208 1003 1278 epist.
1019 1206 1065 1271 66,
1117 1202 1223 1261 lissima
1240 1214 1324 1261 certe.
1341 1204 1493 1267 Sciendum,
1510 1207 1600 1278 inquit
1614 1208 1719 1271 ibidem,
1732 1212 1790 1281 guod
1802 1220 1861 1285 party.

274 1278 353 1347 jubet
364 1287 477 1336 sanetus
487 1278 635 1402 Gregorius
644 1278 794 1336 Paschasio
805 1279 934 1351 episcopo
948 1298 954 1333 :
972 1267 998 1331 ll
998 1286 1008 1330 t
1020 1276 1067 1332 lli·
1118 1274 1158 1329 bet
1169 1290 1248 1345 opens
1263 1276 1443 1347 penitentiam
1458 1278 1610 1341 sabmnem,
1635 1280 1684 1334 erit
1697 1282 1861 1353 inceptiones

276 1349 375 1404 larium
387 1351 462 1420 prius
483 1349 531 1405 sub
553 1352 701 1413 ioconatus,
727 1367 779 1421 guo
792 1350 915 1420 indignus
934 1348 1065 1420 serpitur,
1117 1344 1165 1399 boc
1184 1356 1223 1401 etl
1243 1362 1341 1409 aarum.
1357 1348 1380 1402 tl
1396 1348 1458 1403 tolie
1477 1350 1628 1419 penitentia
1642 1352 1675 1404 sit
1697 1352 1735 1406 ilii
1748 1354 1861 1423 irritantur

275 1422 359 1489 pricet
373 1421 466 1491 officio,
484 1430 562 1490 atque
575 1420 723 1477 acrioribus
735 1420 837 1490 publice
850 1421 1009 1490 castigatum
1024 1418 1068 1489 fo·
1112 1414 1214 1484 judice·
1235 1418 1280 1473 scd
1294 1433 1369 1472 secus
1380 1428 1459 1481 esset,
1471 1422 1495 1475 ai
1512 1421 1609 1492 aliquis
1622 1432 1707 1491 ageret
1727 1424 1793 1477 talem
1803 1432 1861 1495 pret.

276 1492 330 1545 ciot
343 1492 371 1545 in
381 1490 504 1546 exsilium
515 1489 659 1561 deportari,
670 1498 723 1547 etc.
735 1490 823 1558 Quam
836 1492 997 1548 canonicam
1008 1505 1067 1561 poe-
1118 1488 1226 1541 enatam
1236 1504 1269 1543 ec
1281 1489 1387 1558 proprio
1401 1499 1484 1549 nrotrr,
1500 1502 1552 1547 etc..
1574 1489 1654 1558 Quod
1667 1508 1698 1547 ex
1713 1496 1818 1565 opprsirr
1828 1506 1861 1555 ar.

275 1578 340 1616 uam
354 1563 388 1617 ad
402 1575 458 1617 uno
471 1562 753 1635 minusquadragiuta
766 1563 848 1626 ictus,
864 1560 954 1633 quoad
972 1561 1067 1630 junio-
1117 1566 1243 1614 versatur
1263 1560 1404 1615 senientiae
1416 1558 1548 1617 Gesseris
1568 1577 1662 1631 subm,
1678 1566 1721 1633 qui
1741 1567 1861 1636 liujusncdi

275 1647 331 1696 res,
345 1632 486 1704 restringit
497 1634 629 1715 praedicta
639 1632 761 1716 synodus
776 1630 995 1689 masticonensis.
1117 1626 1323 1700 flagellationem
1346 1646 1401 1685 non
1416 1630 1537 1689 damnat.
1560 1633 1643 1687 rnodo
1658 1634 1702 1688 frat
1712 1635 1861 1709 jadiaasrpe

312 1701 340 1757 Si
353 1712 443 1759 tamen
458 1720 521 1774 qurs
532 1704 710 1777 pertinaciter
726 1702 874 1759 contendat
892 1704 951 1758 lraee
964 1703 1000 1759 de
1014 1703 1067 1757 mi.
1117 1700 1195 1782 rioris
1217 1700 1372 1770 inrponentis
1397 1703 1476 1756 talem
1499 1704 1695 1773 penitentiam·
1713 1722 1784 1777 quarn
1797 1718 1861 1769 tantm

275 1774 389 1829 naribus
400 1782 507 1831 tanturn
523 1775 633 1832 clericis
651 1774 837 1845 intelligenda,
856 1789 912 1830 non
932 1773 1103 1843 demnis-13
1118 1785 1159 1825 stc
1172 1768 1302 1827 inflictam
1317 1774 1352 1826 ab
1365 1772 1430 1837 alio,
1455 1774 1684 1846 irregularitatem
1698 1778 1811 1835 accivisse
1820 1798 1862 1837 cer·

274 1846 362 1909 ribus,
378 1846 432 1903 nisi
443 1847 629 1928 praecessisset
643 1846 800 1917 degradatio
815 1844 899 1916 (quod
915 1842 1008 1899 lorsan
1023 1844 1066 1899 in·
1117 1847 1174 1895 turn
1189 1848 1241 1896 cst.
1284 1911 1289 1924 ι

273 1917 413 1972 reflexisse
427 1918 534 1971 rrrletur
543 1915 659 1982 Gerson,
668 1921 768 1973 ductus
777 1917 942 1971 auctoritate
956 1913 984 1969 S.
997 1912 1065 1971 Leo-
1151 1910 1240 1967 blinus
1254 1912 1498 1984 etram‘recipimus
1511 1914 1585 1986 guod
1597 1916 1696 1971 iterum
1711 1915 1799 1987 profert
1811 1918 1860 1977 Ger.

273 1988 319 2042 nis
339 1989 373 2041 ad
389 1986 533 2043 Rusticum
552 1986 723 2044 Narbonens.
739 1986 898 2050 scribentis,
912 1993 940 2041 et
954 1986 1066 2043 concilii
1116 1996 1184 2048 son;
1200 1984 1344 2039 ulscilicet
1358 1984 1403 2039 illa
1413 1982 1558 2054 flagellatio
1568 1984 1601 2039 ab
1612 1985 1694 2040 olera
1704 1990 1862 2059 autmund-

274 2058 500 2129 Cartlraginensis
513 2075 541 2125 r,
561 2075 587 2114 e.
603 2057 659 2131 ΙΙ),
680 2072 737 2114 non
753 2058 931 2113 reluctamur.
958 2056 993 2111 dt
1013 2056 1065 2114 hoe
1116 2050 1223 2107 modum
1233 2056 1263 2125 fit
1277 2054 1305 2109 in
1319 2054 1490 2125 religionibus
1505 2054 1671 2127 approbatis,
1685 2067 1710 2111 et
1720 2057 1749 2113 ab
1762 2060 1862 2131 eligebar

273 2136 373 2200 sponte
386 2144 530 2194 concesso,
544 2129 614 2185 nibil
627 2138 719 2184 tamen
733 2128 786 2186 sibi
810 2128 984 2183 commodum
998 2142 1065 2183 con·
1115 2124 1214 2180 deuotis
1228 2126 1357 2194 personis.
1374 2126 1449 2181 Licet
1471 2128 1545 2182 enirn
1570 2129 1623 2183 trac
1644 2130 1792 2199 exceptione
1808 2130 1862 2189 Pulla

272 2198 530 2271 seryrretartlerson,
542 2200 604 2256 ideo
614 2199 923 2258 seiliceteliminatama
936 2199 1066 2255 sacerdo·
1115 2210 1169 2249 norr
1190 2196 1359 2261 adversetur,
1379 2212 1429 2252 nec
1443 2211 1538 2253 eorurn
1556 2212 1661 2254 morem
1683 2198 1862 2275 damnemusqd

272 2271 313 2325 tio
327 2270 463 2341 publicam
483 2271 682 2343 penitentiam,
705 2279 753 2325 aut
772 2270 912 2341 uirgarum
936 2267 1065 2326 inflictio-
1116 2265 1264 2335 praeferunt
1274 2268 1361 2321 atiena
1374 2282 1424 2338 ope
1436 2268 1593 2338 uerberari,
1608 2284 1680 2340 aegre
1693 2270 1863 2331 merainimus

272 2356 337 2397 nenr
351 2340 423 2412 irprae
446 2356 510 2411 pars
525 2340 600 2397 illius
614 2341 686 2412 apud
700 2340 846 2413 qrrosdam)
863 2338 938 2412 quod
958 2355 990 2395 ea
1002 2341 1064 2397 red·
1115 2352 1163 2391 eos
1186 2338 1364 2408 reprebendi,
1387 2338 1433 2409 qui
1454 2340 1564 2409 propria
1584 2355 1669 2395 manu
1693 2340 1828 2397 innocenter
1844 2346 1862 2399 ir

272 2410 405 2468 darentur
420 2412 546 2476 infames,
570 2428 621 2468 nec
644 2413 759 2484 proinde
773 2412 891 2483 pristino
908 2410 1005 2483 gradui
1021 2427 1065 2468 re·
1115 2408 1223 2478 seipsos
1237 2407 1385 2463 desarrrnr
1396 2427 1404 2474 ;
1416 2425 1485 2479 quos
1497 2411 1532 2465 ab
1545 2414 1706 2467 aenrutarnm
1721 2411 1823 2469 dicteriis
1836 2422 1863 2469 ιι

272 2482 452 2539 stitirerentur
463 2484 509 2554 qui
520 2498 580 2538 eam
588 2485 671 2539 semel
681 2489 870 2553 susceperant;
883 2497 918 2537 ex
930 2496 986 2555 quo
996 2496 1064 2537 con·
1115 2478 1154 2548 git
1165 2485 1192 2534 et
1204 2480 1324 2535 vindicat
1337 2478 1436 2535 Petrus
1448 2478 1570 2535 Danriani
1581 2480 1630 2537 fib.
1644 2498 1670 2547 r,
1684 2482 1760 2551 epist.
1771 2483 1822 2549 8;et
1831 2486 1863 2541 lib.

273 2552 359 2607 cludit
372 2553 459 2608 multo
472 2554 564 2609 nrinus
584 2552 683 2610 debere
698 2554 814 2610 elericos
827 2553 936 2625 publice
957 2552 1064 2623 seipsos
1115 2564 1154 2611 tt.
1170 2549 1250 2621 epist.
1268 2549 1314 2615 lt,
1327 2549 1481 2609 efficacibus
1496 2551 1529 2607 ad
1544 2551 1612 2607 illud
1628 2552 1823 2625 persuadendum
1834 2572 1861 2609 n-

271 2621 387 2694 flagellis
409 2624 523 2679 caedete.
540 2623 684 2680 Necenim
699 2624 812 2680 infamia
835 2624 900 2678 talis
925 2622 1065 2679 oriebatur
1117 2620 1352 2680 tionitrusallotis,
1378 2622 1478 2691 quibus
1503 2630 1662 2693 aptanltllteae
1681 2622 1864 2694 flagellationis

272 2710 307 2749 es
320 2694 387 2764 ipsis
402 2696 569 2766 penitentie
583 2695 698 2765 publicae
709 2696 809 2765 poenis.
823 2694 871 2751 sed
886 2710 920 2749 ex
934 2694 1065 2763 adiuncto
1116 2706 1164 2761 prr·
1178 2692 1298 2761 seipsum
1314 2691 1434 2755 inflictae,
1450 2693 1566 2749 ubertim
1584 2694 1776 2763 patrocinatur.
1790 2694 1815 2750 Si
1829 2712 1864 2751 nra

273 2766 351 2832 gravi
365 2766 479 2820 crimine
493 2766 567 2836 quod
582 2766 742 2838 plerumque
763 2766 901 2820 notorium
915 2774 984 2829 erat,
998 2766 1063 2821 dum
1114 2760 1282 2831 facientibus,
1298 2761 1387 2832 ivrquit
1401 2762 1517 2833 epistola
1528 2764 1555 2825 8,
1570 2780 1639 2819 rroaa
1655 2782 1687 2819 oc
1699 2762 1796 2833 proinde
1806 2780 1865 2833 repre·

275 2835 519 2892 indicebaturtalis
526 2837 687 2908 parilemm
699 2836 806 2908 publica
815 2844 863 2891 aut
877 2834 1017 2891 solemnis.
1035 2836 1064 2890 st
1114 2832 1249 2887 transibitis
1264 2829 1366 2887 ridetur
1383 2832 1527 2914 disciplina
1547 2835 1701 2907 uirgarum,
1715 2842 1739 2889 et
1759 2834 1788 2891 od
1803 2835 1864 2891 lirila

274 2906 350 2961 enim
375 2907 477 2961 occulti
501 2908 614 2963 sceleris
632 2906 811 2968 conscientia,
829 2913 877 2961 aut
906 2906 985 2960 aliter
1006 2906 1064 2977 ipse
1114 2904 1292 2972 persuasionis
1307 2904 1433 2974 ineptiam
1443 2901 1583 2974 yudicatur
1604 2904 1864 2971 destructiacaronua,

270 2978 495 3047 compunctionis
506 2977 589 3032 ardor
602 2978 707 3034 adeam
718 2977 889 3035 subeundam
904 2976 1063 3033 sacerdotes
1115 2972 1225 3029 abolitio
1245 2972 1427 3039 decretorum
1449 2974 1567 3047 nunqrrid
1592 2975 1747 3033 reserabitis
1766 2975 1825 3031 bedu
1839 2994 1864 3031 re

271 3046 403 3118 adigeret,
418 3056 446 3104 et
455 3064 504 3119 per
524 3049 682 3121 superiores
696 3048 775 3103 ideis
796 3048 889 3103 liceret
908 3045 992 3117 (quod
1008 3064 1063 3103 non
1114 3042 1283 3114 destruendus
1296 3061 1352 3101 esce
1365 3046 1504 3107 videbit.
1522 3047 1569 3118 qui
1581 3056 1643 3117 post
1658 3046 1811 3118 orbatorum
1823 3065 1865 3103 ιιι·

271 3132 336 3172 raro
348 3120 608 3191 contigissecectum
620 3126 673 3183 est,
683 3126 711 3174 et
721 3117 906 3190 presertimin
918 3116 1058 3187 llispania,
1075 3138 1095 3195 C
1115 3116 1224 3171 tentiam
1234 3116 1515 3241 canonumffuasdam
1530 3118 1684 3187 penitentes
1700 3119 1788 3173 cuerit
1797 3119 1864 3187 ferreis

271 3194 303 3242 nt
316 3188 450 3246 discimus
459 3206 493 3246 ex
507 3190 626 3246 concilio
639 3189 772 3246 Toletano
796 3204 847 3243 xrrr
866 3188 942 3243 circa
957 3204 1059 3243 anunm
1111 3185 1219 3243 circulis
1242 3186 1375 3258 astringen
1396 3203 1442 3253 oe,
1466 3196 1520 3243 etc.
1537 3186 1654 3261 Reliqua
1678 3188 1807 3261 rariusque
1825 3191 1865 3259 cpi-

270 3257 346 3331 683).
360 3260 436 3315 nulla
450 3270 516 3316 tunc
535 3262 576 3319 eis
591 3262 751 3317 inurebatur
772 3259 892 3315 infamiae
911 3266 987 3322 nota,
1004 3260 1060 3315 inro
1111 3260 1188 3313 stolae
1204 3259 1388 3327 perlegantur.
1410 3257 1511 3315 Deinde
1526 3257 1644 3315 Gereoni
1661 3260 1810 3315 contradicit
1826 3263 1866 3327 ipsa

270 3331 389 3401 publicis
403 3331 533 3387 Ecclesiae
552 3331 724 3395 ministeriis,
748 3338 778 3385 ut
800 3330 888 3401 prius,
913 3330 1058 3393 vacabant,
1111 3328 1246 3397 glossator
1263 3326 1415 3400 Daymundi
1435 3344 1517 3399 snpra
1532 3331 1655 3393 citatus,
1674 3332 1721 3402 qni
1737 3333 1865 3401 perlustra

269 3401 336 3455 dum
352 3402 483 3472 jussisset
506 3402 663 3473 episcopus.
686 3401 806 3457 Probent
830 3400 898 3456 illud
915 3400 1060 3470 insigniter
1110 3414 1160 3469 per
1182 3401 1288 3469 scipsos
1313 3398 1442 3471 flagellari
1461 3400 1567 3457 scribit.
1581 3401 1683 3457 Diebus
1707 3400 1830 3457 Dominicis
1846 3417 1866 3455 se

269 3469 367 3529 Patres
380 3472 490 3528 concilii
504 3472 629 3529 Toletani
651 3472 737 3529 citati.
751 3471 801 3528 Ubi
814 3472 931 3542 priorum
948 3480 1060 3527 ostenso
1109 3467 1629 3542 publicconteuolaosecclesirrflogellot.
1639 3472 1726 3527 Tertio
1732 3472 1865 3529 contrariari

268 3542 353 3597 talem
367 3544 556 3613 poenitentiam
571 3544 600 3601 in
614 3542 754 3601 commissi
778 3541 884 3617 peccati
908 3539 1059 3597 remedium
1110 3540 1201 3611 arguit
1211 3538 1313 3595 lactum
1325 3540 1446 3613 Apostoli
1467 3538 1476 3594 Ι
1493 3542 1621 3599 Corinth.
1639 3558 1678 3597 rx.
1693 3541 1865 3613 Costipacrrpu

269 3623 342 3675 esse,
357 3614 478 3668 subdunt
491 3623 587 3684 postea
597 3628 656 3668 eam
671 3612 859 3669 sacerdotibus
873 3612 914 3667 sic
924 3610 1061 3681 poeniten·
1110 3626 1214 3676 meunr,
1229 3608 1323 3667 Graeoe
1338 3614 1474 3679 brenitico
1487 3612 1571 3679 cedo,
1592 3613 1719 3671 verbero.
1734 3612 1774 3676 Et,
1792 3622 1815 3667 ut
1825 3628 1866 3666 no

269 3684 346 3738 tibus
355 3684 520 3740 detrimento
538 3700 594 3739 non
604 3700 676 3741 esse.
689 3681 817 3755 Nunpuid
839 3682 997 3753 penitentie
1007 3682 1057 3736 do·
1109 3689 1157 3736 net
1167 3680 1302 3739 ilenricus
1316 3682 1480 3753 Stephanus,
1494 3687 1606 3739 uerbum
1620 3684 1688 3740 illud
1700 3693 1771 3743 notat
1783 3684 1865 3739 fir-ann

268 3751 1060 3881 lincoliensi}rtdlalstflllttl
1109 3753 1865 3882 libellislltliilrtllt‘ilrbtlltlt

267 3902 360 3950 starrte
379 3897 535 3966 priscorum
558 3908 694 3951 canonum
726 3896 879 3958 sanctione,
903 3866 1060 3965 quicunque
1110 3838 1201 3949 lembi
1211 3840 1332 3966 disprbtat
1346 3893 1491 3951 ticetserns
1512 3896 1560 3952 lib.
1579 3912 1588 3950 ι
1604 3842 1645 3953 blec
1659 3844 1800 3969 dibrdiplbbra,
1815 3912 1833 3949 c.
1845 3893 1865 3947 l.

268 3964 428 4037 pontificum
442 3967 484 4022 rel
498 3965 671 4021 sacerdotum
690 3963 819 4036 deinceps
832 3980 880 4037 per
891 3978 990 4020 manua
1008 3966 1060 4021 im·
1109 3962 1145 4018 At
1156 3972 1306 4037 spontanea
1320 3972 1381 4021 erat
1397 3973 1425 4022 et
1445 3966 1549 4023 arbitro
1567 3968 1678 4023 ncrrriae
1692 3966 1765 4023 Pauli
1776 3964 1865 4037 fudb-

269 4037 436 4107 positionem
453 4034 622 4108 paenitentiae
641 4035 744 4093 donum
762 4036 930 4108 exceperint,
955 4051 1007 4092 nec
1030 4050 1060 4093 se
1110 4034 1160 4091 tio.
1175 4034 1246 4103 Quin
1256 4044 1284 4091 et
1296 4034 1356 4107 ipse
1372 4035 1587 4109 chrysostomus
1611 4038 1715 4103 homil,
1734 4038 1775 4104 bl,
1798 4036 1865 4108 quoi·

269 4107 427 4163 mortalium
440 4106 588 4163 crimirmm
614 4107 786 4179 professione
800 4106 965 4170 notaverint,
981 4112 1060 4162 teno-
1110 4103 1219 4161 dianam
1237 4113 1265 4161 et
1279 4120 1328 4189 per
1347 4121 1387 4171 se,
1403 4108 1529 4179 corporis
1543 4109 1759 4165 verberationem
1772 4106 1864 4163 suma:

266 4193 328 4232 reru
339 4177 494 4235 retentandi
507 4176 648 4249 regimime
661 4192 717 4233 nou
731 4179 867 4241 amittant,
883 4175 932 4234 sed
943 4192 993 4249 per
1004 4191 1060 4233 rne-
1111 4174 1270 4233 Sicassidue
1281 4192 1367 4247 rpsam
1377 4178 1511 4302 Socratem)
1526 4178 1559 4233 ad
1570 4178 1639 4235 brrnc
1654 4188 1774 4236 terrerent
1788 4192 1864 4237 snut.

268 4250 487 4317 tropolitanum,
511 4249 736 4307 reconciliatione
764 4247 954 4319 penitentium
982 4262 1060 4303 more
1110 4255 1163 4304 etc.
1178 4245 1266 4311 Corde,
1280 4248 1380 4303 cerberi
1398 4266 1429 4304 us
1444 4265 1475 4303 oc
1495 4248 1612 4321 flagellis
1626 4250 1739 4307 dilanio.
1759 4248 1789 4305 n
1802 4248 1864 4315 tter·

268 4327 408 4391 suscepta,
431 4320 512 4377 solita
527 4322 684 4391 compleant
707 4319 813 4375 ordinis
836 4320 879 4375 sui
898 4316 998 4382 officia,
1017 4317 1060 4373 vcl
1110 4318 1190 4375 chius
1204 4319 1251 4389 qui
1263 4320 1364 4375 secuta
1376 4320 1473 4391 quinto
1482 4318 1607 4387 Docebat,
1616 4321 1745 4379 centuria
1757 4322 1810 4385 f,c.
1818 4316 1863 4377 iil.

267 4399 366 4445 cetera
382 4390 575 4462 mysteriorum
593 4391 646 4447 sibi
661 4391 765 4448 credita
785 4398 965 4447 sacramenta.
982 4408 992 4441 r
1009 4384 1060 4443 liic
1110 4389 1204 4445 eadem
1235 4404 1277 4445 uae
1299 4388 1528 4462 chrysostomus,
1549 4398 1647 4463 utpote
1670 4394 1742 4449 carni
1755 4386 1865 4448 danaum

229 4486 236 4495 ·
268 4468 359 4515 autem
384 4461 419 4517 de
439 4461 609 4549 pernitentiis
626 4476 690 4518 rere
709 4461 826 4533 publicis
841 4469 870 4516 et
890 4456 1060 4516 solemnibus
1075 4495 1098 4551 D
1112 4459 1199 4524 utilia,
1211 4406 1301 4515 docet.
1318 4458 1439 4517 Tandem
1454 4476 1549 4517 omnes
1569 4461 1627 4518 fere
1646 4464 1761 4535 religiosi
1780 4461 1864 4517 ordines

268 4546 424 4588 sernrnneru
435 4536 504 4597 trem,
524 4538 635 4588 coastat
647 4546 680 4589 ex
695 4532 907 4657 interrogatione
916 4528 1059 4585 valerico·
1084 4588 1085 4593 ,
1112 4530 1146 4585 ab
1159 4530 1309 4601 apostolica
1331 4531 1396 4589 sede
1414 4532 1532 4603 probati,
1547 4532 1621 4589 hunc
1641 4535 1723 4589 ritum
1737 4528 1864 4587 verberandi
1928 4558 1929 4565 .

267 4602 451 4672 coepiscopi,
465 4603 672 4674 qrrieanoniilli
687 4601 793 4659 eunden
812 4615 956 4658 ocausam
970 4598 1058 4664 dedit,
1112 4600 1232 4673 seipsum
1242 4610 1300 4657 tum
1314 4602 1433 4672 publice,
1449 4610 1506 4657 tum
1526 4604 1674 4674 priuatim,
1694 4605 1768 4659 alteri
1789 4610 1861 4672 pretu-

264 4678 295 4727 et
305 4688 338 4726 ιιι
349 4673 408 4742 ipsa
419 4675 505 4728 forma
514 4672 641 4799 iffinendi
651 4688 705 4745 qua
715 4671 810 4729 Patres
820 4680 943 4728 utuntur.
955 4668 1058 4725 Eodem
1112 4672 1176 4728 fere.
1190 4670 1225 4727 [it
1234 4672 1476 4743 praetermittamus
1484 4674 1633 4731 societates
1643 4674 1704 4731 illus
1715 4672 1863 4730 mafanum

266 4751 392 4811 spectant
405 4758 504 4800 canoa.
571 4745 684 4800 concilii
704 4742 829 4799 Toletani
844 4757 882 4806 rr,
897 4751 926 4798 et
939 4740 973 4797 ts
988 4756 1056 4797 con·
1111 4743 1192 4797 etiam
1203 4744 1375 4814 optimatum,
1385 4758 1455 4815 qrros
1465 4745 1647 4814 penitentium
1660 4750 1763 4805 cocart,
1774 4739 1864 4797 miles·

267 4812 326 4867 cilii
339 4812 544 4870 Aurelianensis
557 4815 648 4885 primi,
663 4815 710 4886 qui
725 4815 914 4886 presbyterum
928 4823 955 4868 et
964 4811 1058 4867 diaco·
1111 4812 1169 4868 rico
1182 4810 1229 4875 ΙΙΙ,
1246 4812 1396 4869 Galliarum
1409 4831 1488 4887 rege,
1501 4814 1631 4883 delectas,
1643 4818 1741 4887 quibus
1754 4830 1805 4868 mro
1818 4820 1863 4865 ast.

266 4898 334 4937 nrrm
346 4884 468 4941 includit.
483 4883 639 4956 Lugendum
653 4885 718 4941 item
731 4900 793 4955 cap.
814 4883 962 4951 Quaaitum
980 4888 1058 4937 extra
1111 4882 1194 4940 certis
1203 4883 1316 4951 diebus,
1329 4902 1412 4942 manu
1426 4886 1537 4957 propria
1555 4883 1863 4957 disciptinanr.urdtarrt

267 4952 307 5009 lle
327 4954 423 5025 prenit.
441 4965 469 5011 et
490 4956 597 5012 remiss.
611 4971 673 5027 cap.
688 4954 838 5026 Presbyter,
857 4954 923 5009 dist.
940 4952 986 5017 28,
1002 4959 1057 5011 etc.
1111 4952 1211 5021 facere,
1224 4962 1255 5008 ut
1274 4954 1303 5011 frt
1325 4957 1474 5013 etiamnum
1495 4956 1577 5014 bodie
1598 4956 1717 5023 Tolosa,
1735 4954 1864 5024 burdigala.

266 5024 300 5079 Si
306 5026 365 5095 guis
373 5026 449 5095 presb
468 5037 517 5092 ter,
531 5025 597 5083 dist.
609 5026 653 5082 bd.
667 5026 707 5081 Ex
717 5026 818 5098 quibus
828 5023 1002 5080 manifestum
1015 5029 1059 5078 est
1110 5022 1133 5081 Α
1153 5026 1207 5081 uis.
1225 5023 1336 5092 Sextiis,
1350 5034 1405 5084 etc.
1848 5092 1852 5099 ,

266 5096 425 5177 sacerdotes
433 5045 589 5169 abnuendo,
600 5105 629 5152 et
641 5097 716 5169 ipsos
737 5096 820 5153 etiam
834 5093 982 5160 antistites,
998 5108 1058 5164 poe-
1170 5112 1252 5168 rquo
1266 5099 1400 5168 coniicias
1410 5098 1536 5163 ulterius,
1549 5114 1612 5155 num
1625 5098 1663 5155 sit
1673 5094 1864 5161 immooittsjuns

266 5168 391 5223 rrrtentiae
401 5168 517 5239 publice
529 5183 560 5224 se
572 5167 725 5231 devovisse,
750 5167 836 5223 tttasa
849 5180 957 5236 semper
970 5179 1057 5220 cano·
1111 5174 1248 5223 assertum
1268 5169 1341 5241 quod
1359 5170 1457 5226 iterum
1478 5171 1572 5239 objicit
1595 5168 1719 5233 Gerson,
1732 5184 1781 5225 noa
1793 5168 1864 5245 dreit

264 5252 334 5291 arrm
347 5239 490 5310 religione,
502 5248 528 5295 et
538 5254 587 5309 per
596 5253 769 5311 consequens
781 5236 865 5309 (qaod
878 5244 976 5291 contra
989 5233 1058 5289 Ger·
1111 5239 1187 5294 viros
1201 5240 1254 5297 insi
1273 5255 1333 5304 nes,
1346 5239 1501 5297 deuotionis
1511 5254 1577 5312 ergo
1590 5250 1739 5311 sponteque
1799 5250 1852 5306 prbr

267 5322 362 5363 sonem
377 5310 517 5384 urgeam)
539 5310 609 5365 citra
628 5310 859 5381 irregularitatem
874 5321 994 5369 omnem,
1012 5310 1060 5359 aut
1201 5255 1405 5367 notbtorodasa
1419 5310 1568 5382 discerpere
1582 5318 1655 5381 terga
1675 5252 1799 5381 ylagelb?J

266 5378 944 5452 ecclesiasticaedisciplinaedispendium,potuisse
951 5378 1058 5447 seipsos
1113 5394 1175 5435 curn
1201 5396 1235 5436 ex
1250 5380 1365 5438 adverso
1382 5383 1552 5437 corrtrarinm
1565 5382 1693 5439 educant
1712 5380 1862 5451 probertltrt·
1926 5386 1927 5415 Ι

266 5448 382 5518 flagellis
399 5466 493 5506 coram
519 5452 643 5508 mdccc:
660 5452 708 5525 qui
722 5467 796 5507 unus
812 5457 872 5506 erat
891 5448 1061 5520 paenitentias
1113 5458 1153 5505 tot
1168 5451 1317 5507 illustrium
1334 5454 1456 5509 virorum
1466 5459 1495 5508 et
1509 5452 1660 5525 puellarum
1683 5458 1821 5525 spontanea
1829 5458 1862 5497 tt·

267 5520 377 5590 publice
389 5521 538 5603 subeundae
550 5522 657 5579 modus.
1113 5522 1288 5603 stigationes
1305 5539 1374 5648 Ἱιιιε
1393 5522 1464 5594 apud
1485 5520 1646 5579 Damianunr
1668 5532 1695 5579 et
1713 5520 1809 5579 Surium
1823 5528 1862 5571 sat

305 5589 337 5643 lit
351 5606 387 5645 ne
397 5608 461 5662 aurs
472 5590 566 5646 forsan
578 5600 746 5662 postremum
761 5590 834 5649 istud
849 5606 979 5647 maccam
989 5605 1057 5662 pos·
1110 5606 1170 5648 stne
1189 5602 1231 5649 stu
1271 5609 1300 5649 re
1324 5595 1440 5666 egimus.
1456 5592 1569 5650 Referre
1582 5594 1608 5665 pi
1628 5601 1657 5649 et
1675 5610 1734 5665 quac
1752 5590 1861 5647 maan

267 5660 306 5715 sit
321 5659 482 5726 indubium,
493 5676 556 5717 eum
573 5662 644 5717 inter
656 5663 726 5719 alios
740 5662 865 5720 obsidem
879 5660 940 5718 fidei
955 5662 1055 5719 damus
1109 5662 1222 5735 scripsit
1252 5681 1343 5724 usaeus
1357 5667 1384 5723 in
1396 5664 1470 5723 uotis
1481 5664 1515 5723 ad
1527 5664 1598 5723 Petri
1607 5611 1741 5722 busensis
1753 5670 1861 5716 camau-

306 5777 380 5864 (535)
396 5790 471 5851 eon.
493 5797 646 5867 micatus,
661 5812 676 5855 a
691 5800 808 5868 scutica,
825 5798 927 5857 Galliis
953 5802 1099 5873 escaurgte.
