3967 6334
196 363 234 418 bb
674 357 866 416 ‘ztlcdatttAE
886 357 1190 418 cunlsopomrattt
1208 360 1364 421 artscoet
1804 371 1843 429 co

195 483 399 539 humiliabitur:
410 488 435 534 et
444 479 490 550 qrri
500 479 841 547 rehumiliat,eautrabirar
852 479 918 551 (Ltrc
930 494 991 548 xtr;
1004 480 1163 548 Anam.
1178 489 1208 536 1
1226 480 1357 538 ndu
1367 498 1432 538 a
1445 485 1554 540 nmine
1568 486 1723 554 patrissatis
1734 487 1843 544 Zacha-

194 573 297 632 nnat
314 572 409 631 uuit.
429 571 593 628 winter
604 572 673 628 dicit
685 573 813 644 genedea
826 573 875 644 qui
887 589 941 630 nac
952 574 995 629 la-
1040 569 1124 646 rara
1140 569 1178 625 Et
1187 572 1350 643 mutas
1363 582 1451 629 muter
1460 575 1529 646 ejus,
1545 575 1636 632 dicit:
1651 577 1840 652 Nequaquam,

194 683 258 740 gen
285 665 441 720 humant
462 678 517 719 nee
538 664 701 734 prophetam
725 663 826 720 divites
850 678 917 720 rer)
943 662 988 719 iu·
1044 661 1373 721 oeavrcattrurtoamer.

198 761 282 822 dacos,
304 759 333 813 in
347 758 416 828 lege,
437 763 464 812 et
481 756 632 828 prophetis,
644 764 672 813 ct
686 757 810 828 psalmis.
822 756 880 812 llos
890 757 995 812 dimisit
1080 751 1141 808 Nou
1161 755 1304 824 ignorabat
1323 764 1411 810 muter
1434 756 1481 811 lilii
1501 759 1677 824 vocabulum,
1696 776 1760 832 quae
1782 761 1842 831 jan

199 851 295 904 inanes
324 847 468 911 Dominus,
494 847 605 918 quando
627 849 802 903 exterminati
822 855 907 917 sunt;
931 849 995 904 illos
1046 845 1256 915 prophetaverat
1286 855 1451 918 conceptura
1477 864 1540 905 esse
1570 849 1723 908 Christum.
1753 850 1814 907 Scir
1822 852 1845 906 it

199 955 288 999 aufem
310 943 432 1013 impleuit
445 942 536 1006 bouis,
553 941 662 1012 quattdo
675 942 869 1012 praedicatores
884 957 996 1013 recepe-

199 1041 274 1090 runt.
299 1031 422 1104 hnpsseuit
444 1041 472 1088 ct
490 1033 604 1096 dimisit,
620 1033 781 1104 prophetico
793 1034 892 1104 spiritu
907 1032 993 1098 dixit,

200 1125 367 1198 praeteritum
382 1125 509 1180 videlicet
522 1140 572 1196 pro
588 1125 691 1180 lutuno.

234 1215 356 1286 Suscepit
375 1215 464 1273 lsrael
474 1233 585 1289 puerunt
600 1234 675 1272 suurn
691 1219 834 1272 memorari
845 1219 996 1272 misericor-

200 1303 252 1359 dirr
271 1323 336 1362 aaa.

237 1397 344 1472 [Brun]
364 1399 480 1457 Pulchre
494 1417 609 1473 puerum
625 1401 745 1472 appellat
754 1398 848 1463 lsrael,
865 1399 996 1455 ohedien-

200 1494 255 1543 tcrn
277 1482 403 1546 videlicet
425 1499 452 1547 et
468 1492 613 1554 hurnilcm,
630 1499 660 1547 ut
673 1489 744 1547 Osee
763 1490 850 1546 dicit:
866 1489 937 1544 Puer
952 1487 997 1544 ls-

1045 935 1119 990 enim
1134 937 1234 1008 spiritu
1244 939 1394 1009 prophetiae
1408 939 1442 995 de
1456 941 1567 997 nornine
1578 944 1754 1014 imponendo,
1766 943 1844 1014 qucd

1046 1041 1100 1080 non
1114 1026 1249 1083 didicerat
1262 1044 1277 1082 a
1292 1029 1406 1095 marito,
1428 1037 1523 1100 utpote
1536 1042 1627 1101 muto,
1638 1031 1683 1086 cui
1696 1032 1732 1086 alr
1743 1033 1844 1103 artgclo

996 1163 999 1167 .
1046 1120 1257 1191 praenuntiatum
1270 1119 1370 1176 luerat.

1082 1208 1118 1263 Et
1131 1210 1256 1266 dixerant
1272 1211 1306 1264 att
1317 1210 1414 1265 iilum:
1429 1211 1500 1278 Quia
1510 1229 1585 1267 nemo
1595 1222 1634 1267 eut
1645 1213 1673 1267 in
1686 1213 1846 1284 aequatione

1046 1308 1093 1353 tau
1112 1302 1157 1372 qui
1174 1311 1279 1356 uocetur
1298 1302 1346 1356 huc
1368 1304 1483 1357 nornine.
1501 1301 1650 1358 innuebant
1672 1307 1846 1374 autentpatri

1045 1391 1114 1461 ejus,
1126 1409 1202 1464 quern
1213 1394 1288 1448 uellet
1300 1395 1389 1448 uocari
1397 1412 1456 1449 eum
1465 1411 1475 1460 ,·
1485 1404 1510 1449 et
1519 1397 1843 1468 postulurtapugiltarem,

1046 1485 1170 1552 scripsit,
1192 1485 1280 1539 dicens
1293 1501 1302 1539 :
1314 1484 1432 1540 Joauner
1452 1495 1492 1541 est
1512 1503 1606 1541 nomen
1626 1486 1695 1557 ejus,
1711 1496 1737 1542 et
1750 1489 1847 1542 reticui

201 1582 258 1636 rael
279 1592 304 1636 et
326 1581 409 1637 aliteri
431 1599 490 1637 eum
515 1581 588 1656 (Ore.
615 1583 666 1655 ιιι).
687 1581 739 1649 Qui
756 1583 829 1638 enirn
844 1581 996 1636 contemnit
1046 1577 1244 1632 suntuniaerri.

202 1673 351 1738 humiliari,
369 1689 424 1728 non
438 1681 529 1745 potest
543 1675 659 1740 salvari;
679 1689 729 1729 nec
743 1673 836 1729 dicere
849 1689 912 1728 cum
924 1672 994 1728 Pro·
1081 1666 1189 1741 [Brut-l
1215 1667 1336 1725 ioannes
1350 1669 1401 1726 ‘est
1413 1685 1512 1726 nomen
1530 1671 1599 1742 ejus.
1617 1670 1657 1725 Aa
1670 1672 1695 1728 si
1711 1670 1817 1728 (liceret
1836 1691 1844 1727 :

202 1767 284 1838 pheta
301 1786 307 1822 :
324 1765 390 1822 Ecce
400 1765 472 1821 [teus
487 1766 596 1837 adjuvat
608 1785 657 1832 nte,
674 1776 699 1821 et
717 1765 850 1837 tionrinns¹
860 1774 996 1835 susceptor
1046 1758 1107 1815 Nou
1128 1775 1181 1815 nos
1206 1761 1258 1816 hoc
1279 1761 1304 1817 ei
1317 1776 1417 1817 nornen
1432 1761 1610 1832 imponimus,
1626 1761 1675 1817 sed
1689 1761 1772 1817 alteo
1784 1763 1845 1833 jam

201 1865 241 1912 ert
268 1857 364 1911 anima
391 1873 454 1912 mea
481 1855 568 1928 (Paul.
590 1857 686 1928 xxxv).
703 1854 842 1925 suscipiet
862 1853 997 1909 Dorulaus
1013 1837 1033 1931 Β
1048 1860 1091 1907 cst
1115 1852 1285 1923 impositum.
1308 1850 1367 1907 lloc
1385 1852 1457 1908 enim
1479 1867 1579 1907 nomen
1594 1867 1649 1907 non
1664 1853 1773 1924 generis
1788 1858 1845 1916 est,

201 1943 286 2001 lsrael
305 1947 333 2001 in
352 1945 469 2001 adventu
485 1946 559 2009 liliac,
577 1943 734 2010 memorari,
747 1943 774 2000 id
788 1951 840 2008 est,
853 1949 996 1997 ulmetum
1049 1942 1097 1999 sed
1116 1945 1198 2000 vatis.
1224 1943 1258 1998 Et
1275 1944 1368 1999 mirati
1384 1951 1448 2000 sunt
1459 1944 1492 1999 de
1507 1945 1697 2000 convenientia
1712 1944 1784 2000 inter
1794 1959 1848 2014 pa-

202 2042 333 2106 appareat
360 2037 556 2091 misericordiae
580 2051 650 2101 suaa,
678 2049 734 2089 non
763 2033 837 2105 quod
865 2034 996 2089 meritoria
1049 2041 1117 2090 trem
1133 2042 1160 2091 ct
1176 2043 1301 2091 matrem.
1325 2034 1378 2102 Qui
1394 2052 1508 2106 puerum
1525 2036 1634 2092 nornine
1652 2037 1740 2108 patris
1755 2037 1848 2106 aragia

202 2125 397 2181 misericordiae
422 2126 533 2181 recedat
554 2141 568 2180 a
589 2124 655 2190 Deo,
680 2125 728 2181 sed
747 2126 827 2196 quasi
848 2126 997 2180 mensurari
1048 2142 1130 2196 quam
1154 2125 1288 2183 1Ιοιιιιιιειιι
1309 2128 1464 2183 vocandum
1486 2129 1679 2196 decernebant,
1704 2143 1753 2185 eos
1775 2127 1850 2198 ligu-

201 2216 313 2282 tlicitur‚
339 2219 532 2290 quandopost
556 2227 664 2288 tempus
688 2218 799 2289 longum
821 2217 895 2273 uelut
919 2218 998 2288 prius
1047 2225 1120 2282 rant,
1136 2219 1195 2288 crui,
1219 2217 1334 2274 nomino
1349 2235 1426 2275 nonae
1439 2219 1533 2290 gratiae
1548 2234 1662 2275 nrunera
1674 2218 1846 2282 declarante,

202 2308 305 2365 oblitus
319 2311 465 2364 miseretur
480 2309 607 2378 alicujus.
1048 2311 1195 2380 cupierunt
1214 2326 1277 2366 eum
1303 2312 1395 2382 potius
1416 2320 1548 2369 consueta
1569 2312 1671 2368 ueteris
1693 2309 1847 2368 sacerdotii

239 2401 313 2456 Sicut
336 2407 439 2456 locatur
461 2411 500 2456 eat
523 2399 998 2470 adpatresnostror‚1lbralrantet
1049 2399 1138 2454 edicta
1171 2401 1331 2470 praedicare.
1357 2399 1435 2456 Urrde
1452 2402 1522 2458 benc
1541 2399 1690 2457 Zacharias
1715 2401 1849 2456 minaria

202 2492 296 2546 rcrnini
307 2491 363 2561 ejus
375 2493 401 2546 iu
415 2492 523 2547 cacata.
1050 2491 1156 2547 domini
1174 2492 1379 2563 interpretatur,
1402 2494 1467 2564 quia
1483 2494 1642 2549 memoriam
1666 2492 1850 2564 autiquaeob·

238 2581 359 2640 incautus
377 2591 419 2639 est
440 2583 572 2640 Dominus
587 2583 620 2639 ad
632 2583 770 2639 hhraham
782 2593 809 2641 et
824 2586 922 2641 semini
938 2585 998 2655 ejus
1050 2584 1215 2641 servationis
1234 2600 1250 2638 a
1270 2583 1386 2640 ltornino
1410 2585 1482 2640 datae
1502 2583 1610 2656 figurat.
1629 2583 1777 2656 Pugillaris
1796 2601 1850 2655 ap·

203 2675 231 2732 ln
247 2679 356 2740 saccula,
373 2679 399 2734 id
414 2688 466 2744 est,
481 2696 530 2752 per
545 2680 626 2752 longa
643 2689 776 2750 tempora,
792 2679 826 2735 de
840 2679 1000 2736 misericor·
1051 2677 1169 2747 pellatur
1188 2677 1231 2732 vel
1246 2677 1379 2747 graphius
1395 2677 1438 2732 vel
1448 2676 1559 2742 tabella,
1575 2693 1635 2749 qtrae
1645 2693 1738 2748 pugno
1753 2684 1848 2747 potest

203 2769 247 2824 dia
258 2778 360 2825 nostrae
370 2771 477 2836 salutis,
494 2787 554 2842 quta
565 2771 693 2828 omnihus
706 2771 834 2842 gentibus
847 2772 874 2826 ln
887 2771 998 2828 Christo
1050 2767 1165 2822 includi.

204 2864 303 2920 collata
313 2872 365 2922 est.
382 2863 480 2922 Samen
495 2862 612 2920 hhrahae
623 2865 776 2935 spirituale,
790 2863 927 2935 significat
941 2865 1000 2920 sice
1085 2857 1212 2927 Apertum
1232 2866 1271 2912 ert
1290 2865 1379 2912 autem
1394 2858 1467 2913 illico
1484 2859 1580 2928 atejus
1594 2867 1620 2912 er
1635 2859 1725 2930 tingue
1738 2859 1808 2928 ejas,
1820 2867 1849 2912 et

204 2953 232 3010 in
257 2954 469 3010 circumcisione
495 2954 553 3010 sire
578 2953 606 3008 in
629 2955 764 3024 praeputiu
782 2951 861 3009 tidem
882 2952 1000 3008 Abrahae
1051 2948 1216 3020 loquebatur,
1231 2949 1381 3003 benedicens
1395 2948 1490 3003 Deum.
1504 2948 1539 3002 Et
1548 2948 1636 3018 fuctus
1652 2957 1692 3003 est
1707 2949 1788 3002 tirnur
1802 2966 1848 3003 ru·

204 3053 324 3101 secutos.
348 3044 417 3100 llinc
436 3044 585 3116 apostolus
602 3047 657 3100 ait:
675 3043 705 3100 st
720 3054 808 3100 autem
824 3062 867 3100 aar
886 3044 997 3111 Christi,
1049 3057 1096 3112 per
1109 3057 1198 3095 annea
1211 3041 1416 3100 oicinoreorunt.

203 3150 266 3207 erpo
288 3150 376 3189 remen
399 3132 514 3190 Abrabae
537 3139 612 3199 estis,
635 3135 777 3190 secundum
797 3138 1034 3222 prornisrianemc
1087 3131 1195 3204 [Baua]
1223 3130 1310 3188 Solvit
1330 3131 1542 3202 lideslinguam,
1561 3145 1644 3201 quarn
1663 3131 1848 3187 incredulitas

204 3223 320 3279 bacades
342 3221 443 3298 (Galat.
471 3225 523 3299 ιιι).
546 3225 625 3293 Quod
641 3242 706 3298 ergo
720 3225 793 3282 Datus
808 3229 913 3284 serratis
928 3229 997 3295 suis,
1050 3223 1193 3294 ligaverat.
1227 3222 1381 3294 allegorice
1406 3221 1520 3278 ioannis
1539 3223 1676 3279 celebrata
1701 3223 1846 3288 nativitus,

204 3323 260 3370 tam
285 3317 319 3374 de
340 3317 467 3389 gentibus
489 3333 572 3390 qnam
596 3318 630 3374 de
652 3316 765 3384 iudicis,
781 3324 844 3388 post
858 3317 998 3374 Abraham
1051 3314 1146 3386 grutiae
1160 3322 1204 3371 est
1214 3313 1283 3371 Noui
1297 3313 1466 3370 Testamenti
1475 3314 1602 3371 inchoata
1611 3315 1779 3371 sublimitas.
1791 3313 1849 3368 Vo-

204 3407 238 3462 de
263 3405 315 3462 lade
330 3408 530 3464 incarnationis
543 3407 672 3480 dignatus
687 3415 729 3464 cst
746 3409 884 3474 revelare,
901 3409 1000 3464 senrini
1050 3407 1178 3462 caorrlnm
1193 3405 1307 3464 loannis
1322 3408 1386 3480 (hoc
1399 3416 1452 3471 cst,
1467 3407 1561 3478 gratiae
1571 3407 1630 3479 Dei)
1642 3417 1731 3464 mater
1741 3409 1848 3472 verbis,

203 3497 321 3554 Abrahae
336 3499 445 3554 locutus
459 3505 511 3554 est.
1050 3507 1127 3569 pater
1146 3499 1244 3555 litteris
1268 3500 1412 3567 intimant;
1433 3501 1497 3570 quia
1522 3501 1563 3559 lex
1584 3508 1611 3555 ct
1626 3502 1759 3572 propheta
1782 3517 1851 3558 cum

241 3587 343 3648 liausit
358 3600 446 3646 autern
468 3589 559 3644 ituria
577 3607 637 3645 aum
652 3589 701 3646 itia
715 3591 792 3664 quasi
806 3593 938 3646 mensibus
951 3591 1001 3644 tri·
1051 3592 1165 3664 psalmis
1186 3591 1303 3662 gratiam
1320 3592 1424 3648 Christi
1436 3592 1595 3663 praedicant.
1610 3590 1729 3649 Pulchre
1740 3593 1852 3648 Zacha-

206 3681 265 3745 bus,
280 3689 305 3736 et
319 3698 425 3738 reuersa
437 3691 477 3737 est
492 3683 520 3737 iu
530 3680 638 3736 damam
650 3699 737 3736 suant.
1050 3684 1107 3738 rias
1128 3695 1226 3739 octava
1249 3683 1294 3739 die
1308 3684 1394 3754 prolis
1406 3684 1486 3739 cditae
1499 3685 1631 3754 loquitur,
1647 3685 1713 3755 quia
1730 3700 1781 3756 per
1793 3685 1853 3741 lio-

242 3771 350 3848 [licon]
374 3772 482 3830 Tandiu
501 3775 614 3840 mansit,
630 3773 833 3830 donecvidorct
846 3789 1001 3844 praecursc-
1051 3776 1119 3831 rniui
1142 3776 1372 3832 resurrectionem
1393 3783 1490 3832 octavu
1511 3777 1556 3832 die
1569 3775 1680 3842 lacem,
1697 3777 1852 3834 sacerdotii

205 3865 246 3921 ris
262 3865 429 3922 nativitatem
442 3873 644 3938 propterquam
661 3867 780 3921 maxime
793 3873 915 3931 uerterat,
930 3874 957 3921 et
971 3874 1001 3920 ut
1051 3865 1147 3936 legalis
1161 3881 1262 3920 arcana
1273 3873 1430 3938 patuerunt.

205 3963 283 4012 tanto
307 3965 430 4029 tempore
449 3957 588 4014 Elisabeth
608 3963 635 4013 ct
654 3955 770 4011 loannis
785 3964 921 4012 cresceret
937 3972 1002 4027 pro·
1057 3991 1075 4018 .
1088 3956 1123 4010 Et
1136 3974 1215 4027 super
1228 3959 1316 4012 amatia
1327 3957 1784 4031 montanaiuttaeedirulgubuutur
1794 3977 1856 4016 om·

207 4049 305 4108 iectus.
333 4047 402 4104 Nam
422 4049 446 4106 si
470 4050 499 4105 in
525 4051 613 4121 primo
636 4049 753 4103 aduentu
775 4046 867 4102 llariae
897 4046 1000 4119 Spiritu
1052 4051 1097 4104 nia
1118 4049 1195 4106 uerba
1213 4050 1278 4114 trec,
1299 4060 1325 4105 et
1346 4061 1489 4120 parauerunt
1503 4069 1591 4107 ornnes
1605 4055 1651 4124 qui
1662 4053 1807 4108 audierunt
1822 4057 1853 4110 iu

207 4149 304 4205 sancto
325 4148 391 4197 surtt
413 4141 520 4212 repleti,
540 4141 656 4196 multum
676 4145 720 4195 cst
730 4138 784 4193 illis
795 4138 1001 4209 superadditum
1051 4140 1202 4207 cordetuo,
1227 4141 1341 4197 dicenter
1362 4163 1368 4196 :
1391 4143 1457 4209 Quia
1473 4153 1552 4214 putus
1566 4159 1630 4214 puer
1648 4145 1697 4199 iste
1710 4147 1762 4199 erit
1774 4149 1788 4202 ?
1801 4146 1853 4201 lit-

206 4240 283 4288 tanta
298 4247 374 4287 mora
388 4233 551 4288 mansionis.
604 4247 605 4250 ’
1051 4235 1120 4288 enirn
1135 4251 1228 4287 uranus
1242 4233 1351 4287 bomini
1364 4243 1421 4288 erat
1431 4250 1491 4288 cunt
1505 4233 1563 4289 illo.

519 4321 634 4380 darer
654 4319 699 4378 tv.
1087 4322 1287 4379 Pracurrcntia
1302 4325 1391 4394 signa,
1408 4325 1571 4394 praecursori
1586 4325 1711 4382 ueritatis
1724 4327 1853 4397 praeliant

244 4415 380 4471 Elisabeth
401 4423 489 4470 autern
502 4414 638 4484 irrrpletum
656 4423 696 4468 est
714 4421 814 4483 ternpus
826 4411 956 4482 pariendi,
976 4422 1002 4467 et
1054 4415 1116 4470 iter,
1139 4414 1215 4470 Unde
1236 4415 1283 4485 qui
1304 4414 1457 4478 audierant,
1481 4416 1593 4471 excitati
1612 4417 1748 4472 miraculo
1763 4424 1792 4472 ct
1814 4418 1854 4471 ti·

207 4505 304 4575 peperit
316 4505 411 4574 tilium.
1018 4497 1041 4551 li
1055 4520 1131 4560 more
1147 4503 1291 4575 stupefacti
1314 4505 1397 4560 tacite
1408 4512 1535 4561 eternum
1548 4506 1588 4561 rei
1604 4507 1798 4577 praestolantes
1811 4509 1854 4561 di-

243 4591 363 4649 Verbum
379 4592 546 4663 impletionis
556 4598 664 4647 tantum
679 4591 748 4647 solet
759 4590 847 4662 accipi
859 4590 887 4644 in
898 4591 998 4648 bonis:
1050 4603 1119 4650 cunt
1137 4614 1144 4651 z
1169 4595 1235 4662 Quis
1253 4604 1331 4665 putas
1354 4611 1420 4665 puer
1448 4596 1498 4650 iste
1517 4599 1593 4651 errt?
1617 4595 1714 4652 Manus
1735 4595 1852 4651 ὓοιιιίιιί

207 4695 238 4740 ut
247 4683 348 4754 iurpieti
357 4694 419 4738 snut
431 4685 487 4738 aies
498 4681 595 4738 llario·
605 4692 744 4753 utparerer
754 4681 829 4755 (Luc.
841 4681 873 4753 ιι)
886 4682 1001 4752 impleuit
1051 4687 1072 4741 F
1074 4687 1139 4742 ilius
1153 4687 1213 4757 ejus
1224 4685 1396 4756 intelligitur,
1411 4694 1442 4739 ut
1455 4687 1483 4741 in
1498 4683 1568 4741 lsaia
1584 4704 1591 4741 :
1609 4685 1707 4741 Ourania
1719 4686 1778 4741 trec
1790 4705 1854 4742 ma-

209 4775 338 4832 Sutumau
357 4773 489 4844 rectificare
509 4774 616 4828 domum
637 4772 700 4845 (tlt
720 4772 783 4844 Reg.
797 4772 999 4846 rx)‚de[uuctus
1051 4792 1102 4830 raus
1123 4774 1262 4844 meuserit
1283 4773 1352 4846 (lau.
1376 4774 1462 4841 ιιιι).
1483 4774 1571 4830 Aliter
1593 4792 1659 4831 vero
1677 4777 1852 4833 rnanuslio-

207 4875 248 4920 est
268 4863 404 4920 Abraham
432 4865 524 4934 plenus
546 4862 649 4918 dierum
669 4861 744 4935 (Gen.
764 4861 841 4934 xxv),
858 4879 917 4918 cnm
932 4862 1001 4917 reuit
1050 4866 1119 4920 ratini
1142 4865 1277 4936 hagellum
1297 4863 1358 4933 ejus
1382 4864 1546 4934 accipitur:
1577 4873 1608 4920 ut
1627 4866 1655 4920 in
1678 4864 1850 4937 Sophonla:

206 4956 342 5025 plenitudo
354 4957 489 5026 temporis,
511 4956 584 5010 misit
604 4954 676 5010 Deus
695 4953 884 5010 Filiutnsuunt
896 4951 999 5026 (Galat.
1051 4956 1201 5011 Eaterrdum
1223 4972 1331 5009 martana
1352 4972 1438 5009 meam
1458 4972 1536 5024 super
1554 4954 1654 5011 dudum
1669 4956 1803 5028 (Soplton.
1817 4960 1850 5029 ι),

210 5048 258 5118 ιι).
285 5046 321 5101 At
341 5053 437 5102 contra
456 5046 517 5101 dies
538 5045 685 5116 impiorum
704 5046 802 5101 inanes
825 5053 905 5109 sunt,
928 5046 1000 5100 sicut
1049 5047 1117 5102 lude
1136 5054 1164 5101 ct
1177 5044 1228 5100 lob
1249 5065 1255 5098 :
1279 5043 1377 5098 Munus
1399 5043 1506 5098 batruini
1526 5047 1609 5117 tetigit
1629 5062 1670 5100 nte
1691 5044 1754 5119 (tot
1776 5049 1850 5115 ιιι).

208 5141 310 5212 legitur
332 5161 339 5196 :
365 5141 424 5196 Viri
445 5141 604 5212 aaupuinunr
618 5152 642 5196 et
656 5139 742 5195 dolosa
756 5158 808 5196 non
822 5139 1001 5195 dinridiabuut
1050 5137 1102 5193 llic
1117 5143 1207 5192 autem
1219 5150 1317 5190 manus
1332 5134 1450 5199 [lumini.
1466 5143 1588 5206 potestas
1599 5137 1658 5207 ejus
1670 5137 1851 5208 intelligitur,

208 5233 264 5289 dies
279 5250 342 5288 auos
354 5233 442 5306 (Psoi.
459 5232 525 5304 utu).

246 5321 281 5378 Et
296 5325 437 5378 audierunt
449 5323 526 5378 uicini
535 5333 560 5378 ct
574 5325 678 5395 coartati
691 5329 760 5395 etus,
769 5341 832 5396 quta
842 5322 1000 5394 rnapnificu-

210 5417 246 5472 nit
264 5414 394 5471 Drusinae
415 5415 625 5471 mirericordiam
643 5432 720 5471 suurn
740 5433 800 5471 cunt
817 5416 878 5482 iila,
889 5423 915 5468 et
938 5429 1002 5468 cou-

209 5505 417 5578 gratulabantur
430 5509 455 5562 ei

246 5595 275 5652 ln
298 5605 359 5653 ortu
372 5599 441 5668 justi
464 5599 552 5670 gratia
573 5606 707 5654 secuturae
730 5597 852 5661 uirtutis,
878 5595 1002 5651 exsulta-

210 5687 449 5746 tionericinoruut
459 5689 660 5764 praefigurante,
677 5691 812 5761 signatur.

247 5779 282 5838 ti
299 5781 399 5852 sartum
418 5793 456 5841 ccl
468 5785 504 5860 ‘in
520 5783 563 5838 ate
581 5791 670 5837 octaua
684 5789 806 5836 tenernnt
817 5775 1004 5834 circtnnridcrc

1051 5227 1086 5282 de
1105 5242 1159 5296 qua
1185 5225 1213 5279 in
1226 5223 1344 5280 Ieremia
1359 5243 1366 5281 ε
1380 5223 1455 5279 Sicut
1468 5223 1554 5277 iutrnu
1570 5225 1596 5278 t'u
1611 5241 1694 5279 tnarru
1707 5225 1798 5297 figuti,
1810 5230 1852 5281 tta

1051 5337 1096 5375 ros
1112 5319 1139 5371 in
1152 5333 1233 5371 rnaau
1243 5332 1312 5380 maa,
1324 5316 1417 5370 damur
1429 5315 1516 5369 lsrael
1525 5314 1592 5386 (der.
1608 5315 1700 5387 ιιιιι).

1089 5407 1124 5462 Et
1137 5407 1285 5461 Zacharias
1294 5417 1369 5478 pater
1379 5407 1568 5478 ejusiruptctue
1578 5416 1617 5462 est
1627 5407 1730 5478 Spiritu
1740 5418 1850 5476 sancto,

1052 5510 1077 5555 at
1101 5498 1272 5569 prophetarit,
1296 5498 1385 5554 dicens
1409 5515 1418 5553 .·
1442 5499 1597 5554 lienertr'ctus
1618 5499 1750 5556 dontinus
1774 5501 1850 5556 [tear

1055 5593 1161 5657 lsrael,
1187 5593 1250 5663 auia
1280 5591 1396 5646 uisitauit
1424 5599 1448 5644 et
1471 5590 1533 5659 serit
1558 5589 1762 5658 rederrrptianern
1790 5594 1851 5660 ple·

1055 5684 1170 5738 trasna.

1090 5771 1198 5845 [lirum]
1219 5771 1297 5840 Qttod
1319 5768 1466 5827 Zacharias
1486 5771 1607 5840 proxime
1625 5770 1783 5829 laciendum
1798 5785 1852 5828 co·
