3967 6334
239 214 289 274 obl
691 215 877 275 ROBERTUS
894 219 1032 279 numus
1053 220 1082 280 S.
1102 223 1136 281 lt.
1155 221 1186 281 E.
1205 224 1419 283 cnhbltllhlS.
1798 236 1838 301 iu

238 342 302 396 dem
314 333 391 391 Petri
412 332 568 390 Sentemms
582 332 617 387 ad
631 331 731 388 Puliini
745 339 837 389 textus
853 333 1024 405 orasindigi-
1040 347 1064 403 Α
1079 346 1154 392 torto
1179 347 1215 392 ort
1237 338 1366 393 certitudo
1379 339 1453 410 fidei,
1476 349 1564 397 tomen
1579 343 1639 399 iicet
1652 345 1726 402 troiia
1739 348 1839 415 douae.

237 440 315 497 tare;
340 435 367 485 et
388 427 435 483 uhi
458 427 500 482 rei
529 432 698 486 momentum
721 426 865 501 exigebat,
894 426 1026 483 adhibitis
1077 428 1110 484 de
1122 430 1242 485 articulis
1254 430 1327 502 fidoi,
1343 442 1368 488 ct
1380 433 1511 505 inquirere
1525 444 1550 489 ct
1564 432 1708 507 disputare.
1721 439 1779 499 lion
1795 447 1840 508 dico

239 520 370 592 utrinque
393 516 533 575 asteriscis
554 515 663 572 Lectori
689 518 762 573 velut
783 518 921 574 indicibus
943 534 1026 589 quam
1076 522 1146 594 qood
1166 523 1315 581 dubitemus
1344 542 1379 580 on
1399 527 1452 581 ocri
1465 528 1520 582 sint
1544 530 1648 585 articuli
1671 530 1743 603 fidei,
1763 540 1842 598 seth

239 622 336 669 mutuo
367 619 517 687 conspectu
548 611 666 669 invicem
692 610 861 667 cohaererent
887 611 945 667 hacc
971 611 1027 667 duo
1077 619 1164 685 modo,
1177 628 1231 675 ece,

239 706 381 763 nascentis
392 705 563 763 scholasticae
572 705 716 779 theologiae
726 704 818 762 sidera
831 724 840 773 ;
853 713 881 762 et
892 704 901 779 (
912 705 936 762 si
956 705 1028 768 iorto
1113 711 1191 783 Quod
1203 714 1236 771 ad
1248 723 1357 772 nostras
1371 715 1400 770 in
1415 714 1524 771 Pullum
1538 717 1743 779 obseruationes
1755 733 1843 797 curret,

240 803 360 861 mutuati
379 803 492 859 luminis
510 802 632 873 suspicio
652 801 706 875 sit)
727 807 788 856 uter
808 799 886 855 alteri
904 798 980 871 prior
993 800 1028 855 tt-
1078 806 1148 864 nilril
1161 816 1187 863 tc
1201 808 1336 863 monitum
1351 807 1482 865 lectorem
1501 810 1592 877 uelim,
1607 810 1660 867 nisi
1672 814 1745 884 quod
1761 822 1846 887 promi.

241 896 349 952 luxerit.
1079 916 1148 957 scuo
1161 901 1295 956 librorum
1318 908 1451 974 apparatu
1473 917 1551 968 usus,
1571 903 1735 975 antiquioris
1751 924 1846 979 preses.

276 984 441 1055 QoartoAEx
455 987 614 1060 conscripto
626 988 663 1044 ab
676 994 788 1059 auctore
806 984 898 1057 operis
915 985 1028 1057 prologo
1078 992 1128 1047 tim
1142 992 1284 1057 editionis,
1301 1006 1362 1063 que
1384 992 1549 1064 quandoque
1574 993 1713 1067 discrepat
1732 1011 1748 1051 a
1769 1013 1846 1058 reem.

240 1088 346 1134 certum
357 1079 504 1150 estplures
516 1079 631 1152 singulis
644 1079 781 1151 capitibus
792 1076 932 1149 appositus
943 1074 1029 1133 luisse
1078 1084 1143 1140 tiori
1156 1091 1213 1141 tam
1233 1084 1365 1141 librorum
1380 1084 1555 1141 lemmatibus
1568 1102 1650 1157 quam
1667 1086 1796 1148 divisione
1811 1110 1847 1149 ca·

241 1186 373 1227 numeros
383 1187 432 1229 scu
446 1178 527 1229 notas
536 1172 738 1239 arithmeticas;
751 1170 920 1242 totidemque
931 1185 1029 1227 rursus
1080 1176 1179 1249 pitum,
1194 1176 1245 1233 tibi
1259 1176 1330 1233 iorte
1343 1191 1435 1232 moras
1448 1185 1496 1233 aut
1510 1193 1642 1234 nauseam
1651 1180 1789 1251 pariturus
1797 1186 1846 1253 sin,

241 1260 369 1334 prefixae
389 1262 444 1319 illis
467 1263 588 1335 capitum
609 1263 784 1320 lemmatibus
803 1278 864 1334 quae
885 1262 939 1334 ipsi
958 1260 1029 1317 Pro·
1079 1270 1123 1349 sel
1137 1267 1222 1343 (quod
1236 1268 1345 1341 tetrius)
1362 1268 1433 1325 maie
1455 1266 1517 1325 ildei
1535 1269 1731 1341 suspicionem,
1753 1287 1807 1327 cun
1822 1277 1848 1331 il-

242 1357 306 1429 logo
319 1357 443 1429 proxime
459 1356 613 1428 subjacent.
631 1355 733 1413 Verum
747 1355 919 1413 desideratas
932 1355 961 1411 in
978 1368 1030 1413 no·
1079 1360 1134 1418 lius
1154 1360 1371 1433 experimentum
1392 1358 1518 1417 iacturas
1532 1361 1598 1427 eris,
1623 1362 1680 1417 nisi
1696 1378 1848 1423 occurrerem

240 1458 301 1507 stro
315 1449 420 1517 00‘15002
440 1450 569 1522 supplere
588 1464 645 1507 non
660 1450 739 1507 licuit
757 1449 793 1506 oh
806 1449 944 1506 deiectum
959 1447 1031 1505 alte-
1080 1454 1134 1511 hoc
1144 1460 1227 1525 gestae
1241 1452 1282 1509 rei
1295 1452 1373 1510 brevi
1388 1452 1540 1524 signaculo.
1555 1452 1595 1509 hd
1612 1454 1686 1509 illam
1705 1457 1849 1523 variantium

241 1545 312 1602 rius.
330 1541 434 1601 ididem
456 1558 548 1601 causae
567 1552 610 1601 est
630 1558 681 1600 cur
693 1543 723 1599 iu
740 1543 867 1617 quaedam
885 1548 988 1608 errata,
1003 1547 1032 1598 et
1079 1547 1207 1603 codicum
1217 1546 1423 1602 tumultuariam
1434 1545 1589 1618 congeriem
1599 1562 1644 1603 me
1651 1547 1741 1622 adegit
1752 1564 1849 1607 vacuom

240 1636 313 1693 iortc
323 1638 429 1703 mutila,
444 1636 554 1703 Lector,
572 1637 690 1703 incides,
705 1645 804 1709 pirater
816 1637 886 1693 ahos
900 1642 1031 1709 typogra·
1081 1639 1129 1698 iila
1142 1638 1323 1712 suppellectili
1336 1639 1534 1695 monasterium
1549 1638 1710 1695 Senonense
1725 1639 1752 1706 in
1765 1645 1849 1713 quonl-

240 1727 313 1799 phiae
325 1743 435 1797 naeros3
449 1728 550 1800 quihus
569 1729 672 1787 mederi
691 1728 862 1796 facillimum,
882 1729 908 1787 si
928 1735 1030 1800 presto
1043 1711 1065 1767 Β
1080 1740 1124 1790 tra
1139 1732 1280 1805 integrum¹
1290 1746 1393 1788 annum
1405 1730 1470 1787 huie
1483 1730 1601 1787 fovendo
1610 1728 1690 1787 Pullo
1701 1732 1817 1801 incubui;
1827 1744 1850 1790 ut

240 1819 359 1877 luissent
372 1819 420 1876 alii
434 1820 561 1882 codices:
576 1835 629 1877 nec
646 1820 676 1888 in
688 1821 732 1877 his
742 1820 836 1879 sensui
846 1829 942 1877 nostro
954 1826 1031 1878 stan·
1081 1825 1198 1899 proinde
1212 1826 1353 1883 extraneis
1366 1824 1445 1883 libris
1463 1824 1531 1881 mihi
1549 1824 1634 1897 luerit
1654 1840 1735 1896 opus,
1758 1834 1782 1883 et
1794 1828 1850 1883 ιιιῑ.

242 1910 307 1966 dum
320 1926 382 1967 esse
399 1911 538 1977 duximus,
557 1910 612 1967 rati
631 1909 769 1971 eruditum
790 1926 935 1983 quemque,
958 1919 989 1966 tlt
1002 1910 1032 1976 iq
1081 1932 1152 1989 qum,
1168 1898 1200 1972 ut
1214 1916 1281 1982 dixi,
1293 1915 1438 1985 iectionis;
1450 1916 1505 1971 nisi
1515 1930 1585 1987 quos
1599 1916 1773 1988 apertissima
1785 1932 1849 1975 mano

242 2000 304 2055 aliis
314 2001 356 2057 sic
370 2002 400 2060 in
413 2002 475 2059 istis
487 2003 641 2065 consultius
652 2018 732 2076 opem
744 2004 872 2071 laturum·¹
1082 2007 1270 2083 suppeditavit
1284 2006 1489 2063 illustrissimus
1514 2021 1546 2063 ac
1564 2006 1805 2065 reverendissimus
1825 2008 1848 2066 ii.

277 2091 389 2159 Quinto.
406 2092 456 2150 llic
469 2096 565 2166 paucis
575 2095 723 2169 aperienda
736 2096 833 2153 luisset
846 2094 992 2156 nemetae
1004 2101 1033 2152 et
1082 2102 1238 2161 Ludorieus
1252 2101 1387 2159 henricus
1401 2100 1436 2157 de
1445 2098 1578 2165 Gondrin,
1595 2099 1771 2171 archipresul
1780 2098 1850 2157 Seno-

240 2184 286 2239 ria
312 2184 358 2241 cui
380 2183 475 2242 Pullus
490 2185 591 2247 institit
608 2187 694 2244 hocce
712 2194 770 2245 toto
789 2202 887 2260 opere;
911 2186 1032 2259 plaefflii·
1082 2196 1189 2261 nensis,
1209 2194 1336 2267 plurimis
1355 2209 1371 2251 a
1395 2208 1439 2249 me
1456 2192 1544 2249 titulis
1563 2190 1801 2259 commendandus,
1813 2192 1849 2249 soi

241 2279 324 2335 tenda
339 2280 421 2335 etiam
435 2278 581 2338 Librorum
598 2297 648 2339 seu
662 2282 832 2354 singularum
853 2282 972 2353 partium
986 2298 1033 2355 sy·
1083 2296 1146 2363 post
1160 2288 1259 2345 insitas
1274 2286 1484 2359 vigilantissimo
1500 2284 1605 2357 pastori
1626 2284 1717 2350 dotes,
1735 2283 1789 2356 pari
1801 2299 1849 2339 cun

241 2374 350 2443 nopsis.
367 2372 421 2429 Sed
433 2373 498 2429 huie
512 2374 660 2445 posteriori
675 2375 798 2431 occurrit
813 2374 883 2446 ipse,
896 2374 1033 2431 delineata
1082 2382 1226 2439 nobilitate
1235 2378 1424 2437 munificentia
1435 2376 1606 2433 notissimus.

241 2465 272 2521 in
291 2466 383 2537 operis
405 2464 496 2528 iroote
514 2468 650 2540 cujusque
668 2468 769 2544 capitis
785 2468 933 2543 epigraphe
956 2456 1048 2533 sum?
1118 2474 1174 2534 Sed
1196 2482 1227 2530 ut
1249 2473 1329 2539 alios,
1357 2487 1406 2547 per
1418 2486 1488 2542 quos
1509 2469 1686 2542 profecerim,
1704 2467 1793 2534 lector,
1808 2482 1849 2522 non

241 2560 341 2616 marit-
887 2545 890 2550 ⁵
1083 2567 1213 2636 nescias;
1232 2573 1332 2641 preter
1340 2565 1397 2635 jam
1412 2578 1428 2619 a
1451 2578 1495 2619 me
1509 2568 1677 2619 memoratos
1699 2559 1728 2615 in
1742 2558 1850 2614 ohserm·

279 2649 403 2707 Alterum
418 2658 462 2709 sat
473 2652 610 2725 digestum
632 2652 718 2712 babes
738 2654 768 2711 in
782 2650 1032 2717 observationibus.
1083 2658 1218 2723 tionibus,
1241 2654 1296 2712 bo.
1312 2655 1346 2711 de
1360 2651 1565 2717 Salate-Bouto,
1577 2645 1849 2706 ctioannemdeinu·

243 2744 293 2799 ubi
308 2758 339 2799 ὅθ
360 2745 536 2817 potissimum
557 2744 634 2803 dedii
652 2746 762 2803 occatio
781 2746 878 2803 ieviter
900 2742 1035 2816 bertwin-
1083 2767 1148 2825 noy,
1163 2752 1211 2823 qui
1230 2747 1385 2806 cmoutienti
1409 2745 1497 2804 lucem
1514 2743 1640 2819 pluribus
1656 2740 1850 2807 aliuderuot3io

244 2838 326 2909 gendi
337 2838 443 2909 primos
456 2839 576 2911 impetus
589 2839 758 2899 lascivientis
772 2838 954 2895 acholttiioes
965 2844 1033 2901 iunii
1084 2852 1189 2917 partem
1204 2842 1288 2899 etiam
1302 2839 1392 2896 laudis
1412 2848 1441 2895 ot
1455 2838 1548 2895 oneris
1562 2834 1713 2893 succedent
1722 2833 1850 2891 doctissimi

243 2930 379 3003 temporis
388 2932 435 2987 rix
448 2946 672 3004 cunasegresse,
686 2932 788 3003 quibus
798 2932 862 2987 licet
869 2931 1033 3004 parcissime
1084 2936 1136 2992 uiri
1150 2934 1182 2992 b.
1196 2933 1312 2991 Carolus
1321 2932 1521 3005 deilanniques
1531 2932 1566 2989 de
1576 2931 1731 3002 benjamin,
1742 2929 1851 2984 archidia-

244 3024 414 3081 cooeesserit
436 3024 541 3091 Pullus,
561 3025 635 3081 aetati
656 3032 749 3081 tamen
769 3024 809 3080 ilii
834 3036 1032 3095 nonnunquam
1084 3042 1172 3086 conus
1188 3024 1359 3102 Stampensis
1373 3025 1402 3084 in
1422 3024 1545 3083 Ecclesia
1563 3022 1736 3089 senonensi,
1752 3037 1796 3079 nco
1808 3038 1849 3077 non

243 3116 370 3184 indulsit,
387 3117 416 3172 in
425 3132 480 3189 qua
493 3118 540 3174 uix
552 3118 719 3187 credebatur.
729 3117 855 3175 illicitum
864 3114 966 3173 radoni
984 3130 1034 3173 cus
1083 3118 1206 3191 eiusdem
1225 3118 1264 3177 ill.
1279 3117 1324 3183 lh,
1338 3117 1538 3191 archiepiscopi
1552 3112 1676 3174 vicarias
1689 3114 1850 3197 generales

243 3210 348 3268 riosius
371 3210 553 3285 introspicere
579 3212 608 3268 in
632 3213 721 3284 ipsum
737 3212 799 3269 iidei
821 3228 931 3270 morum
952 3225 1036 3283 pene·
1083 3212 1223 3280 officialis3
1238 3208 1655 3284 b.1>ereyret,regtaettaverrae
1670 3208 1850 3281 praelectustet

242 3304 324 3361 trale.
343 3302 487 3361 Suiiecerit
508 3305 650 3363 monuisse
666 3320 701 3361 ox
718 3303 869 3362 dictionum
889 3302 1035 3361 metathesi
1084 3304 1117 3361 ll.
1130 3304 1162 3362 P.
1177 3304 1301 3363 llilarion
1314 3304 1352 3362 Le
1366 3303 1479 3371 Febtre,
1491 3320 1569 3361 metis
1585 3305 1614 3360 in
1634 3302 1768 3374 theologia
1783 3300 1850 3371 nagi-

243 3413 327 3469 quam
349 3396 563 3470 frequentiorem
583 3398 683 3464 habet,
707 3398 856 3455 obscurum
871 3396 948 3453 reddi
971 3410 1036 3452 con·
1084 3405 1161 3457 ster:
1178 3412 1296 3470 quorum
1314 3397 1414 3455 litteris
1429 3404 1477 3452 aut
1495 3396 1617 3479 presenti
1631 3394 1781 3452 eruditione
1796 3392 1849 3448 reic-

243 3497 350 3545 testom
363 3490 449 3556 iliius,
465 3498 495 3546 ut
514 3488 630 3562 proinde
648 3488 810 3552 rudioribus
827 3489 901 3552 serio
921 3488 984 3546 visu
999 3486 1036 3544 sit
1085 3498 1157 3556 ctus,
1172 3490 1252 3563 plura
1264 3504 1325 3546 sum
1337 3503 1422 3547 ausus
1435 3503 1518 3560 quam
1528 3484 1848 3560 quaesponderetaninus.

244 3581 391 3652 opusrlum
408 3581 510 3639 inillas
526 3584 611 3638 tricas
629 3581 786 3641 inciderint.
1084 3581 1131 3651 dt,
1149 3599 1184 3641 na
1198 3582 1369 3641 recensionis
1387 3581 1456 3638 ordo
1474 3581 1630 3654 displiceat,
1651 3579 1756 3637 nulium
1769 3590 1805 3632 me
1820 3582 1849 3629 te

280 3672 336 3731 Nec
346 3672 487 3729 damnabit
504 3673 613 3745 opinor,
631 3674 687 3731 nisi
702 3674 809 3746 rigidus
819 3674 957 3745 quispiam
974 3672 1037 3727 Ari-
1085 3678 1181 3735 nuisse
1194 3675 1400 3733 sincerissimus
1414 3674 1555 3746 proliteor.

245 3766 386 3830 sitiebat,
400 3780 483 3837 quam
494 3780 550 3821 uon
559 3766 645 3822 sonaci
657 3765 730 3822 icrre
745 3781 801 3837 prm
814 3780 844 3823 se
856 3764 964 3823 ridetur
977 3780 1038 3837 spo·
1127 3770 1168 3827 lh
1178 3770 1228 3825 bae
1242 3769 1394 3845 gratiarum
1408 3768 1480 3825 serie
1493 3766 1643 3823 discretum
1657 3765 1731 3828 solo,
1746 3761 1784 3819 cui
1793 3766 1849 3821 cetit

245 3860 318 3917 ciem
328 3859 482 3916 dubitantis
497 3860 550 3916 sub
563 3859 646 3931 hujus
656 3859 799 3917 involucro
811 3860 890 3917 vocis
910 3858 1036 3930 tortosae,
1086 3862 1258 3936 potissimam
1283 3862 1368 3919 totius
1391 3860 1608 3919 elucubrationis
1628 3866 1749 3931 partem,
1773 3855 1848 3910 lectu

246 3952 538 4025 inrebusquascerto
556 3952 663 4025 fideque
676 3953 769 4010 divina
790 3952 939 4010 credimus.
960 3949 1038 4007 lianc
1087 3957 1180 4021 debes,
1207 3952 1242 4013 R.
1271 3953 1302 4011 P.
1331 3953 1364 4011 b.
1391 3952 1495 4010 Lucam
1520 3952 1697 4018 bacherium,
1718 3943 1848 4005 monasterii

246 4047 321 4103 enim
331 4045 532 4120 disputantium
546 4046 651 4103 larvam
665 4046 803 4119 germanis
815 4044 942 4110 veritatis
955 4043 1038 4105 obtu-
1089 4045 1118 4103 S.
1134 4044 1264 4117 Germani
1284 4059 1300 4099 a
1316 4042 1408 4101 Pratis
1428 4041 1681 4107 bibliothecarium,
1706 4039 1779 4109 cujus
1796 4050 1846 4105 ope,

246 4141 322 4197 tibus
333 4156 385 4198 nec
398 4139 533 4199 intensam
541 4156 593 4198 nee
601 4140 720 4198 inrisam
730 4138 902 4204 ostendimus
912 4135 1036 4205 innotis,
1087 4138 1210 4205 hortatu,
1225 4134 1342 4209 privatis
1355 4141 1383 4193 et
1397 4134 1516 4208 puhlicis
1530 4149 1581 4205 pro
1594 4146 1638 4190 me
1654 4130 1761 4195 studiis,
1771 4135 1794 4185 et
1803 4140 1847 4181 cre

247 4234 314 4305 quin
327 4235 464 4307 theologis
484 4233 648 4290 iamiiiarem
664 4248 789 4305 peneque
808 4230 1005 4297 necessariam,
1021 4243 1041 4301 a
1087 4228 1138 4289 bra
1159 4226 1313 4299 litterarum
1327 4240 1360 4283 ae
1370 4224 1564 4283 schedularum
1578 4222 1790 4286 transmissione,
1803 4232 1847 4290 qua

247 4342 365 4397 qnorum
379 4327 494 4399 proinde
508 4325 764 4399 Scholisnusquam
784 4326 920 4383 exsulavit
928 4324 1038 4399 proble·
1088 4323 1180 4379 nullus
1198 4328 1332 4395 poteram,
1354 4320 1400 4389 hic
1418 4329 1558 4391 utcunque
1572 4318 1698 4375 conlecta
1714 4316 1789 4375 rides.
1808 4310 1846 4368 Sti

247 4418 349 4474 matica
363 4418 434 4475 ratio
448 4417 624 4490 disputandi:
640 4433 695 4474 non
706 4428 737 4474 ut
752 4417 868 4474 liberum
886 4416 923 4473 sit
936 4430 987 4485 pro
997 4415 1074 4488 inp
1089 4414 1160 4489 (quac
1173 4424 1300 4471 sotorum
1315 4428 1422 4471 summa
1435 4412 1505 4485 erat)
1516 4427 1560 4469 me
1571 4410 1689 4468 Senonis
1701 4404 1846 4482 pertinaciter

247 4516 314 4563 nata
327 4508 380 4565 sibi
401 4508 514 4565 libidine
527 4509 636 4580 utrique
657 4508 836 4580 problematis
853 4508 925 4580 parti
939 4521 1036 4564 assen-
1088 4514 1285 4580 oommorante,
1297 4506 1382 4580 praelo
1392 4512 1515 4563 currenti
1528 4519 1630 4576 praeses
1641 4500 1736 4567 adluit,
1753 4504 1778 4555 et
1792 4493 1847 4552 hcn'r

248 4600 307 4665 tiri,
319 4599 367 4655 sed
378 4606 408 4653 ut
417 4598 595 4670 caquterendi
606 4600 734 4656 methodo
749 4599 810 4656 fidei
825 4599 964 4672 splendor,
974 4612 1039 4670 quaa
1088 4597 1220 4670 guissima
1245 4612 1328 4655 manu
1351 4605 1510 4661 correctam
1534 4594 1661 4668 quamtis
1680 4606 1748 4665 agra
1764 4600 1846 4657 setam

249 4693 332 4748 unice
341 4694 429 4763 placet
436 4692 549 4748 aterius
559 4694 705 4749 elucescat.
717 4692 775 4748 iloc
782 4692 887 4759 Pullus,
902 4694 955 4750 hoc
965 4692 1039 4750 Tho-
1088 4690 1254 4756 raletudine,
1270 4697 1298 4747 et
1318 4690 1479 4747 melioribus
1500 4688 1585 4745 liusis
1604 4686 1716 4759 tqutbus
1737 4695 1797 4755 pent
1811 4692 1846 4730 ΜΡ

249 4800 321 4850 mas,
341 4785 443 4855 aliique
467 4785 568 4841 scholae
588 4784 739 4851 antistites,
767 4787 816 4842 sed
836 4787 882 4843 ille
906 4786 1039 4849 subtilius
1089 4786 1153 4840 uuis
1173 4782 1283 4856 irueris)
1305 4782 1443 4850 detentus,
1463 4780 1510 4838 rix
1522 4788 1601 4837 tanto
1618 4777 1723 4835 muneri
1741 4773 1845 4848 potuisset

252 4879 324 4949 (quae
338 4878 459 4948 scrupuli
470 4877 565 4950 causa>
577 4877 629 4935 iste
642 4878 745 4949 patenti
765 4879 900 4935 mendacii
917 4878 981 4935 iuco
995 4879 1037 4935 sio
1061 4866 1065 4879 ’
1089 4894 1151 4934 esse
1165 4877 1243 4943 satis,
1259 4877 1376 4934 nisitihi
1387 4875 1538 4933 studuisset
1552 4874 1683 4947 mihique.
1699 4870 1768 4927 Vale.

250 4968 360 5024 veritati
386 4966 545 5040 sirllragtum
569 4976 676 5040 parant.
704 4969 795 5038 Quare
820 4972 887 5027 mibi
906 4972 1039 5043 praeclare
1129 4968 1367 5026 iiiionooterioS.
1385 4966 1523 5043 Petrii'iui
1536 4967 1700 5041 senonensis.

250 5068 349 5140 Petrus
368 5061 548 5119 Pictauiensis
560 5069 655 5119 noster
675 5070 746 5134 part.
761 5079 804 5130 ιιι,
820 5079 880 5133 cap.
895 5065 947 5121 et:
964 5064 1037 5119 Licet
1181 5061 1279 5128 iditum
1294 5060 1363 5117 lioii
1380 5076 1478 5139 ubter.
