3967 6334
115 414 175 477 esa
549 414 819 491 sunrunrnnun
837 434 928 490 nom
947 434 1048 493 ocro.
1069 468 1105 477 -
1125 436 1318 495 raotocus.
1701 446 1755 502 sm

114 550 251 603 rectione,
272 540 346 612 quod
363 542 393 597 ln
410 543 491 600 nobis
505 547 661 616 significat,
682 567 732 622 per
745 553 913 623 baptismum
927 562 951 617 A
965 562 1044 617 tum,
1070 553 1271 610 confessionem
1295 554 1443 611 secundum
1470 571 1530 612 esse
1552 556 1697 627 rebtg'lum.
1723 551 1755 614 Ei

113 643 258 703 operatur.
274 633 354 691 binde
366 635 439 691 sicut
453 653 504 693 noc
518 654 605 706 mors,
621 643 776 713 baptismus
789 662 845 701 nou
861 645 912 701 ite-
962 646 1035 717 quod
1050 646 1121 701 sicut
1134 661 1190 713 ore,
1207 648 1245 701 ita
1260 654 1400 717 peccatum
1415 646 1494 703 debet
1509 651 1597 704 evomi
1614 650 1706 707 corde.
1722 650 1756 709 tn

113 734 206 781 ratur.
223 725 329 795 Quibus
342 728 425 783 etiarn
443 732 638 799 committitur,
653 743 680 789 et
694 736 767 806 quod
781 753 832 793 nec
845 752 913 793 con·
962 739 1089 808 qualiter,
1103 740 1265 796 ostenditur.
1278 738 1311 793 tta
1319 740 1385 811 quid
1396 740 1448 796 erit
1460 742 1493 798 tle
1506 743 1653 801 confitente
1661 752 1688 800 et
1699 760 1754 801 non

113 812 237 873 bnuatio
264 820 407 889 repetitur.
446 820 479 877 Et
506 838 557 879 cur
582 826 756 883 confirmatio
779 831 911 900 originem
962 830 1116 899 pmuitenti,
1141 832 1181 887 rel
1195 832 1277 887 etiam
1292 832 1326 887 de
1345 839 1457 903 peccato
1477 834 1622 905 gaudente.
1644 832 1679 891 Et
1692 836 1758 907 quis.

113 909 278 977 sumpserit,
294 910 459 967 ostenditur.
965 934 1025 976 rere
1041 929 1140 993 gemat.
1157 920 1190 976 Et
1205 922 1266 993 quis
1278 924 1395 993 gemitus
1409 932 1471 979 ante
1486 922 1570 979 licum
1586 925 1705 983 sordeat.
1721 925 1757 980 Et

150 998 217 1054 Car.
232 998 326 1055 XXlll.
348 1000 480 1059 Subditur
492 1006 575 1061 etiarn
589 1008 721 1078 parvulos
737 1010 766 1065 in
777 1011 912 1081 parvitate
961 1012 1035 1082 quod
1050 1029 1113 1070 vere
1128 1015 1274 1084 poenitens,
1293 1015 1397 1069 nullum
1409 1024 1472 1087 post
1493 1032 1522 1071 se
1542 1018 1621 1073 debet
1635 1018 1759 1074 retinere

111 1105 167 1147 sua
183 1092 283 1150 debere
297 1094 463 1152 confirmari.
480 1096 558 1155 Unde
570 1102 735 1174 negligentia
752 1114 909 1171 accusatur,
962 1112 1114 1176 peccatum.

111 1200 179 1239 cum
193 1184 326 1242 differtur.
348 1186 486 1254 Quaeritur
506 1191 587 1247 etiam
598 1194 665 1264 qnid
680 1211 750 1266 opus
764 1197 801 1251 sit
812 1212 911 1255 manus
997 1192 1062 1249 Car.
1079 1193 1174 1251 XXXl.
1195 1194 1300 1251 Dicitur
1318 1198 1401 1251 etiam
1425 1212 1487 1251 cunr
1508 1194 1580 1253 lleus
1603 1196 1759 1261 condonat}

110 1278 171 1331 cito
185 1276 289 1348 imponi
302 1296 376 1335 nunc
393 1283 433 1336 rel
448 1283 610 1354 antiquitus,
627 1302 690 1341 cum
704 1297 909 1343 sacramentum
960 1287 1139 1357 110111111ῑί11,
1156 1287 1203 1343 sed
1224 1288 1619 1360 1611111111111111161111118111·
1636 1288 1753 1361 1111111011

107 1367 169 1439 jam
186 1378 344 1442 perceptum
358 1388 446 1444 usque
467 1375 501 1430 ad
516 1376 710 1434 discretionem
727 1378 852 1434 sufficiat.
878 1379 911 1434 Et
960 1376 1004 1430 cui
1019 1376 1102 1431 timor
1115 1378 1303 1449 poetritentiam
1317 1388 1439 1451 generat,
1452 1382 1540 1437 malus
1550 1391 1613 1437 est:
1627 1383 1753 1438 virenim

108 1462 181 1531 qnid
201 1479 251 1533 per
272 1465 508 1522 confirmationem
521 1470 689 1526 conferatur.
713 1470 748 1524 Et
761 1471 836 1541 quod
850 1472 909 1542 ipsa
960 1466 1049 1522 bonus
1065 1468 1125 1537 plus
1137 1469 1229 1525 horret
1244 1470 1350 1540 culpam
1362 1486 1444 1541 quant
1457 1472 1618 1543 gehennam.
1636 1470 1668 1527 tta
1679 1473 1753 1543 quod

109 1552 224 1623 dignior
237 1564 279 1611 esi
293 1557 444 1628 baplign103
459 1559 531 1615 unde
540 1568 567 1615 02
578 1568 683 1615 tantum
695 1564 833 1633 episcopis
843 1578 910 1619 0011.
959 1558 1007 1627 qul
1017 1556 1063 1610 dal
1077 1559 1202 1613 timorem
1218 1559 1289 1614 bntlb
1300 1560 1472 1630 poenibetttltt.
1491 1561 1567 1617 dabit
1580 1561 1663 1615 eiiam
1676 1576 1753 1616 amo.-

108 1643 242 1708 ceditur,
275 1653 302 1702 et
325 1648 399 1716 qnod
428 1657 630 1705 sacramentnm
659 1666 722 1705 curn
749 1651 909 1709 difficultate
958 1662 1017 1703 rem
1038 1656 1068 1703 ut
1081 1649 1117 1703 sit
1131 1648 1230 1719 dignus
1249 1651 1338 1705 uenia.
1365 1649 1483 1721 thuotl
1497 1651 1600 1723 absque
1618 1650 1752 1707 charitate

106 1735 242 1807 adeptam
257 1738 398 1809 magisest
409 1739 532 1810 dignum,
545 1743 692 1812 minusque
706 1743 905 1799 necessarium.
959 1746 987 1793 ct
1002 1738 1165 1809 poenitentia
1181 1738 1248 1793 nibil
1262 1746 1314 1804 est,
1330 1748 1357 1795 et
1372 1756 1464 1811 opera.
1482 1739 1515 1795 Et
1534 1740 1684 1811 quoddam
1698 1741 1752 1810 inj-

145 1825 213 1883 Cao.
229 1827 324 1885 XXlV,
346 1828 424 1885 Sicut
447 1846 504 1887 non
518 1832 582 1889 licet
594 1834 720 1904 quaedam
735 1845 907 1891 sacramenta
958 1828 1049 1899 quitas
1068 1827 1201 1899 diligitur,
1217 1830 1356 1899 praemium
1372 1846 1427 1885 non
1447 1830 1570 1886 babetur.
1587 1830 1620 1885 Et
1633 1832 1751 1903 qualiter

106 1916 220 1982 iterari,
234 1918 276 1973 sic
292 1918 416 1990 quedam
432 1921 495 1984 alia,
511 1921 565 1976 nisi
584 1923 685 1992 saepius
699 1932 837 1993 percepta,
854 1940 909 1979 non
925 1914 947 1969 B
959 1918 1057 1975 debeat
1068 1921 1182 1987 attendi,
1194 1937 1254 1992 quae
1269 1922 1324 1977 sint
1333 1922 1416 1989 bona,
1430 1931 1457 1979 et
1466 1938 1527 1995 qum
1538 1924 1619 1979 mala.

107 2008 264 2065 subiciunt.
280 2017 311 2065 ut
324 2010 463 2068 conlessio
477 2011 694 2069 etEucbaristia.
706 2012 813 2068 Dicitur
822 2014 907 2070 etiam
993 2010 1059 2067 Cer.
1076 2009 1185 2067 XXXll.
1204 2010 1362 2067 Ostendltur
1375 2014 1457 2069 etlam
1469 2014 1543 2084 quod
1554 2014 1616 2068 lieet
1627 2015 1750 2084 quando-

104 2098 187 2169 quod
209 2100 237 2154 in
256 2101 391 2171 spirituali
405 2103 507 2173 templo
521 2118 556 2157 ex
573 2103 709 2175 baptismo
728 2111 836 2160 constet
851 2105 908 2159 rir-
957 2118 1011 2174 qtte
1021 2103 1165 2159 rideantur
1178 2104 1250 2159 bona
1272 2120 1371 2160 nocere
1388 2112 1416 2161 et
1430 2105 1502 2161 mala
1516 2104 1658 2176 prodesse,
1678 2122 1750 2161 nun-

103 2193 156 2245 tus
166 2190 292 2259 aedilicii:
309 2192 383 2263 quod
396 2192 462 2247 dum
475 2193 604 2250 Christus
617 2196 814 2266 baptizaretur,
828 2196 907 2253 nobis
957 2212 1039 2268 quam
1055 2204 1146 2254 tamen
1159 2197 1199 2254 sic
1213 2212 1284 2253 esse.
1309 2194 1342 2251 Et
1361 2196 1434 2267 quod
1449 2198 1507 2253 sola
1521 2197 1643 2253 charitas
1660 2197 1750 2255 virum

100 2288 152 2338 est
166 2283 349 2339 insinuatum.
375 2284 480 2341 Caeoera
493 2294 584 2342 autem
598 2287 725 2343 decorem
740 2287 847 2344 iaciunt
861 2304 907 2344 sa·
956 2288 987 2343 in
1000 2288 1121 2345 bonitate
1144 2294 1230 2352 creat,
1255 2288 1361 2345 caeteris
1375 2287 1520 2343 virtutibus
1542 2294 1640 2343 natura
1663 2287 1762 2343 virtu--

103 2376 259 2432 mmentt.
956 2387 1011 2436 tem
1027 2381 1272 2437 accumulantibus.
1289 2378 1322 2435 Et
1332 2382 1431 2451 quibus
1446 2380 1521 2436 vitiis
1536 2380 1645 2436 interim
1655 2394 1750 2437 catere

143 2466 213 2525 Cur.
227 2466 311 2525 ttttt.
330 2467 490 2525 ostenditur
499 2470 582 2527 etiarn
597 2472 692 2543 quales
704 2480 801 2530 saneta
814 2472 902 2529 l'rini·
956 2488 1011 2528 non
1024 2474 1120 2544 possit.
1134 2472 1167 2527 Et
1179 2472 1245 2545 quitl
1259 2481 1354 2529 contra
1366 2486 1399 2527 ea
1412 2472 1545 2529 remediat

102 2566 153 2615 tas
163 2559 303 2631 baptismo
317 2561 462 2626 assistens,
477 2562 585 2619 ediciat.
602 2562 635 2619 lit
652 2565 726 2635 quod
740 2567 805 2621 licet
819 2566 905 2623 adulti
989 2564 1055 2621 Car.
1073 2564 1189 2622 XXXlll.
1212 2564 1346 2621 Subditur
1358 2574 1447 2619 autem
1458 2564 1588 2636 deinceps
1601 2565 1635 2621 de
1649 2578 1749 2621 concu-

101 2666 160 2723 per
173 2650 255 2707 iidem
265 2652 383 2709 virtutes
396 2653 553 2721 habuerint,
567 2664 660 2712 tamen
675 2673 723 2727 per
737 2658 904 2729 baptismum
955 2658 1087 2728 piscentia
1105 2667 1166 2730 post
1179 2658 1342 2728 baptismum
1357 2656 1497 2713 derelicta.
1512 2655 1545 2710 Et
1559 2657 1708 2715 venialibus
1721 2663 1749 2713 et

102 2743 289 2798 cumulantur
331 2743 365 2799 Et
385 2761 417 2800 er
443 2746 580 2818 baptismo
602 2748 701 2819 capitis
724 2750 903 2819 comperitur,
954 2764 1050 2805 eorum
1060 2758 1146 2804 reatu.
1163 2748 1197 2802 Et
1205 2750 1295 2805 venia.
1313 2747 1346 2802 Et
1357 2762 1453 2804 eorum
1467 2756 1540 2803 ortu.
1558 2746 1589 2803 Et
1603 2747 1748 2804 inuincibi·

100 2834 176 2904 quid
192 2834 270 2899 inde,
286 2836 430 2907 proveniat
443 2838 584 2895 membris.
607 2839 745 2906 Quaeritur
755 2843 839 2896 etlam
852 2857 904 2897 cur
956 2838 1031 2894 lium.
1053 2839 1087 2894 ttt
1106 2841 1243 2911 quomodo
1258 2840 1424 2895 increscant.
1451 2837 1485 2893 Et
1498 2854 1563 2909 erga
1584 2846 1701 2895 mentem
1721 2848 1749 2894 ot

99 2928 258 2999 baptizatis
274 2931 415 3002 aperiatur
434 2932 544 2990 coelum.
566 2932 601 2987 Et
615 2934 697 3004 quale
711 2932 794 2989 luerit
814 2934 904 3005 bapti·
953 2945 1054 3001 corpus
1067 2946 1097 2987 se
1110 2931 1222 2987 babent.
1239 2929 1272 2984 Et
1283 2930 1357 3002 quod
1372 2930 1399 2985 in
1411 2931 1526 3002 singulis
1540 2932 1661 3003 peccatis
1672 2931 1749 3003 quid-

98 3037 180 3088 sma,
199 3028 228 3079 et
248 3023 387 3093 quomodo
404 3024 609 3081 circumcisioni
633 3027 807 3098 prevalebat,
829 3028 903 3098 quod
952 3024 1016 3079 dam
1037 3030 1080 3079 est
1103 3023 1278 3089 invincibile,
1304 3022 1436 3095 quiddam
1457 3025 1572 3080 veniale.
1599 3023 1632 3079 Et
1653 3025 1749 3081 habitu

98 3116 228 3171 mortuis
241 3126 305 3172 aute
318 3118 486 3187 passionem,
501 3116 566 3173 licet
587 3118 734 3189 baptizatis
747 3119 832 3174 coelos
846 3133 903 3173 nou
953 3114 1054 3171 nentis
1068 3114 1097 3169 in
1111 3115 1200 3185 primo
1214 3122 1301 3170 motu.
1313 3114 1346 3169 Et
1364 3114 1399 3170 tle
1412 3115 1617 3173 deliberatione.
1633 3115 1667 3170 Et
1679 3132 1748 3188 qua·

97 3206 257 3276 aperiebat.
953 3208 988 3263 lis
1002 3208 1131 3278 quislibet
1142 3208 1189 3271 sit,
1207 3207 1272 3263 dum
1286 3208 1385 3263 dubius
1399 3206 1540 3264 deliberat.
1558 3208 1591 3263 Et
1604 3208 1678 3280 quod
1692 3223 1749 3267 nou

138 3299 209 3354 Car.
225 3296 322 3356 xxtt.
341 3297 486 3356 Dominum
499 3302 582 3358 etiam
596 3310 659 3374 post
672 3305 903 3360 resurrectionem
955 3312 1065 3368 setbptr
1087 3298 1223 3367 braebtdssr
1247 3312 1387 3353 assensus·
1422 3296 1490 3351 Nam
1518 3297 1608 3353 11111111
1634 3296 1750 3355 affectus

95 3389 139 3445 de
159 3390 312 3462 baptismo,
332 3398 360 3447 et
373 3393 451 3464 prius
471 3393 506 3451 tle
527 3395 743 3452 catechizatione
762 3395 904 3453 decretum
954 3391 1054 3447 tolerat
1064 3391 1178 3447 Invitus.
1197 3389 1231 3444 Et
1249 3389 1324 3461 quod
1339 3390 1387 3461 qui
1401 3404 1486 3460 pravo
1507 3388 1691 3455 1110ίυί11161,
1710 3390 1749 3457 ii·

94 3481 236 3539 carnisse
248 3482 360 3549 dicitur,
375 3482 509 3540 dicendo:
525 3483 625 3540 Eunias
637 3484 728 3540 docete
739 3503 827 3542 omnes
840 3503 904 3558 gen·
954 3489 998 3538 oet
1010 3482 1154 3539 dissentiat
1168 3482 1282 3547 actioni,
1293 3482 1382 3537 malus
1396 3487 1449 3537 est.
1464 3480 1550 3547 Quem
1564 3481 1587 3537 sl
1603 3480 1696 3536 statim
1707 3496 1744 3537 re.

95 3582 154 3639 tes,
171 3574 339 3644 baptizantes
356 3592 399 3631 eos
411 3578 439 3631 in
451 3578 556 3633 nomine
570 3578 664 3634 Petris
677 3587 703 3635 et
718 3578 786 3634 Filii
800 3587 826 3635 et
841 3578 903 3649 Spi-
953 3576 1110 3646 pressisset,
1121 3575 1211 3631 victor
1219 3575 1382 3639 exstitisset,
1398 3580 1504 3628 tantum
1519 3570 1690 3629 confusionis
1701 3574 1748 3629 ha·

93 3666 173 3719 ritas
186 3667 284 3731 sancti,
296 3669 545 3727 etcursubdatur:
562 3670 686 3743 Eceeepo
700 3671 903 3727 nobistantum
953 3666 1072 3733 biturus,
1094 3681 1175 3737 quam
1202 3666 1311 3721 mollius
1332 3665 1468 3723 sehabet.
1495 3662 1528 3719 bt
1548 3664 1616 3736 quid
1640 3664 1693 3721 erit
1711 3664 1750 3721 ab

92 3773 188 3827 taqtte
200 3756 235 3811 ed
246 3762 496 3815 commutationem
505 3764 607 3818 ementi,
626 3763 659 3818 Er
671 3780 722 3819 cur
732 3774 795 3822 anre
809 3780 903 3822 resur.
954 3774 1047 3815 amore
1059 3759 1131 3823 vitii,
1145 3764 1173 3814 et
1186 3758 1327 3814 voluntate
1341 3757 1483 3829 peccandi,
1497 3770 1528 3814 se
1542 3754 1701 3813 abstinenti.
1713 3752 1747 3810 Et

92 3849 260 3904 rectionem
274 3849 408 3921 baptisma
423 3867 516 3908 coram
531 3853 647 3911 Domino
660 3856 770 3928 publice
779 3857 817 3912 sit
831 3858 903 3915 cele·
954 3850 1253 3922 (11111110011111111181

90 3940 227 3996 1111111111·
244 3940 279 3996 Et
297 3943 371 4013 (111011
391 3943 456 3999 litet
476 3954 539 4002 ante
562 3949 720 4019 passionem
743 3949 902 4020 baptismati
988 3941 1054 3997 Cer.
1070 3938 1189 3995 XXXlll.
1211 3938 1316 3995 bieitur
1332 3938 1415 3994 etiam
1430 3939 1465 3994 de
1478 3938 1558 3995 bonis
1571 3938 1698 4003 mortuis,
1718 3944 1746 3995 et

91 4032 212 4103 aliquid
226 4049 242 4087 a
260 4034 430 4104 perfectione
445 4036 572 4104 deluerit,
587 4048 680 4097 tamen
698 4040 902 4098 circumcisioni
953 4034 1033 4089 malit
1045 4031 1170 4096 mortuis,
1182 4040 1209 4087 et
1221 4029 1344 4087 efficacia
1357 4030 1436 4087 boaae
1451 4030 1558 4087 arboris
1573 4036 1601 4085 et
1613 4031 1700 4089 malae.
1712 4028 1747 4087 Et

93 4123 260 4194 praevaluit.
951 4126 1025 4197 quod
1037 4133 1134 4181 neutra
1145 4123 1258 4179 alterius
1272 4129 1387 4195 usurpat
1398 4121 1514 4177 fructus.

133 4216 207 4272 Car.
223 4215 331 4272 xxttt.
351 4217 489 4285 Qnaeritur
512 4229 603 4277 autem
628 4229 722 4293 postea
751 4224 818 4295 quid
845 4225 902 4290 sit,
987 4215 1177 4274 Cli-XXXV·
1198 4212 1748 4283 011111111111111111111111111101131110

89 4308 178 4381 quud
200 4309 348 4380 baptizetis
368 4313 528 4382 aperiuntur
538 4315 611 4369 coell.
636 4312 670 4368 Et
693 4315 766 4384 quod
783 4314 901 4386 Spiritus
951 4319 980 4366 et
993 4324 1056 4381 quae
1070 4310 1097 4364 in
1111 4307 1203 4363 futuro
1216 4309 1336 4364 ualeant.
1352 4306 1385 4361 ttt
1399 4320 1459 4377 quae
1469 4321 1523 4360 non
1538 4312 1603 4361 sunt
1615 4305 1696 4360 bona.
1713 4304 1746 4360 Et

91 4406 222 4457 sanetus
244 4415 328 4471 super
349 4404 558 4461 catecbumenos
582 4405 751 4461 descendens
767 4407 819 4477 16
839 4408 900 4461 cul·
951 4404 1063 4476 quando
1074 4406 1109 4461 sit
1126 4404 1228 4459 malum
1243 4417 1322 4473 opus.
1339 4399 1495 4471 Ecquando
1512 4413 1565 4457 nec
1578 4399 1681 4455 bonum
1694 4414 1751 4457 neo-

92 4507 180 4565 pam,
205 4507 289 4563 super
307 4493 459 4565 baptizatos
478 4511 544 4551 uero
558 4496 737 4562 descendens,
761 4497 901 4554 coridonat
951 4498 1054 4551 malum
1065 4496 1176 4551 dicitur.
1189 4494 1222 4549 Et
1235 4502 1329 4550 utrum
1343 4492 1449 4565 prosint
1464 4508 1527 4548 vere
1542 4500 1649 4547 mortua
1661 4491 1749 4553 bona.

94 4599 230 4655 poenam.
915 4602 938 4657 p
987 4586 1051 4642 Car.
1069 4584 1187 4641 XXXlll.
1208 4584 1313 4640 Dicitur
1325 4583 1407 4639 etiam
1423 4598 1485 4654 quac
1495 4582 1566 4637 bona
1586 4596 1746 4638 remunera-

134 4676 208 4732 Car.
229 4674 347 4731 XXlllll.
377 4675 574 4733 Pronuntiatur
597 4678 680 4736 etiam
701 4681 847 4751 baptizatis
872 4688 900 4738 et
949 4678 1045 4743 tionis,
1068 4686 1096 4733 et
1109 4693 1169 4749 quae
1184 4677 1240 4733 sint
1254 4691 1378 4733 munera.
1400 4674 1434 4729 Et
1447 4691 1527 4746 quent
1547 4676 1637 4730 locunt
1652 4682 1751 4733 teneat

91 4785 161 4825 non
180 4776 246 4824 ante
264 4769 364 4823 coelum
378 4778 480 4841 patere,
503 4780 531 4827 et
545 4786 604 4827 cur.
629 4770 663 4825 Et
676 4772 723 4827 ubi
747 4772 850 4828 luerint
868 4773 900 4828 li·
948 4771 1057 4827 merita.
1078 4768 1111 4824 Et
1126 4768 1200 4841 quod
1214 4768 1343 4826 meritum
1360 4776 1403 4825 est
1417 4767 1466 4824 Del
1481 4767 1593 4826 denum.
1611 4764 1644 4821 tta
1655 4782 1745 4837 quan·

92 4860 207 4927 deles,
232 4860 281 4930 qui
306 4860 378 4915 inter
402 4864 632 4918 resurrectionem
657 4869 685 4919 et
707 4864 897 4920 ascensionem
949 4861 1039 4933 doque
1054 4862 1206 4932 praemium.

89 4949 210 5004 mortui
223 4956 298 5004 snut.
314 4947 347 5004 lit
358 4950 477 5021 quaudo,
490 4960 518 5007 et
529 4952 630 5022 quibus
639 4952 738 5007 ecclam
749 4954 897 5024 aperiatur.
983 4952 1050 5009 Car.
1065 4951 1196 5007 XXXllll.
1215 4953 1376 5009 Adnectitur
1386 4954 1492 5025 justum
1507 4952 1615 5009 cadere.
1627 4952 1661 5008 Et
1671 4953 1745 5009 unde

89 5038 130 5096 Et
145 5038 225 5110 quod
237 5056 295 5096 non
309 5040 459 5098 secundum
471 5044 679 5113 providentiam,
692 5045 741 5100 sed
754 5046 899 5115 presentia
948 5046 986 5101 sit
998 5044 1062 5117 quis
1077 5045 1180 5115 iustus.
1205 5046 1238 5101 Et
1252 5047 1390 5118 quomodo
1400 5046 1564 5103 charitatem
1577 5046 1682 5103 babens
1696 5061 1744 5101 ca-

89 5133 217 5197 merita,
239 5134 340 5189 coelum
353 5136 476 5205 aperitur
489 5137 531 5191 rel
544 5135 692 5191 clauditur.
947 5137 1005 5193 dat.
1030 5135 1065 5189 Et
1084 5137 1223 5207 quomodo
1242 5138 1363 5195 charitas
1387 5145 1453 5193 ttrnc
1476 5137 1513 5193 sit
1536 5134 1609 5200 lons,
1625 5137 1671 5191 cui
1687 5152 1743 5193 nott

130 5224 206 5281 Cae.
222 5224 319 5282 XXlX.
339 5226 445 5283 bicitur
456 5230 540 5284 etiam
554 5245 605 5284 cur
619 5230 691 5286 sicut
706 5229 735 5284 in
749 5229 897 5300 baptismo,
948 5228 1135 5285 communicat
1142 5231 1258 5289 alienus.
1275 5230 1308 5285 Et
1323 5230 1374 5301 17
1385 5229 1523 5303 quomodo
1538 5228 1660 5285 ebaritas
1671 5244 1743 5287 nun-

88 5333 159 5373 non
179 5316 313 5373 dicuutur
326 5320 389 5375 coeli
411 5321 497 5391 aperti
513 5321 542 5376 in
565 5321 748 5378 contessione.
772 5321 808 5376 Et
824 5321 898 5393 quod
948 5321 1161 5391 quamercidat.

88 5408 233 5484 quamvis
253 5412 369 5483 mystice
390 5412 556 5486 intelligatur
575 5416 660 5470 coelos
678 5413 790 5485 aperiri,
806 5421 898 5469 tamen
982 5410 1049 5467 Car.
1074 5412 1219 5471 XXXlllll.
1243 5413 1330 5482 Quem
1349 5414 1432 5471 etiam
1451 5413 1625 5485 prouidentia
1635 5413 1743 5485 iudicat

87 5500 265 5573 corporales
283 5503 356 5558 oculi
379 5506 559 5575 corporaliter
571 5504 723 5561 dissolutos
746 5519 898 5575 conspexe-
948 5503 1087 5571 alienum,
1113 5506 1248 5577 judicium
1269 5520 1432 5577 quandoque
1453 5508 1584 5577 pmbare,
1603 5504 1738 5563 subditur.

88 5602 179 5661 runt,
195 5594 306 5667 etquid
319 5596 459 5653 sitridere
472 5600 558 5655 ooelos
571 5608 692 5670 apertos.
707 5597 779 5665 Quid
791 5606 819 5654 et
833 5599 898 5653 item
946 5593 982 5649 Et
1003 5598 1143 5667 quomodo
1165 5600 1201 5657 sit
1220 5597 1435 5671 intelligendum,
1457 5597 1582 5656 Charites
1606 5614 1743 5671 namnam

89 5688 134 5744 sit
148 5684 230 5757 quod
249 5684 382 5742 boninus
402 5690 554 5745 ascendens
573 5689 608 5745 de
627 5704 708 5760 aqua,
728 5688 798 5743 vidit
813 5688 898 5743 ooelos
947 5688 1059 5749 eccidit.
1076 5690 1110 5746 Et
1128 5694 1218 5763 qualis
1233 5693 1268 5753 sit
1282 5701 1390 5749 terrena
1403 5692 1534 5759 charitas,
1549 5692 1640 5764 qualis
1652 5698 1742 5747 matu-

88 5786 228 5851 apertos,
244 5786 273 5833 et
287 5778 364 5849 prius
379 5777 878 5850 Spiritumsauctumdesoendeatem.
948 5782 1061 5841 ritatem
1086 5786 1361 5860 numismatum
1380 5784 1495 5859 graelum
1514 5772 1634 5861 perlecta
1649 5782 1742 5843 videa·
1783 5808 1790 5833 ν

130 5875 206 5933 Car.
222 5871 309 5930 ttxx.
327 5874 451 5943 Additur,
473 5882 536 5944 poet
552 5875 669 5933 tractum
687 5873 814 5948 baptismi
829 5888 896 5946 pac·
949 5884 996 5934 tur
1013 5878 1059 5936 iric
1072 5882 1182 5941 mereri.
