<?xml version="1.0" encoding="UTF-8"?>
<!DOCTYPE html PUBLIC "-//W3C//DTD XHTML 1.0 Transitional//EN"
    "http://www.w3.org/TR/xhtml1/DTD/xhtml1-transitional.dtd">
<html xmlns="http://www.w3.org/1999/xhtml" xml:lang="en" lang="en">
 <head>
  <title>
</title>
<meta http-equiv="Content-Type" content="text/html;charset=utf-8" />
  <meta name='ocr-system' content='tesseract 3.04.00' />
  <meta name='ocr-capabilities' content='ocr_page ocr_carea ocr_par ocr_line ocrx_word'/>
</head>
<body>
  <div class='ocr_page' id='page_1' title='image "./patrologiaecurs141migngoog/patrologiaecurs141migngoog_0658.png"; bbox 0 0 3967 6334; ppageno 0'>
   <div class='ocr_carea' id='block_1_1' title="bbox 261 359 1890 422">
    <p class='ocr_par' dir='ltr' id='par_1_1' title="bbox 261 359 1890 422">
     <span class='ocr_line' id='line_1_1' title="bbox 261 359 1890 422; baseline 0.004 -8"><span class='ocrx_word' id='word_1_1' title='bbox 261 359 330 414; x_wconf 77' lang='lat' dir='ltr'><strong>lant</strong></span> <span class='ocrx_word' id='word_1_2' title='bbox 431 417 433 422; x_wconf 72' lang='grc'>,</span> <span class='ocrx_word' id='word_1_3' title='bbox 823 361 960 419; x_wconf 72' lang='lat' dir='ltr'><strong>sonanti</strong></span> <span class='ocrx_word' id='word_1_4' title='bbox 977 361 1122 420; x_wconf 78' lang='lat' dir='ltr'><strong>assatis</strong></span> <span class='ocrx_word' id='word_1_5' title='bbox 1143 361 1171 420; x_wconf 79' lang='lat' dir='ltr'><strong>S.</strong></span> <span class='ocrx_word' id='word_1_6' title='bbox 1190 362 1340 420; x_wconf 80' lang='lat' dir='ltr'><strong>ntentsn</strong></span> <span class='ocrx_word' id='word_1_7' title='bbox 1822 366 1890 421; x_wconf 62' lang='lat' dir='ltr'><strong>lino</strong></span> 
     </span>
    </p>
   </div>
   <div class='ocr_carea' id='block_1_2' title="bbox 248 471 1892 4970">
    <p class='ocr_par' dir='ltr' id='par_1_2' title="bbox 248 471 1892 4970">
     <span class='ocr_line' id='line_1_2' title="bbox 259 471 1889 554; baseline -0.001 -23"><span class='ocrx_word' id='word_1_8' title='bbox 259 471 405 531; x_wconf 83' lang='lat' dir='ltr'><strong>exlrilaratl</strong></span> <span class='ocrx_word' id='word_1_9' title='bbox 426 475 572 546; x_wconf 82' lang='lat' dir='ltr'><strong>presentia</strong></span> <span class='ocrx_word' id='word_1_10' title='bbox 589 473 709 534; x_wconf 86' lang='lat' dir='ltr'><strong>Sabbata</strong></span> <span class='ocrx_word' id='word_1_11' title='bbox 735 476 856 533; x_wconf 88' lang='lat' dir='ltr'><strong>bostium</strong></span> <span class='ocrx_word' id='word_1_12' title='bbox 874 477 1047 542; x_wconf 87' lang='lat' dir='ltr'><strong>deridebant,</strong></span> <span class='ocrx_word' id='word_1_13' title='bbox 1063 479 1157 544; x_wconf 73' lang='lat' dir='ltr'><strong>Asiae,</strong></span> <span class='ocrx_word' id='word_1_14' title='bbox 1172 485 1200 534; x_wconf 91' lang='lat' dir='ltr'><strong>et</strong></span> <span class='ocrx_word' id='word_1_15' title='bbox 1209 479 1346 550; x_wconf 87' lang='lat' dir='ltr'><strong>opacitate</strong></span> <span class='ocrx_word' id='word_1_16' title='bbox 1361 478 1512 537; x_wconf 79' lang='lat' dir='ltr'><strong>vicinarum</strong></span> <span class='ocrx_word' id='word_1_17' title='bbox 1534 481 1678 538; x_wconf 89' lang='lat' dir='ltr'><strong>domomm</strong></span> <span class='ocrx_word' id='word_1_18' title='bbox 1697 481 1889 554; x_wconf 83' lang='lat' dir='ltr'><strong>incognitum:</strong></span> 
     </span>
     <span class='ocr_line' id='line_1_3' title="bbox 259 566 1892 646; baseline 0.006 -25"><span class='ocrx_word' id='word_1_19' title='bbox 259 566 408 638; x_wconf 83' lang='lat' dir='ltr'><strong>nrrrltisque</strong></span> <span class='ocrx_word' id='word_1_20' title='bbox 432 568 564 625; x_wconf 83' lang='lat' dir='ltr'><strong>conviciis</strong></span> <span class='ocrx_word' id='word_1_21' title='bbox 587 577 614 626; x_wconf 90' lang='lat' dir='ltr'><strong>et</strong></span> <span class='ocrx_word' id='word_1_22' title='bbox 634 569 789 641; x_wconf 81' lang='lat' dir='ltr'><strong>opprobriis</strong></span> <span class='ocrx_word' id='word_1_23' title='bbox 812 569 999 637; x_wconf 80' lang='lat' dir='ltr'><strong>lacessentes,</strong></span> <span class='ocrx_word' id='word_1_24' title='bbox 1013 569 1049 626; x_wconf 90' lang='lat' dir='ltr'><strong>ad</strong></span> <span class='ocrx_word' id='word_1_25' title='bbox 1099 572 1224 643; x_wconf 88' lang='lat' dir='ltr'><strong>quicum</strong></span> <span class='ocrx_word' id='word_1_26' title='bbox 1242 572 1517 644; x_wconf 81' lang='lat' dir='ltr'><strong>fugitivossuosjam</strong></span> <span class='ocrx_word' id='word_1_27' title='bbox 1538 586 1706 646; x_wconf 77' lang='lat' dir='ltr'><strong>perportam</strong></span> <span class='ocrx_word' id='word_1_28' title='bbox 1722 576 1892 631; x_wconf 77' lang='lat' dir='ltr'><strong>exireride·</strong></span> 
     </span>
     <span class='ocr_line' id='line_1_4' title="bbox 259 647 1891 738; baseline 0.004 -24"><span class='ocrx_word' id='word_1_29' title='bbox 259 647 431 731; x_wconf 90' lang='lat' dir='ltr'><strong>reciprocum</strong></span> <span class='ocrx_word' id='word_1_30' title='bbox 443 663 577 717; x_wconf 91' lang='lat' dir='ltr'><strong>assultum</strong></span> <span class='ocrx_word' id='word_1_31' title='bbox 591 678 635 719; x_wconf 90' lang='lat' dir='ltr'><strong>me</strong></span> <span class='ocrx_word' id='word_1_32' title='bbox 650 663 776 720; x_wconf 85' lang='lat' dir='ltr'><strong>invitaet</strong></span> <span class='ocrx_word' id='word_1_33' title='bbox 794 663 1048 734; x_wconf 81' lang='lat' dir='ltr'><strong>prohibenterero·</strong></span> <span class='ocrx_word' id='word_1_34' title='bbox 1098 669 1151 727; x_wconf 92' lang='lat' dir='ltr'><strong>ret,</strong></span> <span class='ocrx_word' id='word_1_35' title='bbox 1169 670 1315 733; x_wconf 90' lang='lat' dir='ltr'><strong>pausatum</strong></span> <span class='ocrx_word' id='word_1_36' title='bbox 1336 664 1486 719; x_wconf 81' lang='lat' dir='ltr'><strong>exercitum</strong></span> <span class='ocrx_word' id='word_1_37' title='bbox 1510 665 1619 722; x_wconf 89' lang='lat' dir='ltr'><strong>lassatis</strong></span> <span class='ocrx_word' id='word_1_38' title='bbox 1644 667 1730 738; x_wconf 78' lang='lat' dir='ltr'><strong>regiis</strong></span> <span class='ocrx_word' id='word_1_39' title='bbox 1753 667 1891 721; x_wconf 71' lang='lat' dir='ltr'>militibus</span> 
     </span>
     <span class='ocr_line' id='line_1_5' title="bbox 260 752 1890 828; baseline 0 -18"><span class='ocrx_word' id='word_1_40' title='bbox 260 755 370 810; x_wconf 78' lang='lat' dir='ltr'><strong>cabant.</strong></span> <span class='ocrx_word' id='word_1_41' title='bbox 387 752 487 810; x_wconf 87' lang='lat' dir='ltr'><strong>ilerum</strong></span> <span class='ocrx_word' id='word_1_42' title='bbox 511 763 543 810; x_wconf 90' lang='lat' dir='ltr'><strong>ut</strong></span> <span class='ocrx_word' id='word_1_43' title='bbox 557 770 601 812; x_wconf 91' lang='lat' dir='ltr'><strong>mc</strong></span> <span class='ocrx_word' id='word_1_44' title='bbox 614 757 736 820; x_wconf 87' lang='lat' dir='ltr'><strong>absente,</strong></span> <span class='ocrx_word' id='word_1_45' title='bbox 763 755 803 812; x_wconf 91' lang='lat' dir='ltr'><strong>sic</strong></span> <span class='ocrx_word' id='word_1_46' title='bbox 820 763 847 812; x_wconf 91' lang='lat' dir='ltr'><strong>et</strong></span> <span class='ocrx_word' id='word_1_47' title='bbox 861 763 1006 827; x_wconf 81' lang='lat' dir='ltr'><strong>praesente,</strong></span> <span class='ocrx_word' id='word_1_48' title='bbox 1021 762 1049 811; x_wconf 90' lang='lat' dir='ltr'><strong>et</strong></span> <span class='ocrx_word' id='word_1_49' title='bbox 1098 756 1222 828; x_wconf 90' lang='lat' dir='ltr'><strong>opponit,</strong></span> <span class='ocrx_word' id='word_1_50' title='bbox 1245 757 1407 828; x_wconf 82' lang='lat' dir='ltr'><strong>gravissime</strong></span> <span class='ocrx_word' id='word_1_51' title='bbox 1428 757 1613 828; x_wconf 71' lang='lat' dir='ltr'><strong>impetitori</strong></span> <span class='ocrx_word' id='word_1_52' title='bbox 1637 769 1730 814; x_wconf 86' lang='lat' dir='ltr'><strong>autern</strong></span> <span class='ocrx_word' id='word_1_53' title='bbox 1755 759 1890 828; x_wconf 66' lang='lat' dir='ltr'><strong>marim</strong></span> 
     </span>
     <span class='ocr_line' id='line_1_6' title="bbox 260 845 1891 922; baseline 0.001 -20"><span class='ocrx_word' id='word_1_54' title='bbox 260 846 420 902; x_wconf 90' lang='lat' dir='ltr'><strong>defensores</strong></span> <span class='ocrx_word' id='word_1_55' title='bbox 441 854 469 902; x_wconf 91' lang='lat' dir='ltr'><strong>et</strong></span> <span class='ocrx_word' id='word_1_56' title='bbox 488 845 673 903; x_wconf 88' lang='lat' dir='ltr'><strong>defensionem</strong></span> <span class='ocrx_word' id='word_1_57' title='bbox 684 845 787 922; x_wconf 32' lang='lat' dir='ltr'><strong>‘divina</strong></span> <span class='ocrx_word' id='word_1_58' title='bbox 806 861 904 902; x_wconf 89' lang='lat' dir='ltr'><strong>marrus</strong></span> <span class='ocrx_word' id='word_1_59' title='bbox 918 847 1047 917; x_wconf 78' lang='lat' dir='ltr'><strong>protexit.</strong></span> <span class='ocrx_word' id='word_1_60' title='bbox 1099 846 1242 918; x_wconf 79' lang='lat' dir='ltr'><strong>fugabant,</strong></span> <span class='ocrx_word' id='word_1_61' title='bbox 1267 849 1415 903; x_wconf 90' lang='lat' dir='ltr'><strong>loricarum</strong></span> <span class='ocrx_word' id='word_1_62' title='bbox 1437 856 1464 903; x_wconf 89' lang='lat' dir='ltr'><strong>et</strong></span> <span class='ocrx_word' id='word_1_63' title='bbox 1486 864 1625 904; x_wconf 90' lang='lat' dir='ltr'><strong>armorum</strong></span> <span class='ocrx_word' id='word_1_64' title='bbox 1644 849 1784 920; x_wconf 71' lang='lat' dir='ltr'><strong>gravitate</strong></span> <span class='ocrx_word' id='word_1_65' title='bbox 1806 851 1891 920; x_wconf 82' lang='lat' dir='ltr'><strong>pedes</strong></span> 
     </span>
     <span class='ocr_line' id='line_1_7' title="bbox 259 937 1890 1014; baseline 0 -18"><span class='ocrx_word' id='word_1_66' title='bbox 259 939 383 1010; x_wconf 84' lang='lat' dir='ltr'><strong>Cumque</strong></span> <span class='ocrx_word' id='word_1_67' title='bbox 395 947 552 996; x_wconf 90' lang='lat' dir='ltr'><strong>nostrorum</strong></span> <span class='ocrx_word' id='word_1_68' title='bbox 574 939 654 1011; x_wconf 90' lang='lat' dir='ltr'><strong>pauci</strong></span> <span class='ocrx_word' id='word_1_69' title='bbox 671 939 705 994; x_wconf 88' lang='lat' dir='ltr'><strong>dc</strong></span> <span class='ocrx_word' id='word_1_70' title='bbox 720 937 830 1008; x_wconf 90' lang='lat' dir='ltr'><strong>paucis,</strong></span> <span class='ocrx_word' id='word_1_71' title='bbox 852 953 947 994; x_wconf 91' lang='lat' dir='ltr'><strong>eornm</strong></span> <span class='ocrx_word' id='word_1_72' title='bbox 969 937 1048 992; x_wconf 92' lang='lat' dir='ltr'><strong>multi</strong></span> <span class='ocrx_word' id='word_1_73' title='bbox 1099 941 1380 1012; x_wconf 72' lang='lat' dir='ltr'><strong>gravatiordinatanr</strong></span> <span class='ocrx_word' id='word_1_74' title='bbox 1388 941 1511 1011; x_wconf 84' lang='lat' dir='ltr'><strong>equitum</strong></span> <span class='ocrx_word' id='word_1_75' title='bbox 1520 941 1592 1014; x_wconf 64' lang='lat' dir='ltr'><strong>iilo)</strong></span> <span class='ocrx_word' id='word_1_76' title='bbox 1601 942 1688 998; x_wconf 87' lang='lat' dir='ltr'><strong>aciem</strong></span> <span class='ocrx_word' id='word_1_77' title='bbox 1696 943 1890 997; x_wconf 78' lang='lat' dir='ltr'><strong>rixsnstinrre</strong></span> 
     </span>
     <span class='ocr_line' id='line_1_8' title="bbox 258 1029 1891 1105; baseline 0.002 -19"><span class='ocrx_word' id='word_1_78' title='bbox 258 1031 294 1088; x_wconf 87' lang='lat' dir='ltr'><strong>de</strong></span> <span class='ocrx_word' id='word_1_79' title='bbox 309 1031 404 1087; x_wconf 89' lang='lat' dir='ltr'><strong>multis</strong></span> <span class='ocrx_word' id='word_1_80' title='bbox 424 1031 561 1087; x_wconf 79' lang='lat' dir='ltr'><strong>vulnerati</strong></span> <span class='ocrx_word' id='word_1_81' title='bbox 576 1030 733 1092; x_wconf 84' lang='lat' dir='ltr'><strong>delicerent,</strong></span> <span class='ocrx_word' id='word_1_82' title='bbox 757 1030 804 1085; x_wconf 89' lang='lat' dir='ltr'><strong>alii</strong></span> <span class='ocrx_word' id='word_1_83' title='bbox 824 1029 969 1102; x_wconf 92' lang='lat' dir='ltr'><strong>multiplici</strong></span> <span class='ocrx_word' id='word_1_84' title='bbox 983 1045 1049 1084; x_wconf 89' lang='lat' dir='ltr'><strong>suo·</strong></span> <span class='ocrx_word' id='word_1_85' title='bbox 1097 1034 1230 1098; x_wconf 79' lang='lat' dir='ltr'><strong>ualentes,</strong></span> <span class='ocrx_word' id='word_1_86' title='bbox 1248 1039 1469 1104; x_wconf 89' lang='lat' dir='ltr'><strong>peroccupatnm</strong></span> <span class='ocrx_word' id='word_1_87' title='bbox 1485 1030 1619 1089; x_wconf 87' lang='lat' dir='ltr'><strong>fossatum</strong></span> <span class='ocrx_word' id='word_1_88' title='bbox 1632 1050 1696 1088; x_wconf 90' lang='lat' dir='ltr'><strong>cum</strong></span> <span class='ocrx_word' id='word_1_89' title='bbox 1712 1035 1808 1105; x_wconf 84' lang='lat' dir='ltr'><strong>pedite</strong></span> <span class='ocrx_word' id='word_1_90' title='bbox 1827 1050 1891 1104; x_wconf 81' lang='lat' dir='ltr'><strong>rege</strong></span> 
     </span>
     <span class='ocr_line' id='line_1_9' title="bbox 257 1120 1889 1195; baseline 0.001 -18"><span class='ocrx_word' id='word_1_91' title='bbox 257 1139 319 1178; x_wconf 86' lang='lat' dir='ltr'><strong>ruiu</strong></span> <span class='ocrx_word' id='word_1_92' title='bbox 339 1121 436 1177; x_wconf 83' lang='lat' dir='ltr'><strong>lectica</strong></span> <span class='ocrx_word' id='word_1_93' title='bbox 457 1121 645 1192; x_wconf 82' lang='lat' dir='ltr'><strong>deportantur,</strong></span> <span class='ocrx_word' id='word_1_94' title='bbox 668 1121 713 1174; x_wconf 90' lang='lat' dir='ltr'><strong>alii</strong></span> <span class='ocrx_word' id='word_1_95' title='bbox 735 1134 798 1175; x_wconf 91' lang='lat' dir='ltr'><strong>raro</strong></span> <span class='ocrx_word' id='word_1_96' title='bbox 821 1120 954 1176; x_wconf 84' lang='lat' dir='ltr'><strong>vilissimo</strong></span> <span class='ocrx_word' id='word_1_97' title='bbox 968 1130 1049 1176; x_wconf 83' lang='lat' dir='ltr'><strong>terras</strong></span> <span class='ocrx_word' id='word_1_98' title='bbox 1098 1131 1161 1195; x_wconf 79' lang='lat' dir='ltr'><strong>post</strong></span> <span class='ocrx_word' id='word_1_99' title='bbox 1177 1122 1335 1179; x_wconf 90' lang='lat' dir='ltr'><strong>innumeros</strong></span> <span class='ocrx_word' id='word_1_100' title='bbox 1358 1123 1441 1188; x_wconf 91' lang='lat' dir='ltr'><strong>ictus,</strong></span> <span class='ocrx_word' id='word_1_101' title='bbox 1462 1130 1526 1195; x_wconf 88' lang='lat' dir='ltr'><strong>post</strong></span> <span class='ocrx_word' id='word_1_102' title='bbox 1546 1125 1654 1195; x_wconf 89' lang='lat' dir='ltr'><strong>longam</strong></span> <span class='ocrx_word' id='word_1_103' title='bbox 1670 1124 1833 1179; x_wconf 85' lang='lat' dir='ltr'><strong>alternatim</strong></span> <span class='ocrx_word' id='word_1_104' title='bbox 1845 1125 1889 1178; x_wconf 89' lang='lat' dir='ltr'><strong>di·</strong></span> 
     </span>
     <span class='ocr_line' id='line_1_10' title="bbox 257 1213 1888 1286; baseline 0.001 -17"><span class='ocrx_word' id='word_1_105' title='bbox 257 1230 357 1286; x_wconf 89' lang='lat' dir='ltr'><strong>aggere</strong></span> <span class='ocrx_word' id='word_1_106' title='bbox 371 1215 483 1278; x_wconf 83' lang='lat' dir='ltr'><strong>retrusi,</strong></span> <span class='ocrx_word' id='word_1_107' title='bbox 500 1229 562 1268; x_wconf 89' lang='lat' dir='ltr'><strong>cras</strong></span> <span class='ocrx_word' id='word_1_108' title='bbox 576 1219 623 1267; x_wconf 89' lang='lat' dir='ltr'><strong>aut</strong></span> <span class='ocrx_word' id='word_1_109' title='bbox 642 1219 704 1283; x_wconf 91' lang='lat' dir='ltr'><strong>post</strong></span> <span class='ocrx_word' id='word_1_110' title='bbox 727 1228 789 1268; x_wconf 88' lang='lat' dir='ltr'><strong>cras</strong></span> <span class='ocrx_word' id='word_1_111' title='bbox 811 1213 950 1269; x_wconf 84' lang='lat' dir='ltr'><strong>morsibus</strong></span> <span class='ocrx_word' id='word_1_112' title='bbox 969 1214 1049 1285; x_wconf 88' lang='lat' dir='ltr'><strong>lupo·</strong></span> <span class='ocrx_word' id='word_1_113' title='bbox 1098 1214 1271 1270; x_wconf 79' lang='lat' dir='ltr'><strong>mirationem</strong></span> <span class='ocrx_word' id='word_1_114' title='bbox 1302 1223 1548 1270; x_wconf 85' lang='lat' dir='ltr'><strong>retrocesserunt:</strong></span> <span class='ocrx_word' id='word_1_115' title='bbox 1581 1222 1716 1286; x_wconf 89' lang='lat' dir='ltr'><strong>quantum</strong></span> <span class='ocrx_word' id='word_1_116' title='bbox 1751 1214 1888 1286; x_wconf 72' lang='lat' dir='ltr'><strong>sapiaentia</strong></span> 
     </span>
     <span class='ocr_line' id='line_1_11' title="bbox 257 1281 1888 1381; baseline -0.001 -17"><span class='ocrx_word' id='word_1_117' title='bbox 257 1326 320 1365; x_wconf 93' lang='lat' dir='ltr'><strong>rum</strong></span> <span class='ocrx_word' id='word_1_118' title='bbox 330 1308 483 1381; x_wconf 86' lang='lat' dir='ltr'><strong>exponendi</strong></span> <span class='ocrx_word' id='word_1_119' title='bbox 498 1281 678 1380; x_wconf 74' lang='lat' dir='ltr'><strong>reponuntur.</strong></span> <span class='ocrx_word' id='word_1_120' title='bbox 694 1305 749 1362; x_wconf 87' lang='lat' dir='ltr'><strong>Nec</strong></span> <span class='ocrx_word' id='word_1_121' title='bbox 768 1307 833 1362; x_wconf 91' lang='lat' dir='ltr'><strong>dum</strong></span> <span class='ocrx_word' id='word_1_122' title='bbox 843 1306 985 1362; x_wconf 86' lang='lat' dir='ltr'><strong>Puteolum</strong></span> <span class='ocrx_word' id='word_1_123' title='bbox 1001 1323 1048 1364; x_wconf 91' lang='lat' dir='ltr'><strong>re·</strong></span> <span class='ocrx_word' id='word_1_124' title='bbox 1098 1313 1207 1376; x_wconf 80' lang='lat' dir='ltr'><strong>praestet</strong></span> <span class='ocrx_word' id='word_1_125' title='bbox 1219 1305 1349 1364; x_wconf 81' lang='lat' dir='ltr'><strong>audaciae.</strong></span> <span class='ocrx_word' id='word_1_126' title='bbox 1363 1306 1427 1360; x_wconf 85' lang='lat' dir='ltr'><strong>licet</strong></span> <span class='ocrx_word' id='word_1_127' title='bbox 1452 1321 1514 1361; x_wconf 88' lang='lat' dir='ltr'><strong>sero</strong></span> <span class='ocrx_word' id='word_1_128' title='bbox 1529 1305 1810 1368; x_wconf 73' lang='lat' dir='ltr'><strong>adnimadvertentes.</strong></span> <span class='ocrx_word' id='word_1_129' title='bbox 1825 1321 1888 1362; x_wconf 82' lang='lat' dir='ltr'><strong>caru</strong></span> 
     </span>
     <span class='ocr_line' id='line_1_12' title="bbox 255 1397 1888 1476; baseline -0.001 -21"><span class='ocrx_word' id='word_1_130' title='bbox 255 1401 330 1476; x_wconf 85' lang='lat' dir='ltr'><strong>pulsi</strong></span> <span class='ocrx_word' id='word_1_131' title='bbox 343 1401 491 1465; x_wconf 90' lang='lat' dir='ltr'><strong>redierant,</strong></span> <span class='ocrx_word' id='word_1_132' title='bbox 503 1415 565 1454; x_wconf 91' lang='lat' dir='ltr'><strong>cum</strong></span> <span class='ocrx_word' id='word_1_133' title='bbox 581 1397 960 1464; x_wconf 86' lang='lat' dir='ltr'><strong>GuillelmnsGarlandensis‚</strong></span> <span class='ocrx_word' id='word_1_134' title='bbox 974 1401 1048 1456; x_wconf 88' lang='lat' dir='ltr'><strong>etde</strong></span> <span class='ocrx_word' id='word_1_135' title='bbox 1098 1397 1121 1453; x_wconf 87' lang='lat' dir='ltr'><strong>si</strong></span> <span class='ocrx_word' id='word_1_136' title='bbox 1143 1414 1191 1454; x_wconf 91' lang='lat' dir='ltr'><strong>eos</strong></span> <span class='ocrx_word' id='word_1_137' title='bbox 1206 1397 1327 1452; x_wconf 88' lang='lat' dir='ltr'><strong>ordinati</strong></span> <span class='ocrx_word' id='word_1_138' title='bbox 1347 1398 1377 1453; x_wconf 92' lang='lat' dir='ltr'><strong>in</strong></span> <span class='ocrx_word' id='word_1_139' title='bbox 1399 1413 1496 1468; x_wconf 92' lang='lat' dir='ltr'><strong>campo</strong></span> <span class='ocrx_word' id='word_1_140' title='bbox 1518 1405 1725 1469; x_wconf 77' lang='lat' dir='ltr'><strong>exspectarent,</strong></span> <span class='ocrx_word' id='word_1_141' title='bbox 1752 1400 1888 1454; x_wconf 72' lang='lat' dir='ltr'><strong>voluntat</strong></span> 
     </span>
     <span class='ocr_line' id='line_1_13' title="bbox 259 1489 1887 1563; baseline 0.001 -19"><span class='ocrx_word' id='word_1_142' title='bbox 259 1491 362 1546; x_wconf 88' lang='lat' dir='ltr'><strong>familia</strong></span> <span class='ocrx_word' id='word_1_143' title='bbox 374 1492 446 1562; x_wconf 91' lang='lat' dir='ltr'><strong>regis</strong></span> <span class='ocrx_word' id='word_1_144' title='bbox 456 1491 634 1562; x_wconf 90' lang='lat' dir='ltr'><strong>quamplures</strong></span> <span class='ocrx_word' id='word_1_145' title='bbox 657 1491 839 1563; x_wconf 87' lang='lat' dir='ltr'><strong>promptiores</strong></span> <span class='ocrx_word' id='word_1_146' title='bbox 856 1500 882 1547; x_wconf 93' lang='lat' dir='ltr'><strong>et</strong></span> <span class='ocrx_word' id='word_1_147' title='bbox 902 1491 1048 1547; x_wconf 87' lang='lat' dir='ltr'><strong>validiores</strong></span> <span class='ocrx_word' id='word_1_148' title='bbox 1098 1505 1155 1546; x_wconf 76' lang='lat' dir='ltr'><strong>sue</strong></span> <span class='ocrx_word' id='word_1_149' title='bbox 1168 1506 1216 1546; x_wconf 91' lang='lat' dir='ltr'><strong>eos</strong></span> <span class='ocrx_word' id='word_1_150' title='bbox 1234 1491 1346 1546; x_wconf 91' lang='lat' dir='ltr'><strong>omnino</strong></span> <span class='ocrx_word' id='word_1_151' title='bbox 1359 1491 1547 1562; x_wconf 76' lang='lat' dir='ltr'><strong>subjugarent.</strong></span> <span class='ocrx_word' id='word_1_152' title='bbox 1564 1489 1753 1555; x_wconf 65' lang='lat' dir='ltr'><strong>torniacum</strong></span> <span class='ocrx_word' id='word_1_153' title='bbox 1767 1491 1887 1546; x_wconf 78' lang='lat' dir='ltr'><strong>aciem</strong></span> 
     </span>
     <span class='ocr_line' id='line_1_14' title="bbox 259 1581 1885 1654; baseline -0.001 -16"><span class='ocrx_word' id='word_1_154' title='bbox 259 1583 369 1648; x_wconf 81' lang='lat' dir='ltr'><strong>armati,</strong></span> <span class='ocrx_word' id='word_1_155' title='bbox 383 1583 455 1638; x_wconf 82' lang='lat' dir='ltr'><strong>uillae</strong></span> <span class='ocrx_word' id='word_1_156' title='bbox 469 1581 613 1654; x_wconf 88' lang='lat' dir='ltr'><strong>suflragari</strong></span> <span class='ocrx_word' id='word_1_157' title='bbox 629 1583 798 1649; x_wconf 87' lang='lat' dir='ltr'><strong>accelerant;</strong></span> <span class='ocrx_word' id='word_1_158' title='bbox 812 1599 860 1639; x_wconf 88' lang='lat' dir='ltr'><strong>eos</strong></span> <span class='ocrx_word' id='word_1_159' title='bbox 883 1583 957 1638; x_wconf 91' lang='lat' dir='ltr'><strong>circa</strong></span> <span class='ocrx_word' id='word_1_160' title='bbox 972 1583 1049 1639; x_wconf 83' lang='lat' dir='ltr'><strong>inre·</strong></span> <span class='ocrx_word' id='word_1_161' title='bbox 1098 1581 1258 1638; x_wconf 89' lang='lat' dir='ltr'><strong>confusione</strong></span> <span class='ocrx_word' id='word_1_162' title='bbox 1269 1583 1362 1647; x_wconf 91' lang='lat' dir='ltr'><strong>soluti,</strong></span> <span class='ocrx_word' id='word_1_163' title='bbox 1377 1598 1427 1637; x_wconf 84' lang='lat' dir='ltr'><strong>nec</strong></span> <span class='ocrx_word' id='word_1_164' title='bbox 1447 1598 1533 1652; x_wconf 88' lang='lat' dir='ltr'><strong>equos</strong></span> <span class='ocrx_word' id='word_1_165' title='bbox 1547 1597 1612 1646; x_wconf 86' lang='lat' dir='ltr'><strong>suos</strong></span> <span class='ocrx_word' id='word_1_166' title='bbox 1629 1583 1787 1653; x_wconf 72' lang='lat' dir='ltr'><strong>reperirent</strong></span> <span class='ocrx_word' id='word_1_167' title='bbox 1801 1583 1885 1649; x_wconf 64' lang='lat' dir='ltr'><strong>(illi,</strong></span> 
     </span>
     <span class='ocr_line' id='line_1_15' title="bbox 259 1673 1886 1746; baseline -0.002 -14"><span class='ocrx_word' id='word_1_168' title='bbox 259 1677 320 1732; x_wconf 91' lang='lat' dir='ltr'><strong>nire</strong></span> <span class='ocrx_word' id='word_1_169' title='bbox 330 1674 364 1730; x_wconf 91' lang='lat' dir='ltr'><strong>ad</strong></span> <span class='ocrx_word' id='word_1_170' title='bbox 379 1675 567 1730; x_wconf 86' lang='lat' dir='ltr'><strong>ostentandam</strong></span> <span class='ocrx_word' id='word_1_171' title='bbox 592 1674 666 1746; x_wconf 71' lang='lat'><strong>(208)</strong></span> <span class='ocrx_word' id='word_1_172' title='bbox 683 1676 762 1746; x_wconf 84' lang='lat' dir='ltr'><strong>regiae</strong></span> <span class='ocrx_word' id='word_1_173' title='bbox 780 1675 885 1730; x_wconf 84' lang='lat' dir='ltr'><strong>militiae</strong></span> <span class='ocrx_word' id='word_1_174' title='bbox 906 1676 1048 1731; x_wconf 88' lang='lat' dir='ltr'><strong>audaciam</strong></span> <span class='ocrx_word' id='word_1_175' title='bbox 1097 1689 1148 1728; x_wconf 90' lang='lat' dir='ltr'><strong>nec</strong></span> <span class='ocrx_word' id='word_1_176' title='bbox 1172 1673 1238 1744; x_wconf 90' lang='lat' dir='ltr'><strong>quid</strong></span> <span class='ocrx_word' id='word_1_177' title='bbox 1250 1673 1373 1730; x_wconf 87' lang='lat' dir='ltr'><strong>facerent</strong></span> <span class='ocrx_word' id='word_1_178' title='bbox 1392 1674 1584 1742; x_wconf 84' lang='lat' dir='ltr'><strong>deliberarent,</strong></span> <span class='ocrx_word' id='word_1_179' title='bbox 1604 1690 1653 1729; x_wconf 81' lang='lat' dir='ltr'><strong>rex</strong></span> <span class='ocrx_word' id='word_1_180' title='bbox 1674 1690 1733 1729; x_wconf 93' lang='lat' dir='ltr'><strong>non</strong></span> <span class='ocrx_word' id='word_1_181' title='bbox 1756 1689 1822 1737; x_wconf 84' lang='lat' dir='ltr'><strong>sno,</strong></span> <span class='ocrx_word' id='word_1_182' title='bbox 1841 1677 1886 1728; x_wconf 77' lang='lat' dir='ltr'><strong>seri</strong></span> 
     </span>
     <span class='ocr_line' id='line_1_16' title="bbox 258 1763 1888 1836; baseline 0.001 -17"><span class='ocrx_word' id='word_1_183' title='bbox 258 1771 317 1820; x_wconf 92' lang='lat' dir='ltr'><strong>toto</strong></span> <span class='ocrx_word' id='word_1_184' title='bbox 331 1767 423 1819; x_wconf 91' lang='lat' dir='ltr'><strong>animo</strong></span> <span class='ocrx_word' id='word_1_185' title='bbox 437 1772 599 1836; x_wconf 75' lang='lat' dir='ltr'><strong>praeoptant.</strong></span> <span class='ocrx_word' id='word_1_186' title='bbox 619 1764 693 1830; x_wconf 83' lang='lat' dir='ltr'><strong>Quos</strong></span> <span class='ocrx_word' id='word_1_187' title='bbox 706 1765 764 1834; x_wconf 88' lang='lat' dir='ltr'><strong>ipse</strong></span> <span class='ocrx_word' id='word_1_188' title='bbox 784 1763 912 1820; x_wconf 91' lang='lat' dir='ltr'><strong>dominus</strong></span> <span class='ocrx_word' id='word_1_189' title='bbox 927 1780 974 1820; x_wconf 87' lang='lat' dir='ltr'><strong>rer</strong></span> <span class='ocrx_word' id='word_1_190' title='bbox 995 1772 1049 1820; x_wconf 88' lang='lat' dir='ltr'><strong>sta·</strong></span> <span class='ocrx_word' id='word_1_191' title='bbox 1099 1767 1187 1820; x_wconf 87' lang='lat' dir='ltr'><strong>alieno</strong></span> <span class='ocrx_word' id='word_1_192' title='bbox 1203 1766 1325 1821; x_wconf 90' lang='lat' dir='ltr'><strong>insidens</strong></span> <span class='ocrx_word' id='word_1_193' title='bbox 1336 1781 1417 1836; x_wconf 89' lang='lat' dir='ltr'><strong>eqno,</strong></span> <span class='ocrx_word' id='word_1_194' title='bbox 1431 1767 1574 1821; x_wconf 86' lang='lat' dir='ltr'><strong>animosus</strong></span> <span class='ocrx_word' id='word_1_195' title='bbox 1584 1767 1888 1828; x_wconf 82' lang='lat' dir='ltr'><strong>resistebat.elamosns</strong></span> 
     </span>
     <span class='ocr_line' id='line_1_17' title="bbox 257 1829 1886 1930; baseline -0.003 -18"><span class='ocrx_word' id='word_1_196' title='bbox 257 1858 309 1912; x_wconf 86' lang='lat' dir='ltr'><strong>tim</strong></span> <span class='ocrx_word' id='word_1_197' title='bbox 324 1857 352 1912; x_wconf 90' lang='lat' dir='ltr'><strong>in</strong></span> <span class='ocrx_word' id='word_1_198' title='bbox 368 1872 467 1912; x_wconf 89' lang='lat' dir='ltr'><strong>aurora</strong></span> <span class='ocrx_word' id='word_1_199' title='bbox 482 1858 729 1922; x_wconf 65' lang='lat' dir='ltr'><strong>salasensem</strong></span> <span class='ocrx_word' id='word_1_200' title='bbox 745 1871 792 1912; x_wconf 90' lang='lat' dir='ltr'><strong>eos</strong></span> <span class='ocrx_word' id='word_1_201' title='bbox 809 1858 983 1930; x_wconf 90' lang='lat' dir='ltr'><strong>perbnrgnm</strong></span> <span class='ocrx_word' id='word_1_202' title='bbox 998 1858 1049 1913; x_wconf 90' lang='lat' dir='ltr'><strong>bo·</strong></span> <span class='ocrx_word' id='word_1_203' title='bbox 1063 1829 1085 1884; x_wconf 69' lang='grc' dir='ltr'><strong>Β</strong></span> <span class='ocrx_word' id='word_1_204' title='bbox 1100 1856 1257 1919; x_wconf 80' lang='lat' dir='ltr'><strong>reuocabat,</strong></span> <span class='ocrx_word' id='word_1_205' title='bbox 1274 1856 1436 1910; x_wconf 89' lang='lat' dir='ltr'><strong>nominatim</strong></span> <span class='ocrx_word' id='word_1_206' title='bbox 1460 1855 1632 1918; x_wconf 81' lang='lat' dir='ltr'><strong>audaciores,</strong></span> <span class='ocrx_word' id='word_1_207' title='bbox 1643 1871 1680 1911; x_wconf 91' lang='lat' dir='ltr'><strong>ne</strong></span> <span class='ocrx_word' id='word_1_208' title='bbox 1693 1855 1826 1926; x_wconf 86' lang='lat' dir='ltr'><strong>fugerent</strong></span> <span class='ocrx_word' id='word_1_209' title='bbox 1836 1857 1886 1908; x_wconf 85' lang='lat' dir='ltr'><strong>soi-</strong></span> 
     </span>
     <span class='ocr_line' id='line_1_18' title="bbox 258 1937 1888 2022; baseline -0.002 -16"><span class='ocrx_word' id='word_1_210' title='bbox 258 1950 376 2022; x_wconf 87' lang='lat' dir='ltr'><strong>spitatos</strong></span> <span class='ocrx_word' id='word_1_211' title='bbox 391 1949 523 2012; x_wconf 88' lang='lat' dir='ltr'><strong>audisset,</strong></span> <span class='ocrx_word' id='word_1_212' title='bbox 541 1950 659 2003; x_wconf 74' lang='lat' dir='ltr'><strong>votivam</strong></span> <span class='ocrx_word' id='word_1_213' title='bbox 683 1949 712 2004; x_wconf 90' lang='lat' dir='ltr'><strong>in</strong></span> <span class='ocrx_word' id='word_1_214' title='bbox 727 1951 820 2006; x_wconf 88' lang='lat' dir='ltr'><strong>hostes</strong></span> <span class='ocrx_word' id='word_1_215' title='bbox 839 1950 954 2020; x_wconf 91' lang='lat' dir='ltr'><strong>parabat</strong></span> <span class='ocrx_word' id='word_1_216' title='bbox 967 1950 1050 2004; x_wconf 91' lang='lat' dir='ltr'><strong>ultio·</strong></span> <span class='ocrx_word' id='word_1_217' title='bbox 1099 1949 1230 2004; x_wconf 90' lang='lat' dir='ltr'><strong>licitabat.</strong></span> <span class='ocrx_word' id='word_1_218' title='bbox 1246 1946 1307 2019; x_wconf 90' lang='lat' dir='ltr'><strong>lpse</strong></span> <span class='ocrx_word' id='word_1_219' title='bbox 1323 1937 1414 2004; x_wconf 89' lang='lat' dir='ltr'><strong>autem</strong></span> <span class='ocrx_word' id='word_1_220' title='bbox 1435 1949 1506 2003; x_wconf 91' lang='lat' dir='ltr'><strong>inter</strong></span> <span class='ocrx_word' id='word_1_221' title='bbox 1519 1949 1632 2004; x_wconf 84' lang='lat' dir='ltr'><strong>hostiles</strong></span> <span class='ocrx_word' id='word_1_222' title='bbox 1652 1964 1762 2004; x_wconf 84' lang='lat' dir='ltr'><strong>currens</strong></span> <span class='ocrx_word' id='word_1_223' title='bbox 1782 1958 1888 2004; x_wconf 68' lang='lat' dir='ltr'><strong>exsero</strong></span> 
     </span>
     <span class='ocr_line' id='line_1_19' title="bbox 258 2040 1885 2114; baseline -0.001 -16"><span class='ocrx_word' id='word_1_224' title='bbox 258 2056 333 2105; x_wconf 88' lang='lat' dir='ltr'><strong>nem,</strong></span> <span class='ocrx_word' id='word_1_225' title='bbox 352 2048 429 2096; x_wconf 88' lang='lat' dir='ltr'><strong>tanto</strong></span> <span class='ocrx_word' id='word_1_226' title='bbox 448 2040 554 2106; x_wconf 90' lang='lat' dir='ltr'><strong>hilaris,</strong></span> <span class='ocrx_word' id='word_1_227' title='bbox 582 2047 660 2094; x_wconf 90' lang='lat' dir='ltr'><strong>tanto</strong></span> <span class='ocrx_word' id='word_1_228' title='bbox 680 2041 860 2106; x_wconf 71' lang='lat' dir='ltr'><strong>letabundus,</strong></span> <span class='ocrx_word' id='word_1_229' title='bbox 882 2049 985 2112; x_wconf 90' lang='lat' dir='ltr'><strong>quanto</strong></span> <span class='ocrx_word' id='word_1_230' title='bbox 1001 2057 1049 2097; x_wconf 90' lang='lat' dir='ltr'><strong>eos</strong></span> <span class='ocrx_word' id='word_1_231' title='bbox 1097 2043 1199 2114; x_wconf 87' lang='lat' dir='ltr'><strong>gladio,</strong></span> <span class='ocrx_word' id='word_1_232' title='bbox 1215 2043 1315 2114; x_wconf 89' lang='lat' dir='ltr'><strong>quibus</strong></span> <span class='ocrx_word' id='word_1_233' title='bbox 1330 2050 1436 2113; x_wconf 91' lang='lat' dir='ltr'><strong>poterat</strong></span> <span class='ocrx_word' id='word_1_234' title='bbox 1451 2042 1578 2113; x_wconf 76' lang='lat' dir='ltr'><strong>prasidio</strong></span> <span class='ocrx_word' id='word_1_235' title='bbox 1598 2052 1668 2106; x_wconf 87' lang='lat' dir='ltr'><strong>crat,</strong></span> <span class='ocrx_word' id='word_1_236' title='bbox 1682 2041 1801 2114; x_wconf 83' lang='lat' dir='ltr'><strong>fugaces</strong></span> <span class='ocrx_word' id='word_1_237' title='bbox 1819 2043 1885 2097; x_wconf 77' lang='lat' dir='ltr'><strong>refu</strong></span> 
     </span>
     <span class='ocr_line' id='line_1_20' title="bbox 257 2132 1888 2207; baseline 0.001 -19"><span class='ocrx_word' id='word_1_238' title='bbox 257 2134 350 2188; x_wconf 85' lang='lat' dir='ltr'><strong>subita</strong></span> <span class='ocrx_word' id='word_1_239' title='bbox 364 2140 465 2204; x_wconf 83' lang='lat' dir='ltr'><strong>strage,</strong></span> <span class='ocrx_word' id='word_1_240' title='bbox 474 2132 613 2204; x_wconf 90' lang='lat' dir='ltr'><strong>inopinata</strong></span> <span class='ocrx_word' id='word_1_241' title='bbox 626 2133 727 2188; x_wconf 86' lang='lat' dir='ltr'><strong>ultione</strong></span> <span class='ocrx_word' id='word_1_242' title='bbox 738 2133 906 2203; x_wconf 89' lang='lat' dir='ltr'><strong>inopinatam</strong></span> <span class='ocrx_word' id='word_1_243' title='bbox 918 2134 1047 2204; x_wconf 88' lang='lat' dir='ltr'><strong>injuriam</strong></span> <span class='ocrx_word' id='word_1_244' title='bbox 1097 2136 1189 2206; x_wconf 89' lang='lat' dir='ltr'><strong>gabat,</strong></span> <span class='ocrx_word' id='word_1_245' title='bbox 1202 2143 1229 2191; x_wconf 89' lang='lat' dir='ltr'><strong>et</strong></span> <span class='ocrx_word' id='word_1_246' title='bbox 1243 2137 1408 2207; x_wconf 91' lang='lat' dir='ltr'><strong>ultraquam</strong></span> <span class='ocrx_word' id='word_1_247' title='bbox 1421 2135 1530 2191; x_wconf 89' lang='lat' dir='ltr'><strong>deceret</strong></span> <span class='ocrx_word' id='word_1_248' title='bbox 1541 2136 1713 2205; x_wconf 80' lang='lat' dir='ltr'><strong>maiestatem</strong></span> <span class='ocrx_word' id='word_1_249' title='bbox 1726 2136 1812 2190; x_wconf 83' lang='lat' dir='ltr'><strong>miles</strong></span> <span class='ocrx_word' id='word_1_250' title='bbox 1822 2151 1888 2190; x_wconf 72' lang='lat' dir='ltr'><strong>erne</strong></span> 
     </span>
     <span class='ocr_line' id='line_1_21' title="bbox 259 2221 1888 2298; baseline 0.003 -20"><span class='ocrx_word' id='word_1_251' title='bbox 259 2229 370 2278; x_wconf 90' lang='lat' dir='ltr'><strong>strenue</strong></span> <span class='ocrx_word' id='word_1_252' title='bbox 386 2222 482 2278; x_wconf 89' lang='lat' dir='ltr'><strong>ulcisci</strong></span> <span class='ocrx_word' id='word_1_253' title='bbox 504 2223 686 2293; x_wconf 86' lang='lat' dir='ltr'><strong>contingeret.</strong></span> <span class='ocrx_word' id='word_1_254' title='bbox 701 2221 802 2278; x_wconf 74' lang='lat' dir='ltr'><strong>norrun</strong></span> <span class='ocrx_word' id='word_1_255' title='bbox 821 2225 915 2280; x_wconf 90' lang='lat' dir='ltr'><strong>hostes</strong></span> <span class='ocrx_word' id='word_1_256' title='bbox 938 2226 1047 2296; x_wconf 89' lang='lat' dir='ltr'><strong>cognito</strong></span> <span class='ocrx_word' id='word_1_257' title='bbox 1097 2227 1167 2282; x_wconf 90' lang='lat' dir='ltr'><strong>ritus</strong></span> <span class='ocrx_word' id='word_1_258' title='bbox 1183 2227 1277 2284; x_wconf 87' lang='lat' dir='ltr'><strong>nrilitis</strong></span> <span class='ocrx_word' id='word_1_259' title='bbox 1290 2227 1389 2292; x_wconf 83' lang='lat' dir='ltr'><strong>officio,</strong></span> <span class='ocrx_word' id='word_1_260' title='bbox 1403 2243 1460 2282; x_wconf 92' lang='lat' dir='ltr'><strong>non</strong></span> <span class='ocrx_word' id='word_1_261' title='bbox 1472 2227 1553 2298; x_wconf 84' lang='lat' dir='ltr'><strong>regis,</strong></span> <span class='ocrx_word' id='word_1_262' title='bbox 1570 2227 1754 2298; x_wconf 77' lang='lat' dir='ltr'><strong>singulariter</strong></span> <span class='ocrx_word' id='word_1_263' title='bbox 1766 2226 1888 2283; x_wconf 73' lang='lat' dir='ltr'><strong>deceru-</strong></span> 
     </span>
     <span class='ocr_line' id='line_1_22' title="bbox 256 2311 1888 2387; baseline 0.002 -19"><span class='ocrx_word' id='word_1_264' title='bbox 256 2313 317 2382; x_wconf 80' lang='lat' dir='ltr'><strong>cjus</strong></span> <span class='ocrx_word' id='word_1_265' title='bbox 333 2313 450 2368; x_wconf 86' lang='lat' dir='ltr'><strong>adventu</strong></span> <span class='ocrx_word' id='word_1_266' title='bbox 477 2312 649 2366; x_wconf 88' lang='lat' dir='ltr'><strong>mirabantur</strong></span> <span class='ocrx_word' id='word_1_267' title='bbox 672 2311 817 2368; x_wconf 78' lang='lat' dir='ltr'><strong>factionem</strong></span> <span class='ocrx_word' id='word_1_268' title='bbox 840 2314 907 2369; x_wconf 92' lang='lat' dir='ltr'><strong>adeo</strong></span> <span class='ocrx_word' id='word_1_269' title='bbox 931 2316 1047 2370; x_wconf 89' lang='lat' dir='ltr'><strong>celatam</strong></span> <span class='ocrx_word' id='word_1_270' title='bbox 1096 2315 1153 2373; x_wconf 87' lang='lat' dir='ltr'><strong>bat.</strong></span> <span class='ocrx_word' id='word_1_271' title='bbox 1171 2313 1239 2372; x_wconf 89' lang='lat' dir='ltr'><strong>Cum</strong></span> <span class='ocrx_word' id='word_1_272' title='bbox 1257 2323 1348 2372; x_wconf 91' lang='lat' dir='ltr'><strong>autem</strong></span> <span class='ocrx_word' id='word_1_273' title='bbox 1370 2332 1499 2372; x_wconf 91' lang='lat' dir='ltr'><strong>corruere</strong></span> <span class='ocrx_word' id='word_1_274' title='bbox 1522 2318 1673 2372; x_wconf 81' lang='lat' dir='ltr'><strong>exercitum</strong></span> <span class='ocrx_word' id='word_1_275' title='bbox 1695 2332 1773 2387; x_wconf 73' lang='grc' dir='ltr'>αμιιι</span> <span class='ocrx_word' id='word_1_276' title='bbox 1791 2318 1888 2372; x_wconf 81' lang='lat' dir='ltr'><strong>lassato</strong></span> 
     </span>
     <span class='ocr_line' id='line_1_23' title="bbox 256 2403 1886 2478; baseline 0.002 -20"><span class='ocrx_word' id='word_1_277' title='bbox 256 2404 282 2459; x_wconf 89' lang='lat' dir='ltr'><strong>ei</strong></span> <span class='ocrx_word' id='word_1_278' title='bbox 297 2404 459 2468; x_wconf 83' lang='lat' dir='ltr'><strong>introtuisse,</strong></span> <span class='ocrx_word' id='word_1_279' title='bbox 474 2404 527 2459; x_wconf 91' lang='lat' dir='ltr'><strong>iter</strong></span> <span class='ocrx_word' id='word_1_280' title='bbox 545 2403 714 2460; x_wconf 85' lang='lat' dir='ltr'><strong>Flandrensc</strong></span> <span class='ocrx_word' id='word_1_281' title='bbox 727 2405 818 2460; x_wconf 84' lang='lat' dir='ltr'><strong>sirliito</strong></span> <span class='ocrx_word' id='word_1_282' title='bbox 843 2408 1044 2478; x_wconf 88' lang='lat' dir='ltr'><strong>postposuisse,</strong></span> <span class='ocrx_word' id='word_1_283' title='bbox 1097 2409 1172 2463; x_wconf 87' lang='lat' dir='ltr'><strong>solus</strong></span> <span class='ocrx_word' id='word_1_284' title='bbox 1194 2408 1340 2478; x_wconf 85' lang='lat' dir='ltr'><strong>probibere</strong></span> <span class='ocrx_word' id='word_1_285' title='bbox 1359 2423 1416 2463; x_wconf 93' lang='lat' dir='ltr'><strong>non</strong></span> <span class='ocrx_word' id='word_1_286' title='bbox 1439 2408 1560 2474; x_wconf 86' lang='lat' dir='ltr'><strong>valeret,</strong></span> <span class='ocrx_word' id='word_1_287' title='bbox 1583 2409 1663 2464; x_wconf 86' lang='lat' dir='ltr'><strong>adest</strong></span> <span class='ocrx_word' id='word_1_288' title='bbox 1686 2409 1831 2478; x_wconf 80' lang='lat' dir='ltr'><strong>armiger,</strong></span> <span class='ocrx_word' id='word_1_289' title='bbox 1845 2410 1886 2478; x_wconf 84' lang='lat' dir='ltr'><strong>qai</strong></span> 
     </span>
     <span class='ocr_line' id='line_1_24' title="bbox 256 2496 1888 2572; baseline 0.004 -22"><span class='ocrx_word' id='word_1_290' title='bbox 256 2496 290 2552; x_wconf 88' lang='lat' dir='ltr'><strong>ad</strong></span> <span class='ocrx_word' id='word_1_291' title='bbox 306 2497 510 2568; x_wconf 75' lang='lat' dir='ltr'><strong>suffragandum</strong></span> <span class='ocrx_word' id='word_1_292' title='bbox 526 2512 582 2552; x_wconf 94' lang='lat' dir='ltr'><strong>non</strong></span> <span class='ocrx_word' id='word_1_293' title='bbox 605 2503 662 2550; x_wconf 90' lang='lat' dir='ltr'><strong>tarn</strong></span> <span class='ocrx_word' id='word_1_294' title='bbox 683 2497 809 2552; x_wconf 88' lang='lat' dir='ltr'><strong>celeriter</strong></span> <span class='ocrx_word' id='word_1_295' title='bbox 824 2499 943 2564; x_wconf 74' lang='lat' dir='ltr'><strong>senisse,</strong></span> <span class='ocrx_word' id='word_1_296' title='bbox 962 2515 1045 2570; x_wconf 91' lang='lat' dir='ltr'><strong>quam</strong></span> <span class='ocrx_word' id='word_1_297' title='bbox 1096 2501 1236 2571; x_wconf 90' lang='lat' dir='ltr'><strong>proprium</strong></span> <span class='ocrx_word' id='word_1_298' title='bbox 1254 2499 1328 2572; x_wconf 72' lang='lat' dir='ltr'><strong>(tto)</strong></span> <span class='ocrx_word' id='word_1_299' title='bbox 1354 2501 1460 2557; x_wconf 90' lang='lat' dir='ltr'><strong>reducit</strong></span> <span class='ocrx_word' id='word_1_300' title='bbox 1481 2503 1661 2566; x_wconf 81' lang='lat' dir='ltr'><strong>dextrarium,</strong></span> <span class='ocrx_word' id='word_1_301' title='bbox 1683 2503 1733 2558; x_wconf 90' lang='lat' dir='ltr'><strong>cui</strong></span> <span class='ocrx_word' id='word_1_302' title='bbox 1758 2502 1888 2557; x_wconf 67' lang='lat' dir='ltr'><strong>citissime</strong></span> 
     </span>
     <span class='ocr_line' id='line_1_25' title="bbox 256 2589 1888 2666; baseline -0.001 -19"><span class='ocrx_word' id='word_1_303' title='bbox 256 2593 388 2647; x_wconf 84' lang='lat' dir='ltr'><strong>evolasse.</strong></span> <span class='ocrx_word' id='word_1_304' title='bbox 404 2591 526 2661; x_wconf 87' lang='lat' dir='ltr'><strong>Cumque</strong></span> <span class='ocrx_word' id='word_1_305' title='bbox 540 2590 609 2645; x_wconf 81' lang='lat' dir='ltr'><strong>nillil</strong></span> <span class='ocrx_word' id='word_1_306' title='bbox 629 2591 702 2646; x_wconf 90' lang='lat' dir='ltr'><strong>aliud</strong></span> <span class='ocrx_word' id='word_1_307' title='bbox 717 2591 849 2647; x_wconf 87' lang='lat' dir='ltr'><strong>audentes</strong></span> <span class='ocrx_word' id='word_1_308' title='bbox 872 2591 945 2666; x_wconf 73' lang='lat'>(209)</span> <span class='ocrx_word' id='word_1_309' title='bbox 960 2591 1045 2646; x_wconf 89' lang='lat' dir='ltr'><strong>castri</strong></span> <span class='ocrx_word' id='word_1_310' title='bbox 1095 2589 1220 2651; x_wconf 87' lang='lat' dir='ltr'><strong>insiliens</strong></span> <span class='ocrx_word' id='word_1_311' title='bbox 1234 2591 1365 2645; x_wconf 80' lang='lat' dir='ltr'><strong>vexillum</strong></span> <span class='ocrx_word' id='word_1_312' title='bbox 1388 2591 1538 2662; x_wconf 70' lang='lat' dir='ltr'><strong>praeferens</strong></span> <span class='ocrx_word' id='word_1_313' title='bbox 1552 2607 1614 2647; x_wconf 90' lang='lat' dir='ltr'><strong>curn</strong></span> <span class='ocrx_word' id='word_1_314' title='bbox 1638 2593 1741 2663; x_wconf 86' lang='lat' dir='ltr'><strong>paucis</strong></span> <span class='ocrx_word' id='word_1_315' title='bbox 1756 2593 1788 2647; x_wconf 91' lang='lat' dir='ltr'><strong>in</strong></span> <span class='ocrx_word' id='word_1_316' title='bbox 1799 2593 1888 2647; x_wconf 77' lang='lat' dir='ltr'><strong>hostes</strong></span> 
     </span>
     <span class='ocr_line' id='line_1_26' title="bbox 256 2682 1890 2754; baseline 0.002 -14"><span class='ocrx_word' id='word_1_317' title='bbox 256 2683 424 2740; x_wconf 79' lang='lat' dir='ltr'><strong>restitutioni</strong></span> <span class='ocrx_word' id='word_1_318' title='bbox 440 2685 580 2747; x_wconf 81' lang='lat' dir='ltr'><strong>insistunt,</strong></span> <span class='ocrx_word' id='word_1_319' title='bbox 598 2698 643 2738; x_wconf 81' lang='lat' dir='ltr'><strong>rex</strong></span> <span class='ocrx_word' id='word_1_320' title='bbox 659 2683 840 2754; x_wconf 85' lang='lat' dir='ltr'><strong>propinquum</strong></span> <span class='ocrx_word' id='word_1_321' title='bbox 852 2699 902 2754; x_wconf 89' lang='lat' dir='ltr'><strong>pro</strong></span> <span class='ocrx_word' id='word_1_322' title='bbox 917 2683 1045 2739; x_wconf 81' lang='lat' dir='ltr'><strong>facultate</strong></span> <span class='ocrx_word' id='word_1_323' title='bbox 1095 2682 1259 2750; x_wconf 74' lang='lat' dir='ltr'><strong>regreditur,</strong></span> <span class='ocrx_word' id='word_1_324' title='bbox 1276 2682 1369 2751; x_wconf 80' lang='lat' dir='ltr'><strong>piures</strong></span> <span class='ocrx_word' id='word_1_325' title='bbox 1381 2697 1495 2738; x_wconf 87' lang='lat' dir='ltr'><strong>suorurn</strong></span> <span class='ocrx_word' id='word_1_326' title='bbox 1514 2693 1611 2754; x_wconf 82' lang='lat' dir='ltr'><strong>capros</strong></span> <span class='ocrx_word' id='word_1_327' title='bbox 1627 2685 1701 2738; x_wconf 80' lang='lat' dir='ltr'><strong>mira</strong></span> <span class='ocrx_word' id='word_1_328' title='bbox 1724 2685 1890 2740; x_wconf 65' lang='lat' dir='ltr'><strong>amorrius</strong></span> 
     </span>
     <span class='ocr_line' id='line_1_27' title="bbox 255 2774 1889 2848; baseline 0 -17"><span class='ocrx_word' id='word_1_329' title='bbox 255 2775 358 2846; x_wconf 90' lang='lat' dir='ltr'><strong>colligit</strong></span> <span class='ocrx_word' id='word_1_330' title='bbox 370 2775 534 2840; x_wconf 74' lang='lat' dir='ltr'><strong>exerciturm</strong></span> <span class='ocrx_word' id='word_1_331' title='bbox 550 2775 644 2829; x_wconf 91' lang='lat' dir='ltr'><strong>multis</strong></span> <span class='ocrx_word' id='word_1_332' title='bbox 659 2776 732 2830; x_wconf 91' lang='lat' dir='ltr'><strong>enirn</strong></span> <span class='ocrx_word' id='word_1_333' title='bbox 752 2791 813 2831; x_wconf 90' lang='lat' dir='ltr'><strong>cnm</strong></span> <span class='ocrx_word' id='word_1_334' title='bbox 829 2775 858 2830; x_wconf 90' lang='lat' dir='ltr'><strong>in</strong></span> <span class='ocrx_word' id='word_1_335' title='bbox 868 2776 936 2830; x_wconf 90' lang='lat' dir='ltr'><strong>locis</strong></span> <span class='ocrx_word' id='word_1_336' title='bbox 946 2791 1044 2848; x_wconf 90' lang='lat' dir='ltr'><strong>guerra</strong></span> <span class='ocrx_word' id='word_1_337' title='bbox 1095 2774 1186 2844; x_wconf 89' lang='lat' dir='ltr'><strong>eripit,</strong></span> <span class='ocrx_word' id='word_1_338' title='bbox 1199 2774 1332 2844; x_wconf 92' lang='lat' dir='ltr'><strong>quosdam</strong></span> <span class='ocrx_word' id='word_1_339' title='bbox 1346 2775 1467 2830; x_wconf 89' lang='lat' dir='ltr'><strong>lrostium</strong></span> <span class='ocrx_word' id='word_1_340' title='bbox 1486 2777 1655 2832; x_wconf 74' lang='lat' dir='ltr'><strong>ualidissimo</strong></span> <span class='ocrx_word' id='word_1_341' title='bbox 1678 2777 1789 2848; x_wconf 82' lang='lat' dir='ltr'><strong>impetu</strong></span> <span class='ocrx_word' id='word_1_342' title='bbox 1808 2779 1889 2832; x_wconf 82' lang='lat' dir='ltr'><strong>inter-</strong></span> 
     </span>
     <span class='ocr_line' id='line_1_28' title="bbox 256 2865 1890 2940; baseline 0.002 -18"><span class='ocrx_word' id='word_1_343' title='bbox 256 2868 380 2939; x_wconf 88' lang='lat' dir='ltr'><strong>urgebat.</strong></span> <span class='ocrx_word' id='word_1_344' title='bbox 410 2867 533 2940; x_wconf 83' lang='lat' dir='ltr'><strong>Cumque</strong></span> <span class='ocrx_word' id='word_1_345' title='bbox 560 2868 679 2923; x_wconf 88' lang='lat' dir='ltr'><strong>instante</strong></span> <span class='ocrx_word' id='word_1_346' title='bbox 705 2868 750 2923; x_wconf 89' lang='lat' dir='ltr'><strong>die</strong></span> <span class='ocrx_word' id='word_1_347' title='bbox 774 2867 869 2922; x_wconf 91' lang='lat' dir='ltr'><strong>llartis</strong></span> <span class='ocrx_word' id='word_1_348' title='bbox 893 2867 1044 2924; x_wconf 82' lang='lat' dir='ltr'><strong>exercituin</strong></span> <span class='ocrx_word' id='word_1_349' title='bbox 1095 2865 1172 2936; x_wconf 88' lang='lat' dir='ltr'><strong>cipit,</strong></span> <span class='ocrx_word' id='word_1_350' title='bbox 1189 2868 1393 2924; x_wconf 88' lang='lat' dir='ltr'><strong>ctneultcrius</strong></span> <span class='ocrx_word' id='word_1_351' title='bbox 1410 2868 1510 2924; x_wconf 74' lang='lat' dir='ltr'><strong>laedant</strong></span> <span class='ocrx_word' id='word_1_352' title='bbox 1531 2871 1696 2934; x_wconf 80' lang='lat' dir='ltr'><strong>exereitum,</strong></span> <span class='ocrx_word' id='word_1_353' title='bbox 1713 2869 1890 2925; x_wconf 78' lang='lat' dir='ltr'><strong>acsiGades</strong></span> 
     </span>
     <span class='ocr_line' id='line_1_29' title="bbox 255 2956 1888 3033; baseline 0.001 -18"><span class='ocrx_word' id='word_1_354' title='bbox 255 2959 406 3023; x_wconf 87' lang='lat' dir='ltr'><strong>eduxisset,</strong></span> <span class='ocrx_word' id='word_1_355' title='bbox 424 2961 498 3018; x_wconf 89' lang='lat' dir='ltr'><strong>acics</strong></span> <span class='ocrx_word' id='word_1_356' title='bbox 509 2961 659 3030; x_wconf 90' lang='lat' dir='ltr'><strong>componit,</strong></span> <span class='ocrx_word' id='word_1_357' title='bbox 671 2960 755 3016; x_wconf 90' lang='lat' dir='ltr'><strong>duces</strong></span> <span class='ocrx_word' id='word_1_358' title='bbox 770 2961 913 3032; x_wconf 72' lang='lat' dir='ltr'><strong>praeponit,</strong></span> <span class='ocrx_word' id='word_1_359' title='bbox 930 2962 1044 3032; x_wconf 87' lang='lat' dir='ltr'><strong>sagitta·</strong></span> <span class='ocrx_word' id='word_1_360' title='bbox 1094 2956 1222 3017; x_wconf 84' lang='lat' dir='ltr'><strong>ilorculis</strong></span> <span class='ocrx_word' id='word_1_361' title='bbox 1234 2957 1382 3026; x_wconf 87' lang='lat' dir='ltr'><strong>offendant,</strong></span> <span class='ocrx_word' id='word_1_362' title='bbox 1404 2971 1451 3016; x_wconf 88' lang='lat' dir='ltr'><strong>aut</strong></span> <span class='ocrx_word' id='word_1_363' title='bbox 1474 2977 1574 3033; x_wconf 91' lang='lat' dir='ltr'><strong>magno</strong></span> <span class='ocrx_word' id='word_1_364' title='bbox 1596 2961 1711 3018; x_wconf 82' lang='lat' dir='ltr'><strong>Oceano</strong></span> <span class='ocrx_word' id='word_1_365' title='bbox 1730 2972 1888 3023; x_wconf 79' lang='lat' dir='ltr'><strong>arceantur.</strong></span> 
     </span>
     <span class='ocr_line' id='line_1_30' title="bbox 253 3051 1888 3125; baseline 0.001 -19"><span class='ocrx_word' id='word_1_366' title='bbox 253 3053 311 3108; x_wconf 90' lang='lat' dir='ltr'><strong>rios</strong></span> <span class='ocrx_word' id='word_1_367' title='bbox 324 3052 519 3109; x_wconf 88' lang='lat' dir='ltr'><strong>etbalrstarios</strong></span> <span class='ocrx_word' id='word_1_368' title='bbox 538 3054 599 3109; x_wconf 89' lang='lat' dir='ltr'><strong>loco</strong></span> <span class='ocrx_word' id='word_1_369' title='bbox 614 3068 663 3108; x_wconf 89' lang='lat' dir='ltr'><strong>suo</strong></span> <span class='ocrx_word' id='word_1_370' title='bbox 678 3053 801 3124; x_wconf 85' lang='lat' dir='ltr'><strong>opponit,</strong></span> <span class='ocrx_word' id='word_1_371' title='bbox 829 3059 856 3107; x_wconf 90' lang='lat' dir='ltr'><strong>et</strong></span> <span class='ocrx_word' id='word_1_372' title='bbox 878 3051 1042 3122; x_wconf 86' lang='lat' dir='ltr'><strong>pedetentim</strong></span> <span class='ocrx_word' id='word_1_373' title='bbox 1095 3051 1204 3122; x_wconf 89' lang='lat' dir='ltr'><strong>refugos</strong></span> <span class='ocrx_word' id='word_1_374' title='bbox 1226 3053 1343 3122; x_wconf 82' lang='lat' dir='ltr'><strong>repellit,</strong></span> <span class='ocrx_word' id='word_1_375' title='bbox 1366 3054 1467 3123; x_wconf 91' lang='lat' dir='ltr'><strong>quibus</strong></span> <span class='ocrx_word' id='word_1_376' title='bbox 1491 3053 1652 3125; x_wconf 83' lang='lat' dir='ltr'><strong>priusquam</strong></span> <span class='ocrx_word' id='word_1_377' title='bbox 1674 3053 1829 3109; x_wconf 87' lang='lat' dir='ltr'><strong>Puteolurn</strong></span> <span class='ocrx_word' id='word_1_378' title='bbox 1844 3070 1888 3107; x_wconf 84' lang='lat' dir='ltr'><strong>rr·</strong></span> 
     </span>
     <span class='ocr_line' id='line_1_31' title="bbox 253 3144 1887 3234; baseline 0 -34"><span class='ocrx_word' id='word_1_379' title='bbox 253 3156 345 3202; x_wconf 89' lang='lat' dir='ltr'><strong>castro</strong></span> <span class='ocrx_word' id='word_1_380' title='bbox 359 3147 448 3202; x_wconf 89' lang='lat' dir='ltr'><strong>adhuc</strong></span> <span class='ocrx_word' id='word_1_381' title='bbox 474 3147 634 3218; x_wconf 86' lang='lat' dir='ltr'><strong>imperfecto</strong></span> <span class='ocrx_word' id='word_1_382' title='bbox 659 3147 891 3216; x_wconf 82' lang='lat' dir='ltr'><strong>appropinquans,</strong></span> <span class='ocrx_word' id='word_1_383' title='bbox 913 3146 1042 3216; x_wconf 80' lang='lat' dir='ltr'><strong>quioniam</strong></span> <span class='ocrx_word' id='word_1_384' title='bbox 1057 3178 1077 3234; x_wconf 72' lang='lat' dir='ltr'>C</span> <span class='ocrx_word' id='word_1_385' title='bbox 1095 3145 1265 3215; x_wconf 90' lang='lat' dir='ltr'><strong>grediantur,</strong></span> <span class='ocrx_word' id='word_1_386' title='bbox 1276 3145 1489 3215; x_wconf 90' lang='lat' dir='ltr'><strong>quingentorum</strong></span> <span class='ocrx_word' id='word_1_387' title='bbox 1506 3146 1623 3200; x_wconf 90' lang='lat' dir='ltr'><strong>militum</strong></span> <span class='ocrx_word' id='word_1_388' title='bbox 1638 3144 1887 3207; x_wconf 79' lang='lat' dir='ltr'><strong>ltortmannororr.</strong></span> 
     </span>
     <span class='ocr_line' id='line_1_32' title="bbox 252 3237 1887 3314; baseline -0.002 -21"><span class='ocrx_word' id='word_1_389' title='bbox 252 3238 397 3298; x_wconf 87' lang='lat' dir='ltr'><strong>audierant</strong></span> <span class='ocrx_word' id='word_1_390' title='bbox 409 3239 483 3314; x_wconf 66' lang='grc'><strong>1910)</strong></span> <span class='ocrx_word' id='word_1_391' title='bbox 501 3239 628 3293; x_wconf 90' lang='lat' dir='ltr'><strong>cornitem</strong></span> <span class='ocrx_word' id='word_1_392' title='bbox 646 3237 832 3292; x_wconf 87' lang='lat' dir='ltr'><strong>Theobaldnm</strong></span> <span class='ocrx_word' id='word_1_393' title='bbox 860 3238 1043 3309; x_wconf 87' lang='lat' dir='ltr'><strong>sejaetitasse</strong></span> <span class='ocrx_word' id='word_1_394' title='bbox 1094 3244 1142 3289; x_wconf 91' lang='lat' dir='ltr'><strong>aut</strong></span> <span class='ocrx_word' id='word_1_395' title='bbox 1159 3237 1275 3306; x_wconf 89' lang='lat' dir='ltr'><strong>amplior</strong></span> <span class='ocrx_word' id='word_1_396' title='bbox 1298 3237 1419 3291; x_wconf 87' lang='lat' dir='ltr'><strong>occurrit</strong></span> <span class='ocrx_word' id='word_1_397' title='bbox 1447 3237 1602 3292; x_wconf 79' lang='lat' dir='ltr'><strong>exercitus:</strong></span> <span class='ocrx_word' id='word_1_398' title='bbox 1624 3237 1671 3306; x_wconf 89' lang='lat' dir='ltr'><strong>qui</strong></span> <span class='ocrx_word' id='word_1_399' title='bbox 1697 3237 1723 3291; x_wconf 91' lang='lat' dir='ltr'><strong>si</strong></span> <span class='ocrx_word' id='word_1_400' title='bbox 1748 3237 1887 3291; x_wconf 75' lang='lat' dir='ltr'><strong>maturi-rs</strong></span> 
     </span>
     <span class='ocr_line' id='line_1_33' title="bbox 252 3328 1889 3400; baseline -0.001 -16"><span class='ocrx_word' id='word_1_401' title='bbox 252 3337 349 3384; x_wconf 88' lang='lat' dir='ltr'><strong>contra</strong></span> <span class='ocrx_word' id='word_1_402' title='bbox 364 3347 425 3388; x_wconf 90' lang='lat' dir='ltr'><strong>eum</strong></span> <span class='ocrx_word' id='word_1_403' title='bbox 440 3330 467 3384; x_wconf 92' lang='lat' dir='ltr'><strong>in</strong></span> <span class='ocrx_word' id='word_1_404' title='bbox 481 3345 577 3399; x_wconf 90' lang='lat' dir='ltr'><strong>campo</strong></span> <span class='ocrx_word' id='word_1_405' title='bbox 596 3330 735 3396; x_wconf 88' lang='lat' dir='ltr'><strong>dimicare,</strong></span> <span class='ocrx_word' id='word_1_406' title='bbox 754 3340 885 3386; x_wconf 88' lang='lat' dir='ltr'><strong>consueta</strong></span> <span class='ocrx_word' id='word_1_407' title='bbox 899 3330 1041 3400; x_wconf 82' lang='lat' dir='ltr'><strong>magnani—</strong></span> <span class='ocrx_word' id='word_1_408' title='bbox 1093 3328 1244 3389; x_wconf 79' lang='lat' dir='ltr'><strong>uenissent,</strong></span> <span class='ocrx_word' id='word_1_409' title='bbox 1261 3329 1382 3383; x_wconf 79' lang='lat' dir='ltr'><strong>exercitu</strong></span> <span class='ocrx_word' id='word_1_410' title='bbox 1407 3335 1561 3388; x_wconf 86' lang='lat' dir='ltr'><strong>cornrente.</strong></span> <span class='ocrx_word' id='word_1_411' title='bbox 1575 3328 1667 3396; x_wconf 80' lang='lat' dir='ltr'><strong>majas</strong></span> <span class='ocrx_word' id='word_1_412' title='bbox 1691 3328 1828 3382; x_wconf 86' lang='lat' dir='ltr'><strong>damnum</strong></span> <span class='ocrx_word' id='word_1_413' title='bbox 1847 3329 1889 3382; x_wconf 83' lang='lat' dir='ltr'><strong>in-</strong></span> 
     </span>
     <span class='ocr_line' id='line_1_34' title="bbox 252 3404 1890 3491; baseline 0.002 -19"><span class='ocrx_word' id='word_1_414' title='bbox 252 3419 348 3475; x_wconf 80' lang='lat' dir='ltr'><strong>anitate</strong></span> <span class='ocrx_word' id='word_1_415' title='bbox 360 3421 574 3490; x_wconf 84' lang='lat' dir='ltr'><strong>pedcsarrnatus</strong></span> <span class='ocrx_word' id='word_1_416' title='bbox 584 3420 655 3474; x_wconf 88' lang='lat' dir='ltr'><strong>inter</strong></span> <span class='ocrx_word' id='word_1_417' title='bbox 666 3404 947 3485; x_wconf 48' lang='lat' dir='ltr'><strong>arma&#39;tosdesecndit</strong></span> <span class='ocrx_word' id='word_1_418' title='bbox 957 3435 1043 3490; x_wconf 92' lang='lat' dir='ltr'><strong>equos</strong></span> <span class='ocrx_word' id='word_1_419' title='bbox 1094 3419 1166 3474; x_wconf 90' lang='lat' dir='ltr'><strong>ferre</strong></span> <span class='ocrx_word' id='word_1_420' title='bbox 1180 3421 1308 3476; x_wconf 77' lang='lat' dir='ltr'><strong>fortassis</strong></span> <span class='ocrx_word' id='word_1_421' title='bbox 1321 3420 1485 3491; x_wconf 89' lang='lat' dir='ltr'><strong>potuissent.</strong></span> <span class='ocrx_word' id='word_1_422' title='bbox 1502 3419 1626 3490; x_wconf 84' lang='lat' dir='ltr'><strong>Crrmquc</strong></span> <span class='ocrx_word' id='word_1_423' title='bbox 1650 3421 1730 3490; x_wconf 86' lang='lat' dir='ltr'><strong>regis</strong></span> <span class='ocrx_word' id='word_1_424' title='bbox 1750 3421 1890 3476; x_wconf 75' lang='lat' dir='ltr'><strong>exercitos</strong></span> 
     </span>
     <span class='ocr_line' id='line_1_35' title="bbox 252 3509 1887 3584; baseline 0 -20"><span class='ocrx_word' id='word_1_425' title='bbox 252 3512 385 3567; x_wconf 88' lang='lat' dir='ltr'><strong>removeri</strong></span> <span class='ocrx_word' id='word_1_426' title='bbox 400 3511 488 3582; x_wconf 88' lang='lat' dir='ltr'><strong>jubet,</strong></span> <span class='ocrx_word' id='word_1_427' title='bbox 503 3527 572 3584; x_wconf 89' lang='lat' dir='ltr'><strong>qnos</strong></span> <span class='ocrx_word' id='word_1_428' title='bbox 595 3512 762 3568; x_wconf 87' lang='lat' dir='ltr'><strong>descendere</strong></span> <span class='ocrx_word' id='word_1_429' title='bbox 781 3528 874 3568; x_wconf 86' lang='lat' dir='ltr'><strong>secum</strong></span> <span class='ocrx_word' id='word_1_430' title='bbox 892 3513 993 3566; x_wconf 87' lang='lat' dir='ltr'><strong>fecerat</strong></span> <span class='ocrx_word' id='word_1_431' title='bbox 1009 3512 1043 3566; x_wconf 91' lang='lat' dir='ltr'><strong>ad</strong></span> <span class='ocrx_word' id='word_1_432' title='bbox 1094 3512 1308 3581; x_wconf 84' lang='lat' dir='ltr'><strong>circumquaque</strong></span> <span class='ocrx_word' id='word_1_433' title='bbox 1340 3510 1499 3580; x_wconf 88' lang='lat' dir='ltr'><strong>dispersus.</strong></span> <span class='ocrx_word' id='word_1_434' title='bbox 1532 3510 1578 3564; x_wconf 90' lang='lat' dir='ltr'><strong>alii</strong></span> <span class='ocrx_word' id='word_1_435' title='bbox 1609 3509 1810 3572; x_wconf 76' lang='lat' dir='ltr'><strong>Aurelianum,</strong></span> <span class='ocrx_word' id='word_1_436' title='bbox 1843 3511 1887 3564; x_wconf 85' lang='lat' dir='ltr'><strong>alii</strong></span> 
     </span>
     <span class='ocr_line' id='line_1_36' title="bbox 252 3601 1887 3673; baseline 0 -16"><span class='ocrx_word' id='word_1_437' title='bbox 252 3603 394 3658; x_wconf 89' lang='lat' dir='ltr'><strong>audaciam</strong></span> <span class='ocrx_word' id='word_1_438' title='bbox 410 3603 517 3668; x_wconf 84' lang='lat' dir='ltr'><strong>imitat,</strong></span> <span class='ocrx_word' id='word_1_439' title='bbox 532 3619 568 3658; x_wconf 88' lang='lat' dir='ltr'><strong>nc</strong></span> <span class='ocrx_word' id='word_1_440' title='bbox 588 3602 733 3659; x_wconf 88' lang='lat' dir='ltr'><strong>flectantur</strong></span> <span class='ocrx_word' id='word_1_441' title='bbox 749 3605 888 3668; x_wconf 90' lang='lat' dir='ltr'><strong>sollicitat,</strong></span> <span class='ocrx_word' id='word_1_442' title='bbox 901 3613 931 3658; x_wconf 88' lang='lat' dir='ltr'><strong>ut</strong></span> <span class='ocrx_word' id='word_1_443' title='bbox 946 3605 1041 3658; x_wconf 82' lang='lat' dir='ltr'><strong>fortis·</strong></span> <span class='ocrx_word' id='word_1_444' title='bbox 1095 3601 1233 3673; x_wconf 86' lang='lat' dir='ltr'><strong>Starnpas,</strong></span> <span class='ocrx_word' id='word_1_445' title='bbox 1248 3604 1295 3656; x_wconf 91' lang='lat' dir='ltr'><strong>alii</strong></span> <span class='ocrx_word' id='word_1_446' title='bbox 1306 3602 1424 3657; x_wconf 83' lang='lat' dir='ltr'><strong>Piserirn</strong></span> <span class='ocrx_word' id='word_1_447' title='bbox 1445 3602 1645 3665; x_wconf 88' lang='lat' dir='ltr'><strong>tetendissent,</strong></span> <span class='ocrx_word' id='word_1_448' title='bbox 1663 3618 1715 3657; x_wconf 75' lang='lat' dir='ltr'><strong>rex</strong></span> <span class='ocrx_word' id='word_1_449' title='bbox 1739 3601 1887 3658; x_wconf 72' lang='lat' dir='ltr'><strong>Tauricam</strong></span> 
     </span>
     <span class='ocr_line' id='line_1_37' title="bbox 252 3694 1889 3767; baseline 0 -17"><span class='ocrx_word' id='word_1_450' title='bbox 252 3696 322 3750; x_wconf 86' lang='lat' dir='ltr'><strong>sime</strong></span> <span class='ocrx_word' id='word_1_451' title='bbox 346 3695 479 3750; x_wconf 90' lang='lat' dir='ltr'><strong>dimicent</strong></span> <span class='ocrx_word' id='word_1_452' title='bbox 506 3696 617 3750; x_wconf 90' lang='lat' dir='ltr'><strong>clamat.</strong></span> <span class='ocrx_word' id='word_1_453' title='bbox 647 3695 733 3762; x_wconf 83' lang='lat' dir='ltr'><strong>Qirern</strong></span> <span class='ocrx_word' id='word_1_454' title='bbox 757 3711 819 3750; x_wconf 91' lang='lat' dir='ltr'><strong>cum</strong></span> <span class='ocrx_word' id='word_1_455' title='bbox 839 3695 907 3751; x_wconf 89' lang='lat' dir='ltr'><strong>adeo</strong></span> <span class='ocrx_word' id='word_1_456' title='bbox 931 3703 1042 3753; x_wconf 82' lang='lat' dir='ltr'><strong>strenue</strong></span> <span class='ocrx_word' id='word_1_457' title='bbox 1092 3694 1222 3766; x_wconf 89' lang='lat' dir='ltr'><strong>fatigatus</strong></span> <span class='ocrx_word' id='word_1_458' title='bbox 1234 3694 1392 3760; x_wconf 81' lang='lat' dir='ltr'><strong>doreniens,</strong></span> <span class='ocrx_word' id='word_1_459' title='bbox 1402 3696 1499 3766; x_wconf 92' lang='lat' dir='ltr'><strong>pulsus</strong></span> <span class='ocrx_word' id='word_1_460' title='bbox 1514 3703 1543 3749; x_wconf 90' lang='lat' dir='ltr'><strong>nt</strong></span> <span class='ocrx_word' id='word_1_461' title='bbox 1560 3695 1785 3767; x_wconf 64' lang='lat' dir='ltr'><strong>amrentisiilti)</strong></span> <span class='ocrx_word' id='word_1_462' title='bbox 1801 3696 1889 3766; x_wconf 81' lang='lat' dir='ltr'><strong>primo</strong></span> 
     </span>
     <span class='ocr_line' id='line_1_38' title="bbox 252 3785 1889 3861; baseline 0.002 -22"><span class='ocrx_word' id='word_1_463' title='bbox 252 3785 405 3840; x_wconf 76' lang='lat' dir='ltr'><strong>uenientem</strong></span> <span class='ocrx_word' id='word_1_464' title='bbox 421 3785 516 3840; x_wconf 91' lang='lat' dir='ltr'><strong>bostes</strong></span> <span class='ocrx_word' id='word_1_465' title='bbox 527 3795 554 3840; x_wconf 93' lang='lat' dir='ltr'><strong>et</strong></span> <span class='ocrx_word' id='word_1_466' title='bbox 570 3786 693 3842; x_wconf 82' lang='lat' dir='ltr'><strong>riderent</strong></span> <span class='ocrx_word' id='word_1_467' title='bbox 704 3795 731 3841; x_wconf 91' lang='lat' dir='ltr'><strong>et</strong></span> <span class='ocrx_word' id='word_1_468' title='bbox 745 3787 922 3842; x_wconf 89' lang='lat' dir='ltr'><strong>formidarent</strong></span> <span class='ocrx_word' id='word_1_469' title='bbox 939 3807 945 3841; x_wconf 93' lang='lat'>:</span> <span class='ocrx_word' id='word_1_470' title='bbox 961 3787 1041 3842; x_wconf 87' lang='lat' dir='ltr'><strong>veriti</strong></span> <span class='ocrx_word' id='word_1_471' title='bbox 1092 3790 1243 3844; x_wconf 87' lang='lat' dir='ltr'><strong>certamine</strong></span> <span class='ocrx_word' id='word_1_472' title='bbox 1257 3798 1354 3846; x_wconf 83' lang='lat' dir='ltr'><strong>tainus</strong></span> <span class='ocrx_word' id='word_1_473' title='bbox 1371 3789 1497 3861; x_wconf 81' lang='lat' dir='ltr'><strong>explorat</strong></span> <span class='ocrx_word' id='word_1_474' title='bbox 1515 3805 1620 3846; x_wconf 73' lang='lat' dir='ltr'><strong>cornera</strong></span> <span class='ocrx_word' id='word_1_475' title='bbox 1640 3792 1768 3852; x_wconf 83' lang='lat' dir='ltr'><strong>trurrris.</strong></span> <span class='ocrx_word' id='word_1_476' title='bbox 1789 3799 1818 3846; x_wconf 84' lang='lat' dir='ltr'><strong>ct</strong></span> <span class='ocrx_word' id='word_1_477' title='bbox 1833 3788 1889 3842; x_wconf 88' lang='lat' dir='ltr'><strong>fur·</strong></span> 
     </span>
     <span class='ocr_line' id='line_1_39' title="bbox 253 3878 1889 3953; baseline 0 -19"><span class='ocrx_word' id='word_1_478' title='bbox 253 3878 337 3934; x_wconf 81' lang='lat' dir='ltr'><strong>:astri</strong></span> <span class='ocrx_word' id='word_1_479' title='bbox 354 3878 527 3948; x_wconf 91' lang='lat' dir='ltr'><strong>procinctum</strong></span> <span class='ocrx_word' id='word_1_480' title='bbox 548 3879 634 3944; x_wconf 78' lang='lat' dir='ltr'><strong>crire,</strong></span> <span class='ocrx_word' id='word_1_481' title='bbox 658 3879 760 3945; x_wconf 88' lang='lat' dir='ltr'><strong>timide,</strong></span> <span class='ocrx_word' id='word_1_482' title='bbox 778 3879 825 3935; x_wconf 91' lang='lat' dir='ltr'><strong>sed</strong></span> <span class='ocrx_word' id='word_1_483' title='bbox 851 3887 940 3944; x_wconf 89' lang='lat' dir='ltr'><strong>caute,</strong></span> <span class='ocrx_word' id='word_1_484' title='bbox 953 3881 1041 3950; x_wconf 85' lang='lat' dir='ltr'><strong>elege-</strong></span> <span class='ocrx_word' id='word_1_485' title='bbox 1093 3881 1202 3937; x_wconf 85' lang='lat' dir='ltr'><strong>tissime</strong></span> <span class='ocrx_word' id='word_1_486' title='bbox 1222 3889 1333 3952; x_wconf 86' lang='lat' dir='ltr'><strong>pectore</strong></span> <span class='ocrx_word' id='word_1_487' title='bbox 1357 3883 1443 3938; x_wconf 90' lang='lat' dir='ltr'><strong>robur</strong></span> <span class='ocrx_word' id='word_1_488' title='bbox 1467 3883 1631 3953; x_wconf 87' lang='lat' dir='ltr'><strong>recolligens</strong></span> <span class='ocrx_word' id='word_1_489' title='bbox 1652 3883 1680 3936; x_wconf 92' lang='lat' dir='ltr'><strong>in</strong></span> <span class='ocrx_word' id='word_1_490' title='bbox 1707 3882 1820 3938; x_wconf 57' lang='lat' dir='ltr'><strong>bissem</strong></span> <span class='ocrx_word' id='word_1_491' title='bbox 1841 3896 1889 3950; x_wconf 82' lang='lat' dir='ltr'><strong>per</strong></span> 
     </span>
     <span class='ocr_line' id='line_1_40' title="bbox 251 3970 1888 4044; baseline 0.001 -18"><span class='ocrx_word' id='word_1_492' title='bbox 251 3978 317 4026; x_wconf 87' lang='lat' dir='ltr'><strong>rurrt</strong></span> <span class='ocrx_word' id='word_1_493' title='bbox 346 3970 417 4026; x_wconf 90' lang='lat' dir='ltr'><strong>infra</strong></span> <span class='ocrx_word' id='word_1_494' title='bbox 444 3972 590 4042; x_wconf 87' lang='lat' dir='ltr'><strong>quemdam</strong></span> <span class='ocrx_word' id='word_1_495' title='bbox 621 3971 753 4027; x_wconf 88' lang='lat' dir='ltr'><strong>fossatum</strong></span> <span class='ocrx_word' id='word_1_496' title='bbox 785 3971 928 4043; x_wconf 89' lang='lat' dir='ltr'><strong>antiquum</strong></span> <span class='ocrx_word' id='word_1_497' title='bbox 957 3972 1041 4027; x_wconf 89' lang='lat' dir='ltr'><strong>dimti</strong></span> <span class='ocrx_word' id='word_1_498' title='bbox 1091 3973 1194 4028; x_wconf 88' lang='lat' dir='ltr'><strong>ferrum</strong></span> <span class='ocrx_word' id='word_1_499' title='bbox 1216 3974 1306 4044; x_wconf 87' lang='lat' dir='ltr'><strong>magni</strong></span> <span class='ocrx_word' id='word_1_500' title='bbox 1327 3989 1443 4030; x_wconf 66' lang='lat' dir='ltr'><strong>medrus</strong></span> <span class='ocrx_word' id='word_1_501' title='bbox 1469 3973 1590 4030; x_wconf 78' lang='lat' dir='ltr'><strong>rulrmris</strong></span> <span class='ocrx_word' id='word_1_502' title='bbox 1612 3975 1693 4030; x_wconf 80' lang='lat' dir='ltr'><strong>exit:</strong></span> <span class='ocrx_word' id='word_1_503' title='bbox 1715 3975 1793 4028; x_wconf 86' lang='lat' dir='ltr'><strong>baud</strong></span> <span class='ocrx_word' id='word_1_504' title='bbox 1808 3989 1888 4030; x_wconf 82' lang='lat' dir='ltr'><strong>seras</strong></span> 
     </span>
     <span class='ocr_line' id='line_1_41' title="bbox 250 4062 1888 4135; baseline -0.001 -17"><span class='ocrx_word' id='word_1_505' title='bbox 250 4063 335 4118; x_wconf 82' lang='lat' dir='ltr'><strong>castri</strong></span> <span class='ocrx_word' id='word_1_506' title='bbox 351 4064 424 4119; x_wconf 90' lang='lat' dir='ltr'><strong>acies</strong></span> <span class='ocrx_word' id='word_1_507' title='bbox 450 4079 625 4134; x_wconf 87' lang='lat' dir='ltr'><strong>componere,</strong></span> <span class='ocrx_word' id='word_1_508' title='bbox 651 4063 742 4135; x_wconf 89' lang='lat' dir='ltr'><strong>ibique</strong></span> <span class='ocrx_word' id='word_1_509' title='bbox 757 4071 926 4134; x_wconf 81' lang='lat' dir='ltr'><strong>exspectare,</strong></span> <span class='ocrx_word' id='word_1_510' title='bbox 942 4065 970 4118; x_wconf 89' lang='lat' dir='ltr'><strong>in</strong></span> <span class='ocrx_word' id='word_1_511' title='bbox 989 4063 1041 4119; x_wconf 92' lang='lat' dir='ltr'><strong>hoc</strong></span> <span class='ocrx_word' id='word_1_512' title='bbox 1091 4078 1141 4117; x_wconf 83' lang='lat' dir='ltr'><strong>rex</strong></span> <span class='ocrx_word' id='word_1_513' title='bbox 1153 4063 1303 4118; x_wconf 82' lang='lat' dir='ltr'><strong>exercitum</strong></span> <span class='ocrx_word' id='word_1_514' title='bbox 1314 4078 1448 4118; x_wconf 84' lang='lat' dir='ltr'><strong>revocans</strong></span> <span class='ocrx_word' id='word_1_515' title='bbox 1464 4065 1622 4119; x_wconf 88' lang='lat' dir='ltr'><strong>strenuitati</strong></span> <span class='ocrx_word' id='word_1_516' title='bbox 1634 4062 1786 4126; x_wconf 85' lang='lat' dir='ltr'><strong>reformat,</strong></span> <span class='ocrx_word' id='word_1_517' title='bbox 1804 4063 1888 4117; x_wconf 86' lang='lat' dir='ltr'><strong>auda-</strong></span> 
     </span>
     <span class='ocr_line' id='line_1_42' title="bbox 252 4153 1886 4225; baseline 0 -15"><span class='ocrx_word' id='word_1_518' title='bbox 252 4154 392 4219; x_wconf 90' lang='lat' dir='ltr'><strong>callentes,</strong></span> <span class='ocrx_word' id='word_1_519' title='bbox 409 4161 439 4208; x_wconf 91' lang='lat' dir='ltr'><strong>ut</strong></span> <span class='ocrx_word' id='word_1_520' title='bbox 456 4170 518 4211; x_wconf 91' lang='lat' dir='ltr'><strong>cum</strong></span> <span class='ocrx_word' id='word_1_521' title='bbox 540 4155 614 4225; x_wconf 85' lang='lat' dir='ltr'><strong>regis</strong></span> <span class='ocrx_word' id='word_1_522' title='bbox 627 4157 764 4211; x_wconf 80' lang='lat' dir='ltr'><strong>exercitus</strong></span> <span class='ocrx_word' id='word_1_523' title='bbox 789 4153 922 4212; x_wconf 87' lang='lat' dir='ltr'><strong>fossatum</strong></span> <span class='ocrx_word' id='word_1_524' title='bbox 940 4155 1036 4211; x_wconf 88' lang='lat' dir='ltr'><strong>innite·</strong></span> <span class='ocrx_word' id='word_1_525' title='bbox 1092 4156 1163 4208; x_wconf 82' lang='lat' dir='ltr'><strong>eiarn</strong></span> <span class='ocrx_word' id='word_1_526' title='bbox 1179 4163 1299 4224; x_wconf 86' lang='lat' dir='ltr'><strong>reparat,</strong></span> <span class='ocrx_word' id='word_1_527' title='bbox 1314 4155 1453 4210; x_wconf 72' lang='lat' dir='ltr'><strong>euerritns</strong></span> <span class='ocrx_word' id='word_1_528' title='bbox 1466 4156 1574 4211; x_wconf 91' lang='lat' dir='ltr'><strong>ruinam</strong></span> <span class='ocrx_word' id='word_1_529' title='bbox 1601 4155 1743 4218; x_wconf 78' lang='lat' dir='ltr'><strong>stultitiae.</strong></span> <span class='ocrx_word' id='word_1_530' title='bbox 1762 4173 1822 4210; x_wconf 85' lang='lat' dir='ltr'><strong>nou</strong></span> <span class='ocrx_word' id='word_1_531' title='bbox 1837 4157 1886 4210; x_wconf 86' lang='lat' dir='ltr'><strong>inr-</strong></span> 
     </span>
     <span class='ocr_line' id='line_1_43' title="bbox 250 4244 1887 4318; baseline -0.002 -15"><span class='ocrx_word' id='word_1_532' title='bbox 250 4256 327 4304; x_wconf 86' lang='lat' dir='ltr'><strong>retur</strong></span> <span class='ocrx_word' id='word_1_533' title='bbox 346 4249 549 4316; x_wconf 91' lang='lat' dir='ltr'><strong>conscendere,</strong></span> <span class='ocrx_word' id='word_1_534' title='bbox 576 4249 633 4305; x_wconf 92' lang='lat' dir='ltr'><strong>illic</strong></span> <span class='ocrx_word' id='word_1_535' title='bbox 654 4248 792 4314; x_wconf 90' lang='lat' dir='ltr'><strong>resistere,</strong></span> <span class='ocrx_word' id='word_1_536' title='bbox 815 4249 888 4306; x_wconf 90' lang='lat' dir='ltr'><strong>acies</strong></span> <span class='ocrx_word' id='word_1_537' title='bbox 907 4249 1041 4305; x_wconf 84' lang='lat' dir='ltr'><strong>ordinatae</strong></span> <span class='ocrx_word' id='word_1_538' title='bbox 1092 4244 1244 4315; x_wconf 76' lang='lat' dir='ltr'><strong>prudentiae</strong></span> <span class='ocrx_word' id='word_1_539' title='bbox 1257 4253 1376 4317; x_wconf 84' lang='lat' dir='ltr'><strong>reputat.</strong></span> <span class='ocrx_word' id='word_1_540' title='bbox 1392 4245 1586 4304; x_wconf 77' lang='lat' dir='ltr'><strong>lner¹itabilitcr</strong></span> <span class='ocrx_word' id='word_1_541' title='bbox 1602 4248 1647 4303; x_wconf 87' lang='lat' dir='ltr'><strong>bis</strong></span> <span class='ocrx_word' id='word_1_542' title='bbox 1667 4249 1824 4318; x_wconf 86' lang='lat' dir='ltr'><strong>aliquando</strong></span> <span class='ocrx_word' id='word_1_543' title='bbox 1837 4250 1887 4302; x_wconf 86' lang='lat' dir='ltr'><strong>ml·</strong></span> 
     </span>
     <span class='ocr_line' id='line_1_44' title="bbox 250 4335 1886 4414; baseline 0 -18"><span class='ocrx_word' id='word_1_544' title='bbox 250 4341 325 4414; x_wconf 80' lang='lat' dir='ltr'><strong>(tlt)</strong></span> <span class='ocrx_word' id='word_1_545' title='bbox 341 4342 579 4410; x_wconf 76' lang='lat' dir='ltr'><strong>exordinarentur,</strong></span> <span class='ocrx_word' id='word_1_546' title='bbox 596 4341 764 4397; x_wconf 83' lang='lat' dir='ltr'><strong>exordinatae</strong></span> <span class='ocrx_word' id='word_1_547' title='bbox 776 4340 946 4396; x_wconf 86' lang='lat' dir='ltr'><strong>vacillarent.</strong></span> <span class='ocrx_word' id='word_1_548' title='bbox 962 4339 1040 4408; x_wconf 84' lang='lat' dir='ltr'><strong>Quod</strong></span> <span class='ocrx_word' id='word_1_549' title='bbox 1092 4335 1181 4389; x_wconf 80' lang='lat' dir='ltr'><strong>titiam</strong></span> <span class='ocrx_word' id='word_1_550' title='bbox 1198 4337 1342 4406; x_wconf 79' lang='lat' dir='ltr'><strong>sribiaccre</strong></span> <span class='ocrx_word' id='word_1_551' title='bbox 1364 4347 1498 4409; x_wconf 86' lang='lat' dir='ltr'><strong>reportat,</strong></span> <span class='ocrx_word' id='word_1_552' title='bbox 1514 4347 1591 4395; x_wconf 91' lang='lat' dir='ltr'><strong>tanto</strong></span> <span class='ocrx_word' id='word_1_553' title='bbox 1607 4340 1733 4395; x_wconf 88' lang='lat' dir='ltr'><strong>ferocius</strong></span> <span class='ocrx_word' id='word_1_554' title='bbox 1755 4350 1785 4396; x_wconf 86' lang='lat' dir='ltr'><strong>et</strong></span> <span class='ocrx_word' id='word_1_555' title='bbox 1804 4341 1886 4395; x_wconf 74' lang='lat' dir='ltr'><strong>auda</strong></span> 
     </span>
     <span class='ocr_line' id='line_1_45' title="bbox 250 4427 1885 4507; baseline 0.002 -19"><span class='ocrx_word' id='word_1_556' title='bbox 250 4450 348 4506; x_wconf 88' lang='lat' dir='ltr'><strong>magna</strong></span> <span class='ocrx_word' id='word_1_557' title='bbox 368 4435 401 4492; x_wconf 91' lang='lat' dir='ltr'><strong>dc</strong></span> <span class='ocrx_word' id='word_1_558' title='bbox 426 4443 502 4506; x_wconf 90' lang='lat' dir='ltr'><strong>parte</strong></span> <span class='ocrx_word' id='word_1_559' title='bbox 523 4436 682 4507; x_wconf 86' lang='lat' dir='ltr'><strong>contingere</strong></span> <span class='ocrx_word' id='word_1_560' title='bbox 703 4435 827 4506; x_wconf 88' lang='lat' dir='ltr'><strong>contigit.</strong></span> <span class='ocrx_word' id='word_1_561' title='bbox 848 4434 940 4491; x_wconf 88' lang='lat' dir='ltr'><strong>Primo</strong></span> <span class='ocrx_word' id='word_1_562' title='bbox 966 4436 1038 4491; x_wconf 89' lang='lat' dir='ltr'><strong>enim</strong></span> <span class='ocrx_word' id='word_1_563' title='bbox 1091 4427 1163 4492; x_wconf 71' lang='lat' dir='ltr'><strong>tius,</strong></span> <span class='ocrx_word' id='word_1_564' title='bbox 1188 4431 1212 4485; x_wconf 80' lang='lat' dir='ltr'><strong>si</strong></span> <span class='ocrx_word' id='word_1_565' title='bbox 1235 4431 1427 4501; x_wconf 69' lang='lat' dir='ltr'><strong>opportunitas</strong></span> <span class='ocrx_word' id='word_1_566' title='bbox 1443 4431 1580 4486; x_wconf 75' lang='lat' dir='ltr'><strong>condonet</strong></span> <span class='ocrx_word' id='word_1_567' title='bbox 1595 4431 1742 4495; x_wconf 71' lang='lat' dir='ltr'><strong>dimicare.</strong></span> <span class='ocrx_word' id='word_1_568' title='bbox 1755 4434 1885 4504; x_wconf 81' lang='lat' dir='ltr'><strong>injuriant</strong></span> 
     </span>
     <span class='ocr_line' id='line_1_46' title="bbox 250 4519 1885 4600; baseline 0.002 -19"><span class='ocrx_word' id='word_1_569' title='bbox 250 4529 455 4598; x_wconf 86' lang='lat' dir='ltr'><strong>corrgressionis</strong></span> <span class='ocrx_word' id='word_1_570' title='bbox 466 4528 568 4600; x_wconf 88' lang='lat' dir='ltr'><strong>impetu</strong></span> <span class='ocrx_word' id='word_1_571' title='bbox 579 4544 641 4583; x_wconf 92' lang='lat' dir='ltr'><strong>cum</strong></span> <span class='ocrx_word' id='word_1_572' title='bbox 653 4529 720 4600; x_wconf 86' lang='lat' dir='ltr'><strong>regii</strong></span> <span class='ocrx_word' id='word_1_573' title='bbox 732 4529 848 4599; x_wconf 89' lang='lat' dir='ltr'><strong>quirites</strong></span> <span class='ocrx_word' id='word_1_574' title='bbox 858 4530 942 4583; x_wconf 91' lang='lat' dir='ltr'><strong>multa</strong></span> <span class='ocrx_word' id='word_1_575' title='bbox 955 4526 1038 4592; x_wconf 85' lang='lat' dir='ltr'><strong>caede,</strong></span> <span class='ocrx_word' id='word_1_576' title='bbox 1056 4537 1079 4596; x_wconf 79' lang='grc' dir='ltr'><strong>ι)</strong></span> <span class='ocrx_word' id='word_1_577' title='bbox 1093 4519 1195 4574; x_wconf 87' lang='lat' dir='ltr'><strong>illatam</strong></span> <span class='ocrx_word' id='word_1_578' title='bbox 1210 4521 1317 4591; x_wconf 69' lang='lat' dir='ltr'><strong>ponite,</strong></span> <span class='ocrx_word' id='word_1_579' title='bbox 1335 4530 1391 4576; x_wconf 90' lang='lat' dir='ltr'><strong>tam</strong></span> <span class='ocrx_word' id='word_1_580' title='bbox 1405 4521 1547 4581; x_wconf 63' lang='lat' dir='ltr'><strong>blanditiis</strong></span> <span class='ocrx_word' id='word_1_581' title='bbox 1562 4537 1646 4592; x_wconf 91' lang='lat' dir='ltr'><strong>quam</strong></span> <span class='ocrx_word' id='word_1_582' title='bbox 1660 4523 1749 4578; x_wconf 70' lang='lat' dir='ltr'><strong>minis</strong></span> <span class='ocrx_word' id='word_1_583' title='bbox 1762 4525 1885 4579; x_wconf 65' lang='lat' dir='ltr'><strong>mittit</strong></span> 
     </span>
     <span class='ocr_line' id='line_1_47' title="bbox 249 4610 1884 4694; baseline 0.007 -21"><span class='ocrx_word' id='word_1_584' title='bbox 249 4621 320 4674; x_wconf 84' lang='lat' dir='ltr'><strong>inira</strong></span> <span class='ocrx_word' id='word_1_585' title='bbox 338 4621 464 4685; x_wconf 88' lang='lat' dir='ltr'><strong>audacia,</strong></span> <span class='ocrx_word' id='word_1_586' title='bbox 486 4620 622 4678; x_wconf 84' lang='lat' dir='ltr'><strong>aiassato</strong></span> <span class='ocrx_word' id='word_1_587' title='bbox 635 4637 682 4678; x_wconf 92' lang='lat' dir='ltr'><strong>eos</strong></span> <span class='ocrx_word' id='word_1_588' title='bbox 706 4623 777 4678; x_wconf 91' lang='lat' dir='ltr'><strong>sicut</strong></span> <span class='ocrx_word' id='word_1_589' title='bbox 799 4623 886 4678; x_wconf 89' lang='lat' dir='ltr'><strong>victos</strong></span> <span class='ocrx_word' id='word_1_590' title='bbox 899 4623 1039 4694; x_wconf 89' lang='lat' dir='ltr'><strong>propulis-</strong></span> <span class='ocrx_word' id='word_1_591' title='bbox 1092 4610 1402 4680; x_wconf 65' lang='grc' dir='ltr'><strong>Ι1111111111·1311111111111111</strong></span> <span class='ocrx_word' id='word_1_592' title='bbox 1421 4611 1817 4684; x_wconf 64' lang='lat' dir='ltr'><strong>FrontistltttfflNtmfflfflt</strong></span> <span class='ocrx_word' id='word_1_593' title='bbox 1841 4632 1884 4670; x_wconf 63' lang='grc'><strong>11·</strong></span> 
     </span>
     <span class='ocr_line' id='line_1_48' title="bbox 249 4703 1883 4776; baseline 0.006 -22"><span class='ocrx_word' id='word_1_594' title='bbox 249 4725 329 4776; x_wconf 50' lang='lat' dir='ltr'><strong>sem,</strong></span> <span class='ocrx_word' id='word_1_595' title='bbox 354 4713 524 4770; x_wconf 65' lang='lat' dir='ltr'><strong>exordinatis</strong></span> <span class='ocrx_word' id='word_1_596' title='bbox 547 4715 659 4770; x_wconf 70' lang='lat' dir='ltr'><strong>aciebus</strong></span> <span class='ocrx_word' id='word_1_597' title='bbox 687 4731 735 4770; x_wconf 58' lang='grc' dir='ltr'><strong>ρος</strong></span> <span class='ocrx_word' id='word_1_598' title='bbox 758 4715 945 4770; x_wconf 62' lang='lat' dir='ltr'><strong>indifferenter</strong></span> <span class='ocrx_word' id='word_1_599' title='bbox 964 4716 1039 4770; x_wconf 67' lang='lat' dir='ltr'><strong>inge.</strong></span> <span class='ocrx_word' id='word_1_600' title='bbox 1089 4703 1140 4755; x_wconf 72' lang='lat' dir='ltr'><strong>Sll&#39;i</strong></span> <span class='ocrx_word' id='word_1_601' title='bbox 1152 4703 1320 4757; x_wconf 73' lang='lat' dir='ltr'><strong>restitutioni</strong></span> <span class='ocrx_word' id='word_1_602' title='bbox 1343 4703 1475 4759; x_wconf 68' lang='lat' dir='ltr'><strong>issSiSlllssl</strong></span> <span class='ocrx_word' id='word_1_603' title='bbox 1498 4703 1603 4776; x_wconf 61' lang='lat' dir='ltr'><strong>(aderat</strong></span> <span class='ocrx_word' id='word_1_604' title='bbox 1620 4707 1695 4761; x_wconf 68' lang='lat' dir='ltr'><strong>ellim</strong></span> <span class='ocrx_word' id='word_1_605' title='bbox 1707 4723 1776 4763; x_wconf 76' lang='lat' dir='ltr'><strong>Cum</strong></span> <span class='ocrx_word' id='word_1_606' title='bbox 1794 4708 1883 4764; x_wconf 62' lang='lat' dir='ltr'><strong>Theo·</strong></span> 
     </span>
     <span class='ocr_line' id='line_1_49' title="bbox 248 4793 1883 4878; baseline 0.002 -20"><span class='ocrx_word' id='word_1_607' title='bbox 248 4816 367 4874; x_wconf 89' lang='lat' dir='ltr'><strong>quentes</strong></span> <span class='ocrx_word' id='word_1_608' title='bbox 381 4805 531 4877; x_wconf 89' lang='lat' dir='ltr'><strong>agitabant.</strong></span> <span class='ocrx_word' id='word_1_609' title='bbox 543 4804 650 4862; x_wconf 89' lang='lat' dir='ltr'><strong>lnterea</strong></span> <span class='ocrx_word' id='word_1_610' title='bbox 664 4805 799 4862; x_wconf 88' lang='lat' dir='ltr'><strong>lladullus</strong></span> <span class='ocrx_word' id='word_1_611' title='bbox 819 4806 1038 4878; x_wconf 89' lang='lat' dir='ltr'><strong>Bangenciacen-</strong></span> <span class='ocrx_word' id='word_1_612' title='bbox 1089 4795 1168 4849; x_wconf 73' lang='grc'><strong>11111111</strong></span> <span class='ocrx_word' id='word_1_613' title='bbox 1191 4796 1291 4850; x_wconf 64' lang='grc'><strong>10111111</strong></span> <span class='ocrx_word' id='word_1_614' title='bbox 1310 4804 1338 4849; x_wconf 74' lang='lat' dir='ltr'><strong>tt</strong></span> <span class='ocrx_word' id='word_1_615' title='bbox 1357 4796 1480 4850; x_wconf 62' lang='grc'><strong>1111111111</strong></span> <span class='ocrx_word' id='word_1_616' title='bbox 1501 4793 1751 4863; x_wconf 67' lang='lat' dir='ltr'><strong>nortmannorum,</strong></span> <span class='ocrx_word' id='word_1_617' title='bbox 1771 4807 1805 4854; x_wconf 72' lang='lat' dir='ltr'><strong>et</strong></span> <span class='ocrx_word' id='word_1_618' title='bbox 1824 4800 1883 4854; x_wconf 77' lang='lat' dir='ltr'><strong>illio</strong></span> 
     </span>
     <span class='ocr_line' id='line_1_50' title="bbox 248 4886 1881 4970; baseline 0.006 -18"><span class='ocrx_word' id='word_1_619' title='bbox 248 4898 299 4961; x_wconf 88' lang='lat' dir='ltr'><strong>sis,</strong></span> <span class='ocrx_word' id='word_1_620' title='bbox 312 4897 353 4952; x_wconf 83' lang='lat' dir='ltr'><strong>vir</strong></span> <span class='ocrx_word' id='word_1_621' title='bbox 365 4913 470 4969; x_wconf 79' lang='lat' dir='ltr'><strong>magnae</strong></span> <span class='ocrx_word' id='word_1_622' title='bbox 486 4898 560 4969; x_wconf 67' lang='lat' dir='ltr'><strong>(tlt)</strong></span> <span class='ocrx_word' id='word_1_623' title='bbox 585 4899 742 4970; x_wconf 86' lang='lat' dir='ltr'><strong>sagacitatis</strong></span> <span class='ocrx_word' id='word_1_624' title='bbox 757 4906 784 4956; x_wconf 92' lang='lat' dir='ltr'><strong>et</strong></span> <span class='ocrx_word' id='word_1_625' title='bbox 800 4898 981 4962; x_wconf 90' lang='lat' dir='ltr'><strong>strenuitatis,</strong></span> <span class='ocrx_word' id='word_1_626' title='bbox 996 4898 1038 4953; x_wconf 92' lang='lat' dir='ltr'><strong>id·</strong></span> <span class='ocrx_word' id='word_1_627' title='bbox 1089 4888 1122 4940; x_wconf 76' lang='lat' dir='ltr'><strong>dt</strong></span> <span class='ocrx_word' id='word_1_628' title='bbox 1136 4886 1360 4954; x_wconf 54' lang='lat' dir='ltr'><strong>Monte-lettorii,</strong></span> <span class='ocrx_word' id='word_1_629' title='bbox 1382 4895 1409 4942; x_wconf 70' lang='lat' dir='ltr'><strong>tt</strong></span> <span class='ocrx_word' id='word_1_630' title='bbox 1422 4895 1477 4943; x_wconf 88' lang='lat' dir='ltr'><strong>tarn</strong></span> <span class='ocrx_word' id='word_1_631' title='bbox 1491 4887 1568 4959; x_wconf 66' lang='grc'><strong>1111110</strong></span> <span class='ocrx_word' id='word_1_632' title='bbox 1581 4889 1791 4955; x_wconf 76' lang='lat' dir='ltr'><strong>creciacensis,</strong></span> <span class='ocrx_word' id='word_1_633' title='bbox 1801 4907 1881 4962; x_wconf 68' lang='grc'><strong>11111111</strong></span> 
     </span>
    </p>
   </div>
   <div class='ocr_carea' id='block_1_3' title="bbox 248 4975 1882 5164">
    <p class='ocr_par' dir='ltr' id='par_1_3' title="bbox 248 4975 1882 5164">
     <span class='ocr_line' id='line_1_51' title="bbox 248 4975 1881 5062; baseline 0.006 -18"><span class='ocrx_word' id='word_1_634' title='bbox 248 4990 339 5060; x_wconf 91' lang='lat' dir='ltr'><strong>ipsum</strong></span> <span class='ocrx_word' id='word_1_635' title='bbox 360 4989 433 5061; x_wconf 92' lang='lat' dir='ltr'><strong>quod</strong></span> <span class='ocrx_word' id='word_1_636' title='bbox 453 4991 567 5062; x_wconf 90' lang='lat' dir='ltr'><strong>contigit</strong></span> <span class='ocrx_word' id='word_1_637' title='bbox 589 4993 667 5062; x_wconf 89' lang='lat' dir='ltr'><strong>prins</strong></span> <span class='ocrx_word' id='word_1_638' title='bbox 699 4990 866 5054; x_wconf 84' lang='lat' dir='ltr'><strong>fomiidans,</strong></span> <span class='ocrx_word' id='word_1_639' title='bbox 887 4991 1039 5046; x_wconf 82' lang='lat' dir='ltr'><strong>exercitum</strong></span> <span class='ocrx_word' id='word_1_640' title='bbox 1089 4975 1173 5035; x_wconf 62' lang='grc'><strong>1111111</strong></span> <span class='ocrx_word' id='word_1_641' title='bbox 1195 4977 1346 5050; x_wconf 50' lang='grc'><strong>11115917)</strong></span> <span class='ocrx_word' id='word_1_642' title='bbox 1375 4977 1464 5035; x_wconf 59' lang='grc'><strong>(1111110</strong></span> <span class='ocrx_word' id='word_1_643' title='bbox 1488 4981 1628 5036; x_wconf 62' lang='grc'><strong>0011113111</strong></span> <span class='ocrx_word' id='word_1_644' title='bbox 1649 4981 1819 5052; x_wconf 48' lang='grc' dir='ltr'><strong>Ι1111140111·</strong></span> <span class='ocrx_word' id='word_1_645' title='bbox 1839 4986 1881 5054; x_wconf 83' lang='lat' dir='ltr'><strong>qai</strong></span> 
     </span>
     <span class='ocr_line' id='line_1_52' title="bbox 248 5071 1882 5164; baseline 0.01 -51"><span class='ocrx_word' id='word_1_646' title='bbox 248 5083 385 5164; x_wconf 55' lang='lat' dir='ltr'><strong>cgiapefflg</strong></span> <span class='ocrx_word' id='word_1_647' title='bbox 399 5082 427 5137; x_wconf 68' lang='lat' dir='ltr'><strong>q„</strong></span> <span class='ocrx_word' id='word_1_648' title='bbox 438 5091 516 5154; x_wconf 53' lang='lat' dir='ltr'><strong>pane</strong></span> <span class='ocrx_word' id='word_1_649' title='bbox 530 5083 626 5149; x_wconf 53' lang='lat' dir='ltr'><strong>casiri,</strong></span> <span class='ocrx_word' id='word_1_650' title='bbox 639 5082 782 5144; x_wconf 61' lang='lat' dir='ltr'><strong>appuging</strong></span> <span class='ocrx_word' id='word_1_651' title='bbox 796 5081 939 5154; x_wconf 60' lang='lat' dir='ltr'>cujusdam</span> <span class='ocrx_word' id='word_1_652' title='bbox 953 5083 1040 5139; x_wconf 62' lang='lat' dir='ltr'><strong>eccle.</strong></span> <span class='ocrx_word' id='word_1_653' title='bbox 1088 5073 1163 5127; x_wconf 88' lang='lat' dir='ltr'><strong>mille</strong></span> <span class='ocrx_word' id='word_1_654' title='bbox 1181 5073 1297 5127; x_wconf 89' lang='lat' dir='ltr'><strong>trecenti</strong></span> <span class='ocrx_word' id='word_1_655' title='bbox 1320 5071 1422 5130; x_wconf 86' lang='lat' dir='ltr'><strong>milites</strong></span> <span class='ocrx_word' id='word_1_656' title='bbox 1441 5072 1614 5128; x_wconf 86' lang='lat' dir='ltr'><strong>obsidionem</strong></span> <span class='ocrx_word' id='word_1_657' title='bbox 1628 5071 1651 5136; x_wconf 75' lang='grc' dir='ltr'>Τ</span> <span class='ocrx_word' id='word_1_658' title='bbox 1652 5074 1772 5130; x_wconf 89' lang='lat' dir='ltr'><strong>auriaco</strong></span> <span class='ocrx_word' id='word_1_659' title='bbox 1795 5078 1882 5130; x_wconf 80' lang='lat' dir='ltr'><strong>mina·</strong></span> 
     </span>
    </p>
   </div>
   <div class='ocr_carea' id='block_1_4' title="bbox 247 5237 1881 5379">
    <p class='ocr_par' dir='ltr' id='par_1_4' title="bbox 247 5237 1881 5379">
     <span class='ocr_line' id='line_1_53' title="bbox 286 5237 1881 5324; baseline 0.006 -32"><span class='ocrx_word' id='word_1_660' title='bbox 286 5237 358 5309; x_wconf 70' lang='lat'><strong>(2⁰8)</strong></span> <span class='ocrx_word' id='word_1_661' title='bbox 378 5239 420 5293; x_wconf 77' lang='lat' dir='ltr'><strong>Ad</strong></span> <span class='ocrx_word' id='word_1_662' title='bbox 438 5241 632 5302; x_wconf 84' lang='lat' dir='ltr'><strong>ostentandam.</strong></span> <span class='ocrx_word' id='word_1_663' title='bbox 654 5239 700 5306; x_wconf 81' lang='lat' dir='ltr'><strong>Sic</strong></span> <span class='ocrx_word' id='word_1_664' title='bbox 722 5241 801 5298; x_wconf 89' lang='lat' dir='ltr'><strong>codd.</strong></span> <span class='ocrx_word' id='word_1_665' title='bbox 828 5256 934 5297; x_wconf 77' lang='lat' dir='ltr'><strong>omnes</strong></span> <span class='ocrx_word' id='word_1_666' title='bbox 952 5239 1035 5302; x_wconf 83' lang='lat' dir='ltr'><strong>Edit..</strong></span> <span class='ocrx_word' id='word_1_667' title='bbox 1125 5249 1199 5324; x_wconf 65' lang='grc' dir='ltr'><strong>(Ἃῦ)</strong></span> <span class='ocrx_word' id='word_1_668' title='bbox 1219 5249 1356 5324; x_wconf 57' lang='lat' dir='ltr'><strong>Equitem,</strong></span> <span class='ocrx_word' id='word_1_669' title='bbox 1385 5249 1431 5306; x_wconf 78' lang='lat' dir='ltr'><strong>Sic</strong></span> <span class='ocrx_word' id='word_1_670' title='bbox 1460 5251 1542 5306; x_wconf 78' lang='lat' dir='ltr'><strong>codd,</strong></span> <span class='ocrx_word' id='word_1_671' title='bbox 1575 5267 1682 5307; x_wconf 68' lang='lat' dir='ltr'><strong>omnes.</strong></span> <span class='ocrx_word' id='word_1_672' title='bbox 1718 5251 1809 5315; x_wconf 57' lang='lat' dir='ltr'><strong>Edit,</strong></span> <span class='ocrx_word' id='word_1_673' title='bbox 1838 5269 1881 5320; x_wconf 67' lang='lat' dir='ltr'><strong>ge-</strong></span> 
     </span>
     <span class='ocr_line' id='line_1_54' title="bbox 247 5309 1183 5379; baseline 0.016 -18"><span class='ocrx_word' id='word_1_674' title='bbox 247 5309 445 5366; x_wconf 78' lang='lat' dir='ltr'><strong>ostendendum.</strong></span> <span class='ocrx_word' id='word_1_675' title='bbox 1088 5321 1183 5379; x_wconf 79' lang='lat' dir='ltr'><strong>ditoni.</strong></span> 
     </span>
    </p>
   </div>
   <div class='ocr_carea' id='block_1_5' title="bbox 284 5380 1574 5465">
    <p class='ocr_par' dir='ltr' id='par_1_5' title="bbox 284 5380 1574 5465">
     <span class='ocr_line' id='line_1_55' title="bbox 284 5380 1574 5465; baseline 0.011 -31"><span class='ocrx_word' id='word_1_676' title='bbox 284 5380 359 5451; x_wconf 73' lang='lat' dir='ltr'><strong>(aaa)</strong></span> <span class='ocrx_word' id='word_1_677' title='bbox 379 5381 521 5449; x_wconf 82' lang='lat' dir='ltr'><strong>Audenter,</strong></span> <span class='ocrx_word' id='word_1_678' title='bbox 550 5399 583 5440; x_wconf 83' lang='lat' dir='ltr'><strong>er</strong></span> <span class='ocrx_word' id='word_1_679' title='bbox 615 5389 691 5456; x_wconf 91' lang='lat' dir='ltr'><strong>quat.</strong></span> <span class='ocrx_word' id='word_1_680' title='bbox 721 5383 803 5440; x_wconf 93' lang='lat' dir='ltr'><strong>codd.</strong></span> <span class='ocrx_word' id='word_1_681' title='bbox 825 5384 854 5440; x_wconf 90' lang='lat' dir='ltr'><strong>in</strong></span> <span class='ocrx_word' id='word_1_682' title='bbox 876 5385 954 5450; x_wconf 70' lang='lat' dir='ltr'><strong>edit,</strong></span> <span class='ocrx_word' id='word_1_683' title='bbox 985 5399 1037 5437; x_wconf 85' lang='lat' dir='ltr'><strong>ort-</strong></span> <span class='ocrx_word' id='word_1_684' title='bbox 1124 5393 1198 5464; x_wconf 66' lang='lat' dir='ltr'><strong>(tlt)</strong></span> <span class='ocrx_word' id='word_1_685' title='bbox 1218 5393 1337 5465; x_wconf 91' lang='lat' dir='ltr'><strong>lnquat.</strong></span> <span class='ocrx_word' id='word_1_686' title='bbox 1355 5391 1435 5449; x_wconf 92' lang='lat' dir='ltr'><strong>codd.</strong></span> <span class='ocrx_word' id='word_1_687' title='bbox 1452 5395 1574 5464; x_wconf 81' lang='lat' dir='ltr'><strong>reperire.</strong></span> 
     </span>
    </p>
   </div>
   <div class='ocr_carea' id='block_1_6' title="bbox 248 5449 1880 5598">
    <p class='ocr_par' dir='ltr' id='par_1_6' title="bbox 248 5449 1880 5598">
     <span class='ocr_line' id='line_1_56' title="bbox 248 5449 1880 5540; baseline 0.012 -36"><span class='ocrx_word' id='word_1_688' title='bbox 248 5449 359 5508; x_wconf 81' lang='lat' dir='ltr'><strong>dientes.</strong></span> <span class='ocrx_word' id='word_1_689' title='bbox 541 5525 558 5538; x_wconf 92' lang='lat'><strong>..</strong></span> <span class='ocrx_word' id='word_1_690' title='bbox 727 5525 732 5536; x_wconf 39' lang='grc' dir='ltr'>Ι</span> <span class='ocrx_word' id='word_1_691' title='bbox 808 5527 860 5539; x_wconf 92' lang='lat'><strong>..</strong></span> <span class='ocrx_word' id='word_1_692' title='bbox 954 5528 960 5540; x_wconf 90' lang='lat'><strong>.</strong></span> <span class='ocrx_word' id='word_1_693' title='bbox 1125 5465 1199 5537; x_wconf 65' lang='lat' dir='ltr'><strong>(titi)</strong></span> <span class='ocrx_word' id='word_1_694' title='bbox 1222 5464 1374 5533; x_wconf 81' lang='lat' dir='ltr'><strong>Proprium.</strong></span> <span class='ocrx_word' id='word_1_695' title='bbox 1400 5463 1447 5519; x_wconf 88' lang='lat' dir='ltr'><strong>Sic</strong></span> <span class='ocrx_word' id='word_1_696' title='bbox 1473 5465 1552 5520; x_wconf 87' lang='lat' dir='ltr'><strong>codd.</strong></span> <span class='ocrx_word' id='word_1_697' title='bbox 1580 5480 1687 5520; x_wconf 86' lang='lat' dir='ltr'><strong>omncs.</strong></span> <span class='ocrx_word' id='word_1_698' title='bbox 1713 5463 1805 5530; x_wconf 74' lang='lat' dir='ltr'><strong>Edit..</strong></span> <span class='ocrx_word' id='word_1_699' title='bbox 1826 5467 1880 5534; x_wconf 71' lang='lat' dir='ltr'><strong>nri·</strong></span> 
     </span>
     <span class='ocr_line' id='line_1_57' title="bbox 283 5521 1169 5598; baseline 0.007 -22"><span class='ocrx_word' id='word_1_700' title='bbox 283 5521 358 5595; x_wconf 69' lang='lat' dir='ltr'><strong>(ilii)</strong></span> <span class='ocrx_word' id='word_1_701' title='bbox 379 5521 465 5579; x_wconf 83' lang='lat' dir='ltr'><strong>Codd.</strong></span> <span class='ocrx_word' id='word_1_702' title='bbox 482 5523 560 5597; x_wconf 86' lang='lat' dir='ltr'><strong>Regu</strong></span> <span class='ocrx_word' id='word_1_703' title='bbox 581 5539 613 5578; x_wconf 88' lang='lat' dir='ltr'><strong>ac</strong></span> <span class='ocrx_word' id='word_1_704' title='bbox 635 5523 872 5598; x_wconf 79' lang='lat' dir='ltr'><strong>San-Dionysiam,</strong></span> <span class='ocrx_word' id='word_1_705' title='bbox 896 5526 1034 5593; x_wconf 84' lang='lat' dir='ltr'><strong>oudrer·ot;</strong></span> <span class='ocrx_word' id='word_1_706' title='bbox 1087 5552 1169 5590; x_wconf 67' lang='lat' dir='ltr'><strong>mrim,</strong></span> 
     </span>
    </p>
   </div>
   <div class='ocr_carea' id='block_1_7' title="bbox 247 5591 1878 5740">
    <p class='ocr_par' dir='ltr' id='par_1_7' title="bbox 247 5591 1878 5740">
     <span class='ocr_line' id='line_1_58' title="bbox 247 5591 1878 5678; baseline 0.01 -32"><span class='ocrx_word' id='word_1_707' title='bbox 247 5593 308 5656; x_wconf 79' lang='lat' dir='ltr'><strong>qod.</strong></span> <span class='ocrx_word' id='word_1_708' title='bbox 326 5591 355 5647; x_wconf 80' lang='lat' dir='ltr'><strong>S.</strong></span> <span class='ocrx_word' id='word_1_709' title='bbox 372 5593 512 5676; x_wconf 70' lang='lat' dir='ltr'><strong>Germani,</strong></span> <span class='ocrx_word' id='word_1_710' title='bbox 524 5595 657 5652; x_wconf 77' lang='lat' dir='ltr'><strong>audiebat.</strong></span> <span class='ocrx_word' id='word_1_711' title='bbox 672 5595 702 5651; x_wconf 92' lang='lat' dir='ltr'><strong>ln</strong></span> <span class='ocrx_word' id='word_1_712' title='bbox 716 5597 782 5651; x_wconf 88' lang='lat' dir='ltr'><strong>edit.</strong></span> <span class='ocrx_word' id='word_1_713' title='bbox 800 5599 948 5652; x_wconf 83' lang='lat' dir='ltr'><strong>audierant.</strong></span> <span class='ocrx_word' id='word_1_714' title='bbox 1122 5606 1195 5678; x_wconf 71' lang='lat'>(⁹2¹⁰)</span> <span class='ocrx_word' id='word_1_715' title='bbox 1218 5605 1316 5662; x_wconf 84' lang='lat' dir='ltr'><strong>Pulsus</strong></span> <span class='ocrx_word' id='word_1_716' title='bbox 1333 5615 1362 5660; x_wconf 84' lang='lat' dir='ltr'><strong>ut</strong></span> <span class='ocrx_word' id='word_1_717' title='bbox 1378 5608 1505 5662; x_wconf 84' lang='lat' dir='ltr'><strong>ornientir</strong></span> <span class='ocrx_word' id='word_1_718' title='bbox 1516 5649 1524 5674; x_wconf 95' lang='lat'><strong>,</strong></span> <span class='ocrx_word' id='word_1_719' title='bbox 1537 5608 1578 5664; x_wconf 87' lang='lat' dir='ltr'><strong>sic</strong></span> <span class='ocrx_word' id='word_1_720' title='bbox 1594 5607 1677 5664; x_wconf 82' lang='lat' dir='ltr'><strong>cedd.</strong></span> <span class='ocrx_word' id='word_1_721' title='bbox 1703 5625 1781 5664; x_wconf 86' lang='lat' dir='ltr'><strong>omn.</strong></span> <span class='ocrx_word' id='word_1_722' title='bbox 1799 5607 1878 5678; x_wconf 73' lang='lat' dir='ltr'><strong>(irs-</strong></span> 
     </span>
     <span class='ocr_line' id='line_1_59' title="bbox 282 5663 1163 5740; baseline 0.011 -24"><span class='ocrx_word' id='word_1_723' title='bbox 282 5663 323 5728; x_wconf 81' lang='lat' dir='ltr'><strong>(et</strong></span> <span class='ocrx_word' id='word_1_724' title='bbox 332 5665 355 5734; x_wconf 85' lang='grc'><strong>1)</strong></span> <span class='ocrx_word' id='word_1_725' title='bbox 370 5663 431 5720; x_wconf 84' lang='lat' dir='ltr'><strong>filie</strong></span> <span class='ocrx_word' id='word_1_726' title='bbox 444 5669 574 5732; x_wconf 82' lang='lat' dir='ltr'><strong>resistere,</strong></span> <span class='ocrx_word' id='word_1_727' title='bbox 586 5669 655 5721; x_wconf 82' lang='lat' dir='ltr'><strong>ocios</strong></span> <span class='ocrx_word' id='word_1_728' title='bbox 667 5667 856 5732; x_wconf 73' lang='lat' dir='ltr'><strong>ordinoto¹.‚Sic</strong></span> <span class='ocrx_word' id='word_1_729' title='bbox 867 5677 943 5740; x_wconf 89' lang='lat' dir='ltr'><strong>quat.</strong></span> <span class='ocrx_word' id='word_1_730' title='bbox 953 5668 1033 5724; x_wconf 87' lang='lat' dir='ltr'><strong>codd.</strong></span> <span class='ocrx_word' id='word_1_731' title='bbox 1086 5686 1163 5739; x_wconf 68' lang='lat' dir='ltr'><strong>siti.</strong></span> 
     </span>
    </p>
   </div>
   <div class='ocr_carea' id='block_1_8' title="bbox 247 5729 1795 5880">
    <p class='ocr_par' dir='ltr' id='par_1_8' title="bbox 247 5729 1795 5880">
     <span class='ocr_line' id='line_1_60' title="bbox 247 5729 1795 5880; baseline 0.016 -99"><span class='ocrx_word' id='word_1_732' title='bbox 247 5729 588 5880; x_wconf 40' lang='lat' dir='ltr'><strong>Furiiiqisiiiri&#39;regtherm</strong></span> <span class='ocrx_word' id='word_1_733' title='bbox 617 5809 691 5864; x_wconf 55' lang='lat' dir='ltr'><strong>mim</strong></span> <span class='ocrx_word' id='word_1_734' title='bbox 1122 5750 1196 5820; x_wconf 66' lang='lat' dir='ltr'><strong>iili)</strong></span> <span class='ocrx_word' id='word_1_735' title='bbox 1219 5747 1242 5801; x_wconf 90' lang='lat' dir='ltr'><em>F</em></span> <span class='ocrx_word' id='word_1_736' title='bbox 1244 5758 1315 5803; x_wconf 82' lang='lat' dir='ltr'><strong>rotcr</strong></span> <span class='ocrx_word' id='word_1_737' title='bbox 1328 5749 1396 5820; x_wconf 80' lang='lat' dir='ltr'><strong>ejus.</strong></span> <span class='ocrx_word' id='word_1_738' title='bbox 1410 5749 1491 5808; x_wconf 78' lang='lat' dir='ltr'><strong>Deest</strong></span> <span class='ocrx_word' id='word_1_739' title='bbox 1507 5751 1533 5805; x_wconf 89' lang='lat' dir='ltr'><strong>in</strong></span> <span class='ocrx_word' id='word_1_740' title='bbox 1549 5751 1610 5806; x_wconf 89' lang='lat' dir='ltr'><strong>ced.</strong></span> <span class='ocrx_word' id='word_1_741' title='bbox 1628 5749 1695 5821; x_wconf 70' lang='lat' dir='ltr'><strong>neg.</strong></span> <span class='ocrx_word' id='word_1_742' title='bbox 1710 5749 1795 5806; x_wconf 60' lang='lat' dir='ltr'><strong>iffi.</strong></span> 
     </span>
    </p>
   </div>
   <div class='ocr_carea' id='block_1_9' title="bbox 0 0 1988 6329">
    <p class='ocr_par' dir='ltr' id='par_1_9' title="bbox 0 0 1988 6329">
     <span class='ocr_line' id='line_1_61' title="bbox 0 0 1988 6329; baseline 0 0"><span class='ocrx_word' id='word_1_743' title='bbox 0 0 1988 6329; x_wconf 95' lang='lat' dir='ltr'><strong> </strong></span> 
     </span>
    </p>
   </div>
  </div>
 </body>
</html>
