<?xml version="1.0" encoding="UTF-8"?>
<!DOCTYPE html PUBLIC "-//W3C//DTD XHTML 1.0 Transitional//EN"
    "http://www.w3.org/TR/xhtml1/DTD/xhtml1-transitional.dtd">
<html xmlns="http://www.w3.org/1999/xhtml" xml:lang="en" lang="en">
 <head>
  <title>
</title>
<meta http-equiv="Content-Type" content="text/html;charset=utf-8" />
  <meta name='ocr-system' content='tesseract 3.04.00' />
  <meta name='ocr-capabilities' content='ocr_page ocr_carea ocr_par ocr_line ocrx_word'/>
</head>
<body>
  <div class='ocr_page' id='page_1' title='image "./patrologiaecurs141migngoog_0613.png"; bbox 0 0 3967 6334; ppageno 0'>
   <div class='ocr_carea' id='block_1_1' title="bbox 59 339 1715 419">
    <p class='ocr_par' dir='ltr' id='par_1_1' title="bbox 59 339 1715 419">
     <span class='ocr_line' id='line_1_1' title="bbox 59 339 1715 419; baseline 0.014 -24"><span class='ocrx_word' id='word_1_1' title='bbox 59 339 149 399; x_wconf 70' lang='lat' dir='ltr'>{2ss</span> <span class='ocrx_word' id='word_1_2' title='bbox 350 370 354 377; x_wconf 58' lang='lat'><strong><em>¹</em></strong></span> <span class='ocrx_word' id='word_1_3' title='bbox 551 342 615 402; x_wconf 78' lang='lat' dir='ltr'>tls.</span> <span class='ocrx_word' id='word_1_4' title='bbox 636 340 682 401; x_wconf 76' lang='lat' dir='ltr'>bt</span> <span class='ocrx_word' id='word_1_5' title='bbox 696 340 815 401; x_wconf 72' lang='lat' dir='ltr'>assbds</span> <span class='ocrx_word' id='word_1_6' title='bbox 832 340 866 399; x_wconf 81' lang='grc' dir='ltr'>ΙΝ</span> <span class='ocrx_word' id='word_1_7' title='bbox 885 341 1004 405; x_wconf 64' lang='lat' dir='ltr'>abaci.</span> <span class='ocrx_word' id='word_1_8' title='bbox 1023 346 1093 407; x_wconf 68' lang='lat' dir='ltr'>ddi</span> <span class='ocrx_word' id='word_1_9' title='bbox 1111 346 1245 407; x_wconf 73' lang='lat' dir='ltr'>urstis.</span> <span class='ocrx_word' id='word_1_10' title='bbox 1631 358 1715 419; x_wconf 69' lang='lat' dir='ltr'>&#39;&#39;lffl</span> 
     </span>
    </p>
   </div>
   <div class='ocr_carea' id='block_1_2' title="bbox 3 456 1716 4506">
    <p class='ocr_par' dir='ltr' id='par_1_2' title="bbox 3 456 1716 4506">
     <span class='ocr_line' id='line_1_2' title="bbox 57 456 1715 541; baseline 0.008 -30"><span class='ocrx_word' id='word_1_11' title='bbox 57 456 120 513; x_wconf 83' lang='lat' dir='ltr'>ille</span> <span class='ocrx_word' id='word_1_12' title='bbox 137 458 222 530; x_wconf 76' lang='lat' dir='ltr'>qnasi</span> <span class='ocrx_word' id='word_1_13' title='bbox 234 458 369 529; x_wconf 86' lang='lat' dir='ltr'>spelunca</span> <span class='ocrx_word' id='word_1_14' title='bbox 382 458 645 523; x_wconf 89' lang='lat' dir='ltr'>latronum,babens</span> <span class='ocrx_word' id='word_1_15' title='bbox 651 461 728 517; x_wconf 86' lang='lat' dir='ltr'>oltra</span> <span class='ocrx_word' id='word_1_16' title='bbox 737 460 794 519; x_wconf 94' lang='lat' dir='ltr'>duo</span> <span class='ocrx_word' id='word_1_17' title='bbox 807 462 870 517; x_wconf 90' lang='lat' dir='ltr'>mil·</span> <span class='ocrx_word' id='word_1_18' title='bbox 883 462 907 520; x_wconf 76' lang='lat' dir='ltr'>A</span> <span class='ocrx_word' id='word_1_19' title='bbox 920 471 973 529; x_wconf 89' lang='lat' dir='ltr'>ret,</span> <span class='ocrx_word' id='word_1_20' title='bbox 979 463 1061 523; x_wconf 90' lang='lat' dir='ltr'>nobis</span> <span class='ocrx_word' id='word_1_21' title='bbox 1073 480 1135 527; x_wconf 83' lang='lat' dir='ltr'>eum</span> <span class='ocrx_word' id='word_1_22' title='bbox 1146 466 1301 533; x_wconf 76' lang='lat' dir='ltr'>mineum.</span> <span class='ocrx_word' id='word_1_23' title='bbox 1311 476 1340 525; x_wconf 86' lang='lat' dir='ltr'>et</span> <span class='ocrx_word' id='word_1_24' title='bbox 1353 485 1461 541; x_wconf 72' lang='lat' dir='ltr'>guerre</span> <span class='ocrx_word' id='word_1_25' title='bbox 1471 484 1567 533; x_wconf 69' lang='lat' dir='ltr'>eorum</span> <span class='ocrx_word' id='word_1_26' title='bbox 1582 473 1715 535; x_wconf 67' lang='lat' dir='ltr'>annm</span> 
     </span>
     <span class='ocr_line' id='line_1_3' title="bbox 58 546 1715 633; baseline 0.014 -33"><span class='ocrx_word' id='word_1_27' title='bbox 58 546 158 604; x_wconf 78' lang='lat' dir='ltr'>liaria</span> <span class='ocrx_word' id='word_1_28' title='bbox 169 550 284 615; x_wconf 86' lang='lat' dir='ltr'>deserti,</span> <span class='ocrx_word' id='word_1_29' title='bbox 296 550 409 605; x_wconf 91' lang='lat' dir='ltr'>omnino</span> <span class='ocrx_word' id='word_1_30' title='bbox 418 550 544 613; x_wconf 82' lang='lat' dir='ltr'>ecclesiae</span> <span class='ocrx_word' id='word_1_31' title='bbox 553 558 657 609; x_wconf 75' lang='lat' dir='ltr'>nostra</span> <span class='ocrx_word' id='word_1_32' title='bbox 671 550 871 618; x_wconf 76' lang='lat' dir='ltr'>infructuosus,</span> <span class='ocrx_word' id='word_1_33' title='bbox 923 556 1098 628; x_wconf 88' lang='lat' dir='ltr'>imponendo,</span> <span class='ocrx_word' id='word_1_34' title='bbox 1113 558 1207 617; x_wconf 80' lang='lat' dir='ltr'>farore</span> <span class='ocrx_word' id='word_1_35' title='bbox 1219 569 1363 633; x_wconf 90' lang='lat' dir='ltr'>parentum</span> <span class='ocrx_word' id='word_1_36' title='bbox 1373 572 1402 619; x_wconf 90' lang='lat' dir='ltr'>et</span> <span class='ocrx_word' id='word_1_37' title='bbox 1412 565 1575 633; x_wconf 85' lang='lat' dir='ltr'>amicorum,</span> <span class='ocrx_word' id='word_1_38' title='bbox 1587 568 1715 629; x_wconf 69' lang='lat' dir='ltr'>uidelicet</span> 
     </span>
     <span class='ocr_line' id='line_1_4' title="bbox 55 642 1716 726; baseline 0.013 -31"><span class='ocrx_word' id='word_1_39' title='bbox 55 642 239 713; x_wconf 77' lang='lat' dir='ltr'>raptoribus</span> <span class='ocrx_word' id='word_1_40' title='bbox 251 642 456 699; x_wconf 88' lang='lat' dir='ltr'>etsatellitibus</span> <span class='ocrx_word' id='word_1_41' title='bbox 470 643 762 714; x_wconf 84' lang='lat' dir='ltr'>proptcrricinitatcm</span> <span class='ocrx_word' id='word_1_42' title='bbox 777 660 870 701; x_wconf 82' lang='lat' dir='ltr'>nemo·</span> <span class='ocrx_word' id='word_1_43' title='bbox 922 648 1050 707; x_wconf 80' lang='lat' dir='ltr'>balduini</span> <span class='ocrx_word' id='word_1_44' title='bbox 1071 650 1106 709; x_wconf 90' lang='lat' dir='ltr'>de</span> <span class='ocrx_word' id='word_1_45' title='bbox 1122 651 1267 719; x_wconf 81' lang='lat' dir='ltr'>Corbollo,</span> <span class='ocrx_word' id='word_1_46' title='bbox 1281 662 1309 713; x_wconf 89' lang='lat' dir='ltr'>ct</span> <span class='ocrx_word' id='word_1_47' title='bbox 1325 656 1618 726; x_wconf 64' lang='lat' dir='ltr'>multommealiorum</span> <span class='ocrx_word' id='word_1_48' title='bbox 1633 661 1716 717; x_wconf 82' lang='lat' dir='ltr'>cbar-</span> 
     </span>
     <span class='ocr_line' id='line_1_5' title="bbox 55 734 1713 821; baseline 0.012 -32"><span class='ocrx_word' id='word_1_49' title='bbox 55 744 242 806; x_wconf 85' lang='lat' dir='ltr'>rnmaptns.</span> <span class='ocrx_word' id='word_1_50' title='bbox 253 734 404 807; x_wconf 85' lang='lat' dir='ltr'>Eapropter</span> <span class='ocrx_word' id='word_1_51' title='bbox 416 734 517 791; x_wconf 83' lang='lat' dir='ltr'>ibidem</span> <span class='ocrx_word' id='word_1_52' title='bbox 529 734 746 793; x_wconf 87' lang='lat' dir='ltr'>iratresnostros</span> <span class='ocrx_word' id='word_1_53' title='bbox 757 735 813 793; x_wconf 83' lang='lat' dir='ltr'>lieo</span> <span class='ocrx_word' id='word_1_54' title='bbox 824 738 872 793; x_wconf 81' lang='lat' dir='ltr'>de·</span> <span class='ocrx_word' id='word_1_55' title='bbox 923 750 951 798; x_wconf 91' lang='lat' dir='ltr'>ta</span> <span class='ocrx_word' id='word_1_56' title='bbox 971 744 1053 801; x_wconf 87' lang='lat' dir='ltr'>nobis</span> <span class='ocrx_word' id='word_1_57' title='bbox 1073 743 1177 801; x_wconf 81' lang='lat' dir='ltr'>firmari</span> <span class='ocrx_word' id='word_1_58' title='bbox 1192 746 1361 805; x_wconf 71' lang='lat' dir='ltr'>fulcimania</span> <span class='ocrx_word' id='word_1_59' title='bbox 1377 748 1428 805; x_wconf 84' lang='lat' dir='ltr'>bac</span> <span class='ocrx_word' id='word_1_60' title='bbox 1438 750 1534 821; x_wconf 78' lang='lat' dir='ltr'>itaque</span> <span class='ocrx_word' id='word_1_61' title='bbox 1541 767 1617 809; x_wconf 84' lang='lat' dir='ltr'>-noaa</span> <span class='ocrx_word' id='word_1_62' title='bbox 1627 762 1713 819; x_wconf 80' lang='grc' dir='ltr'><strong>ιιιιι,</strong></span> 
     </span>
     <span class='ocr_line' id='line_1_6' title="bbox 53 828 1714 903; baseline 0.012 -22"><span class='ocrx_word' id='word_1_63' title='bbox 53 829 392 900; x_wconf 80' lang='lat' dir='ltr'>serviredisposuimus,</span> <span class='ocrx_word' id='word_1_64' title='bbox 403 836 434 883; x_wconf 91' lang='lat' dir='ltr'>nt</span> <span class='ocrx_word' id='word_1_65' title='bbox 445 830 473 884; x_wconf 90' lang='lat' dir='ltr'>in</span> <span class='ocrx_word' id='word_1_66' title='bbox 485 828 633 895; x_wconf 89' lang='lat' dir='ltr'>cubilibus,</span> <span class='ocrx_word' id='word_1_67' title='bbox 646 830 871 902; x_wconf 77' lang='lat' dir='ltr'>inquibusprins</span> <span class='ocrx_word' id='word_1_68' title='bbox 925 834 1053 891; x_wconf 70' lang='lat' dir='ltr'>videlicet</span> <span class='ocrx_word' id='word_1_69' title='bbox 1072 834 1101 891; x_wconf 92' lang='lat' dir='ltr'>in</span> <span class='ocrx_word' id='word_1_70' title='bbox 1115 836 1206 893; x_wconf 90' lang='lat' dir='ltr'>medio</span> <span class='ocrx_word' id='word_1_71' title='bbox 1221 837 1303 903; x_wconf 77' lang='lat' dir='ltr'>villae,</span> <span class='ocrx_word' id='word_1_72' title='bbox 1319 838 1371 895; x_wconf 90' lang='lat' dir='ltr'>loci</span> <span class='ocrx_word' id='word_1_73' title='bbox 1387 839 1556 901; x_wconf 83' lang='lat' dir='ltr'>oblectantes</span> <span class='ocrx_word' id='word_1_74' title='bbox 1566 844 1714 901; x_wconf 71' lang='lat' dir='ltr'>amoenita-</span> 
     </span>
     <span class='ocr_line' id='line_1_7' title="bbox 54 917 1714 997; baseline 0.01 -26"><span class='ocrx_word' id='word_1_75' title='bbox 54 917 216 976; x_wconf 85' lang='lat' dir='ltr'>draeones</span> <span class='ocrx_word' id='word_1_76' title='bbox 232 919 403 983; x_wconf 78' lang='lat' dir='ltr'>habitabant,</span> <span class='ocrx_word' id='word_1_77' title='bbox 420 918 526 975; x_wconf 88' lang='lat' dir='ltr'>oriatur</span> <span class='ocrx_word' id='word_1_78' title='bbox 542 921 617 976; x_wconf 80' lang='lat' dir='ltr'>viror</span> <span class='ocrx_word' id='word_1_79' title='bbox 630 921 728 977; x_wconf 90' lang='lat' dir='ltr'>calami</span> <span class='ocrx_word' id='word_1_80' title='bbox 743 921 869 992; x_wconf 84' lang='lat' dir='ltr'>etjunci.</span> <span class='ocrx_word' id='word_1_81' title='bbox 923 934 990 994; x_wconf 90' lang='lat' dir='ltr'>tem,</span> <span class='ocrx_word' id='word_1_82' title='bbox 1012 928 1166 985; x_wconf 72' lang='lat' dir='ltr'>vividorum</span> <span class='ocrx_word' id='word_1_83' title='bbox 1191 928 1358 997; x_wconf 74' lang='lat' dir='ltr'>tentiones</span> <span class='ocrx_word' id='word_1_84' title='bbox 1371 932 1493 989; x_wconf 82' lang='lat' dir='ltr'>rivorum</span> <span class='ocrx_word' id='word_1_85' title='bbox 1507 933 1714 993; x_wconf 69' lang='lat' dir='ltr'>decurrentium</span> 
     </span>
     <span class='ocr_line' id='line_1_8' title="bbox 99 1010 1715 1090; baseline 0.012 -27"><span class='ocrx_word' id='word_1_86' title='bbox 99 1010 323 1069; x_wconf 83' lang='lat' dir='ltr'>Possessionem</span> <span class='ocrx_word' id='word_1_87' title='bbox 339 1010 416 1067; x_wconf 87' lang='lat' dir='ltr'>Beati</span> <span class='ocrx_word' id='word_1_88' title='bbox 431 1010 573 1084; x_wconf 79' lang='lat' dir='ltr'>Dionysii,</span> <span class='ocrx_word' id='word_1_89' title='bbox 593 1014 622 1069; x_wconf 94' lang='lat' dir='ltr'>in</span> <span class='ocrx_word' id='word_1_90' title='bbox 635 1028 690 1085; x_wconf 83' lang='lat' dir='ltr'>qua</span> <span class='ocrx_word' id='word_1_91' title='bbox 713 1016 872 1071; x_wconf 75' lang='lat' dir='ltr'>continetur</span> <span class='ocrx_word' id='word_1_92' title='bbox 924 1018 1120 1090; x_wconf 76' lang='lat' dir='ltr'>amplectantes</span> <span class='ocrx_word' id='word_1_93' title='bbox 1143 1018 1312 1086; x_wconf 87' lang='lat' dir='ltr'>affinitatem,</span> <span class='ocrx_word' id='word_1_94' title='bbox 1333 1022 1440 1077; x_wconf 88' lang='lat' dir='ltr'>curiam</span> <span class='ocrx_word' id='word_1_95' title='bbox 1465 1022 1607 1081; x_wconf 84' lang='lat' dir='ltr'>honestam</span> <span class='ocrx_word' id='word_1_96' title='bbox 1634 1042 1715 1083; x_wconf 86' lang='lat' dir='ltr'>muro</span> 
     </span>
     <span class='ocr_line' id='line_1_9' title="bbox 55 1103 1713 1180; baseline 0.011 -23"><span class='ocrx_word' id='word_1_97' title='bbox 55 1103 195 1162; x_wconf 73' lang='lat' dir='ltr'>ideanile</span> <span class='ocrx_word' id='word_1_98' title='bbox 208 1105 238 1163; x_wconf 84' lang='lat' dir='ltr'>S.</span> <span class='ocrx_word' id='word_1_99' title='bbox 254 1105 629 1179; x_wconf 70' lang='lat' dir='ltr'>Dionysiietllomnapetra,</span> <span class='ocrx_word' id='word_1_100' title='bbox 644 1110 871 1167; x_wconf 78' lang='lat' dir='ltr'>eteeteraeriilae</span> <span class='ocrx_word' id='word_1_101' title='bbox 922 1107 996 1180; x_wconf 90' lang='lat' dir='ltr'>cingi</span> <span class='ocrx_word' id='word_1_102' title='bbox 1020 1110 1145 1175; x_wconf 78' lang='lat' dir='ltr'>fecimus,</span> <span class='ocrx_word' id='word_1_103' title='bbox 1165 1110 1277 1168; x_wconf 90' lang='lat' dir='ltr'>domum</span> <span class='ocrx_word' id='word_1_104' title='bbox 1300 1110 1399 1171; x_wconf 80' lang='lat' dir='ltr'>fortem</span> <span class='ocrx_word' id='word_1_105' title='bbox 1422 1121 1450 1171; x_wconf 91' lang='lat' dir='ltr'>et</span> <span class='ocrx_word' id='word_1_106' title='bbox 1470 1114 1666 1175; x_wconf 75' lang='lat' dir='ltr'>defensabilem</span> <span class='ocrx_word' id='word_1_107' title='bbox 1684 1118 1713 1175; x_wconf 83' lang='lat' dir='ltr'>&#39;m</span> 
     </span>
     <span class='ocr_line' id='line_1_10' title="bbox 55 1197 1714 1277; baseline 0.01 -26"><span class='ocrx_word' id='word_1_108' title='bbox 55 1199 174 1265; x_wconf 82' lang='lat' dir='ltr'>castri,</span> <span class='ocrx_word' id='word_1_109' title='bbox 191 1199 264 1271; x_wconf 82' lang='lat' dir='ltr'>qnod</span> <span class='ocrx_word' id='word_1_110' title='bbox 278 1198 379 1254; x_wconf 91' lang='lat' dir='ltr'>dicitur</span> <span class='ocrx_word' id='word_1_111' title='bbox 389 1197 522 1266; x_wconf 85' lang='lat' dir='ltr'>Gabrosa,</span> <span class='ocrx_word' id='word_1_112' title='bbox 537 1214 553 1254; x_wconf 92' lang='lat' dir='ltr'>a</span> <span class='ocrx_word' id='word_1_113' title='bbox 567 1200 663 1258; x_wconf 90' lang='lat' dir='ltr'>multis</span> <span class='ocrx_word' id='word_1_114' title='bbox 678 1210 753 1259; x_wconf 90' lang='lat' dir='ltr'>retro</span> <span class='ocrx_word' id='word_1_115' title='bbox 763 1212 871 1275; x_wconf 89' lang='lat' dir='ltr'>tempo·</span> <span class='ocrx_word' id='word_1_116' title='bbox 921 1202 1015 1267; x_wconf 89' lang='lat' dir='ltr'>curia,</span> <span class='ocrx_word' id='word_1_117' title='bbox 1030 1202 1178 1273; x_wconf 86' lang='lat' dir='ltr'>granchias</span> <span class='ocrx_word' id='word_1_118' title='bbox 1189 1210 1218 1260; x_wconf 93' lang='lat' dir='ltr'>et</span> <span class='ocrx_word' id='word_1_119' title='bbox 1235 1220 1349 1277; x_wconf 78' lang='lat' dir='ltr'>qumque</span> <span class='ocrx_word' id='word_1_120' title='bbox 1363 1208 1519 1263; x_wconf 85' lang='lat' dir='ltr'>necessaria</span> <span class='ocrx_word' id='word_1_121' title='bbox 1532 1208 1632 1265; x_wconf 85' lang='lat' dir='ltr'>ibidem</span> <span class='ocrx_word' id='word_1_122' title='bbox 1645 1224 1714 1267; x_wconf 84' lang='lat' dir='ltr'>coa-</span> 
     </span>
     <span class='ocr_line' id='line_1_11' title="bbox 27 1286 1713 1372; baseline 0.007 -25"><span class='ocrx_word' id='word_1_123' title='bbox 27 1298 32 1306; x_wconf 87' lang='grc'><strong>“</strong></span> <span class='ocrx_word' id='word_1_124' title='bbox 53 1292 153 1349; x_wconf 88' lang='lat' dir='ltr'>ribus</span> <span class='ocrx_word' id='word_1_125' title='bbox 166 1293 260 1349; x_wconf 89' lang='lat' dir='ltr'>tribus</span> <span class='ocrx_word' id='word_1_126' title='bbox 272 1293 356 1348; x_wconf 88' lang='lat' dir='ltr'>talliis</span> <span class='ocrx_word' id='word_1_127' title='bbox 371 1294 541 1364; x_wconf 81' lang='lat' dir='ltr'>expositam,</span> <span class='ocrx_word' id='word_1_128' title='bbox 557 1293 685 1353; x_wconf 82' lang='lat' dir='ltr'>uidelicet</span> <span class='ocrx_word' id='word_1_129' title='bbox 697 1296 811 1353; x_wconf 90' lang='lat' dir='ltr'>domino</span> <span class='ocrx_word' id='word_1_130' title='bbox 823 1312 871 1353; x_wconf 89' lang='lat' dir='ltr'>ca·</span> <span class='ocrx_word' id='word_1_131' title='bbox 919 1294 992 1349; x_wconf 86' lang='lat' dir='ltr'>strui</span> <span class='ocrx_word' id='word_1_132' title='bbox 1017 1295 1110 1349; x_wconf 88' lang='lat' dir='ltr'>moltis</span> <span class='ocrx_word' id='word_1_133' title='bbox 1134 1286 1263 1367; x_wconf 84' lang='lat' dir='ltr'>expensis</span> <span class='ocrx_word' id='word_1_134' title='bbox 1286 1296 1437 1355; x_wconf 77' lang='lat' dir='ltr'>effecimus.</span> <span class='ocrx_word' id='word_1_135' title='bbox 1455 1299 1489 1355; x_wconf 83' lang='lat' dir='ltr'>Et</span> <span class='ocrx_word' id='word_1_136' title='bbox 1511 1301 1546 1356; x_wconf 91' lang='lat' dir='ltr'>ad</span> <span class='ocrx_word' id='word_1_137' title='bbox 1561 1302 1713 1372; x_wconf 86' lang='lat' dir='ltr'>superioris</span> 
     </span>
     <span class='ocr_line' id='line_1_12' title="bbox 52 1385 1713 1459; baseline 0.006 -18"><span class='ocrx_word' id='word_1_138' title='bbox 52 1387 121 1441; x_wconf 85' lang='lat' dir='ltr'>stri</span> <span class='ocrx_word' id='word_1_139' title='bbox 140 1386 284 1446; x_wconf 81' lang='lat' dir='ltr'>cabrosae.</span> <span class='ocrx_word' id='word_1_140' title='bbox 299 1392 326 1442; x_wconf 91' lang='lat' dir='ltr'>et</span> <span class='ocrx_word' id='word_1_141' title='bbox 342 1386 455 1442; x_wconf 91' lang='lat' dir='ltr'>domino</span> <span class='ocrx_word' id='word_1_142' title='bbox 471 1386 556 1442; x_wconf 89' lang='lat' dir='ltr'>castri</span> <span class='ocrx_word' id='word_1_143' title='bbox 569 1385 702 1459; x_wconf 85' lang='lat' dir='ltr'>Nielpbae,</span> <span class='ocrx_word' id='word_1_144' title='bbox 715 1395 743 1446; x_wconf 94' lang='lat' dir='ltr'>et</span> <span class='ocrx_word' id='word_1_145' title='bbox 763 1387 869 1445; x_wconf 83' lang='lat' dir='ltr'>Simoni</span> <span class='ocrx_word' id='word_1_146' title='bbox 921 1385 1007 1443; x_wconf 83' lang='lat' dir='ltr'>Belsae</span> <span class='ocrx_word' id='word_1_147' title='bbox 1028 1387 1204 1443; x_wconf 76' lang='lat' dir='ltr'>relevandam</span> <span class='ocrx_word' id='word_1_148' title='bbox 1226 1388 1392 1456; x_wconf 78' lang='lat' dir='ltr'>ariditatem,</span> <span class='ocrx_word' id='word_1_149' title='bbox 1417 1392 1521 1449; x_wconf 81' lang='lat' dir='ltr'>vivario</span> <span class='ocrx_word' id='word_1_150' title='bbox 1539 1396 1713 1453; x_wconf 85' lang='lat' dir='ltr'>multitudine</span> 
     </span>
     <span class='ocr_line' id='line_1_13' title="bbox 53 1478 1710 1556; baseline 0.006 -23"><span class='ocrx_word' id='word_1_151' title='bbox 53 1478 97 1535; x_wconf 88' lang='lat' dir='ltr'>de</span> <span class='ocrx_word' id='word_1_152' title='bbox 111 1478 396 1544; x_wconf 74' lang='lat' dir='ltr'>Villa-Alcmeonem</span> <span class='ocrx_word' id='word_1_153' title='bbox 410 1480 560 1551; x_wconf 78' lang='lat' dir='ltr'>rapacitate</span> <span class='ocrx_word' id='word_1_154' title='bbox 573 1480 870 1538; x_wconf 85' lang='lat' dir='ltr'>ornninoieredestru-</span> <span class='ocrx_word' id='word_1_155' title='bbox 920 1480 1038 1551; x_wconf 83' lang='lat' dir='ltr'>piscium</span> <span class='ocrx_word' id='word_1_156' title='bbox 1064 1480 1177 1551; x_wconf 91' lang='lat' dir='ltr'>copioso</span> <span class='ocrx_word' id='word_1_157' title='bbox 1201 1480 1258 1538; x_wconf 86' lang='lat' dir='ltr'>iere</span> <span class='ocrx_word' id='word_1_158' title='bbox 1280 1482 1446 1539; x_wconf 89' lang='lat' dir='ltr'>incircuitu</span> <span class='ocrx_word' id='word_1_159' title='bbox 1470 1486 1710 1556; x_wconf 69' lang='lat' dir='ltr'>perlustravimus.</span> 
     </span>
     <span class='ocr_line' id='line_1_14' title="bbox 52 1571 1710 1647; baseline 0.007 -22"><span class='ocrx_word' id='word_1_160' title='bbox 52 1572 871 1646; x_wconf 73' lang='lat' dir='ltr'>eeamnonsinenagntsexpensisabnnjusnodioppres-</span> <span class='ocrx_word' id='word_1_161' title='bbox 920 1571 994 1629; x_wconf 84' lang='lat' dir='ltr'>boas</span> <span class='ocrx_word' id='word_1_162' title='bbox 1022 1588 1153 1629; x_wconf 88' lang='lat' dir='ltr'>carrucas</span> <span class='ocrx_word' id='word_1_163' title='bbox 1180 1573 1208 1629; x_wconf 90' lang='lat' dir='ltr'>in</span> <span class='ocrx_word' id='word_1_164' title='bbox 1236 1574 1331 1631; x_wconf 87' lang='lat' dir='ltr'>eadem</span> <span class='ocrx_word' id='word_1_165' title='bbox 1355 1582 1444 1643; x_wconf 88' lang='lat' dir='ltr'>terro,</span> <span class='ocrx_word' id='word_1_166' title='bbox 1470 1594 1552 1633; x_wconf 88' lang='lat' dir='ltr'>unam</span> <span class='ocrx_word' id='word_1_167' title='bbox 1577 1580 1606 1633; x_wconf 79' lang='lat' dir='ltr'>ia</span> <span class='ocrx_word' id='word_1_168' title='bbox 1627 1596 1710 1647; x_wconf 86' lang='lat' dir='ltr'>nora,</span> 
     </span>
     <span class='ocr_line' id='line_1_15' title="bbox 53 1664 1712 1743; baseline 0.006 -25"><span class='ocrx_word' id='word_1_169' title='bbox 53 1664 205 1723; x_wconf 87' lang='lat' dir='ltr'>sionibus</span> <span class='ocrx_word' id='word_1_170' title='bbox 220 1664 472 1735; x_wconf 81' lang='lat' dir='ltr'>emancipacimus:</span> <span class='ocrx_word' id='word_1_171' title='bbox 496 1680 529 1721; x_wconf 88' lang='lat' dir='ltr'>ea</span> <span class='ocrx_word' id='word_1_172' title='bbox 550 1664 626 1731; x_wconf 90' lang='lat' dir='ltr'>sola,</span> <span class='ocrx_word' id='word_1_173' title='bbox 645 1681 707 1737; x_wconf 84' lang='lat' dir='ltr'>quae</span> <span class='ocrx_word' id='word_1_174' title='bbox 727 1668 761 1723; x_wconf 92' lang='lat' dir='ltr'>ad</span> <span class='ocrx_word' id='word_1_175' title='bbox 773 1682 870 1724; x_wconf 89' lang='lat' dir='ltr'>eornm</span> <span class='ocrx_word' id='word_1_176' title='bbox 920 1666 1035 1721; x_wconf 88' lang='lat' dir='ltr'>alteram</span> <span class='ocrx_word' id='word_1_177' title='bbox 1062 1665 1090 1722; x_wconf 94' lang='lat' dir='ltr'>in</span> <span class='ocrx_word' id='word_1_178' title='bbox 1111 1667 1221 1738; x_wconf 82' lang='lat' dir='ltr'>antiqua</span> <span class='ocrx_word' id='word_1_179' title='bbox 1244 1668 1402 1725; x_wconf 85' lang='lat' dir='ltr'>statuimus.</span> <span class='ocrx_word' id='word_1_180' title='bbox 1425 1668 1458 1723; x_wconf 85' lang='lat' dir='ltr'>Et</span> <span class='ocrx_word' id='word_1_181' title='bbox 1478 1684 1539 1740; x_wconf 70' lang='lat' dir='ltr'>quse</span> <span class='ocrx_word' id='word_1_182' title='bbox 1558 1678 1613 1725; x_wconf 79' lang='lat' dir='ltr'>tana</span> <span class='ocrx_word' id='word_1_183' title='bbox 1633 1672 1712 1743; x_wconf 76' lang='lat' dir='ltr'>parri</span> 
     </span>
     <span class='ocr_line' id='line_1_16' title="bbox 53 1757 1708 1833; baseline 0.005 -21"><span class='ocrx_word' id='word_1_184' title='bbox 53 1758 287 1815; x_wconf 78' lang='lat' dir='ltr'>aduocationem</span> <span class='ocrx_word' id='word_1_185' title='bbox 298 1758 361 1829; x_wconf 84' lang='lat' dir='ltr'>jure</span> <span class='ocrx_word' id='word_1_186' title='bbox 372 1758 521 1828; x_wconf 88' lang='lat' dir='ltr'>pertinent,</span> <span class='ocrx_word' id='word_1_187' title='bbox 543 1757 727 1815; x_wconf 84' lang='lat' dir='ltr'>remittentes.</span> <span class='ocrx_word' id='word_1_188' title='bbox 743 1758 799 1815; x_wconf 81' lang='lat' dir='ltr'>Nec</span> <span class='ocrx_word' id='word_1_189' title='bbox 817 1761 870 1816; x_wconf 91' lang='lat' dir='ltr'>mi·</span> <span class='ocrx_word' id='word_1_190' title='bbox 920 1758 1075 1825; x_wconf 79' lang='lat' dir='ltr'>constabat,</span> <span class='ocrx_word' id='word_1_191' title='bbox 1089 1766 1120 1813; x_wconf 93' lang='lat' dir='ltr'>ut</span> <span class='ocrx_word' id='word_1_192' title='bbox 1135 1758 1169 1813; x_wconf 93' lang='lat' dir='ltr'>ad</span> <span class='ocrx_word' id='word_1_193' title='bbox 1187 1760 1384 1831; x_wconf 82' lang='lat' dir='ltr'>quinquaginta</span> <span class='ocrx_word' id='word_1_194' title='bbox 1395 1761 1438 1817; x_wconf 83' lang='lat' dir='ltr'>rel</span> <span class='ocrx_word' id='word_1_195' title='bbox 1449 1776 1482 1817; x_wconf 91' lang='lat' dir='ltr'>eo</span> <span class='ocrx_word' id='word_1_196' title='bbox 1493 1763 1611 1833; x_wconf 87' lang='lat' dir='ltr'>amplius</span> <span class='ocrx_word' id='word_1_197' title='bbox 1625 1779 1708 1821; x_wconf 84' lang='lat' dir='ltr'>anao-</span> 
     </span>
     <span class='ocr_line' id='line_1_17' title="bbox 4 1820 1711 1924; baseline 0.006 -21"><span class='ocrx_word' id='word_1_198' title='bbox 4 1837 6 1924; x_wconf 30' lang='grc' dir='ltr'>ζ</span> <span class='ocrx_word' id='word_1_199' title='bbox 50 1865 124 1907; x_wconf 88' lang='lat' dir='ltr'>nus</span> <span class='ocrx_word' id='word_1_200' title='bbox 141 1852 230 1908; x_wconf 90' lang='lat' dir='ltr'>etiam</span> <span class='ocrx_word' id='word_1_201' title='bbox 250 1851 424 1907; x_wconf 84' lang='lat' dir='ltr'>renationem</span> <span class='ocrx_word' id='word_1_202' title='bbox 439 1848 548 1906; x_wconf 77' lang='lat' dir='ltr'>laclinae</span> <span class='ocrx_word' id='word_1_203' title='bbox 566 1848 639 1905; x_wconf 89' lang='lat' dir='ltr'>inira</span> <span class='ocrx_word' id='word_1_204' title='bbox 662 1858 750 1907; x_wconf 89' lang='lat' dir='ltr'>metas</span> <span class='ocrx_word' id='word_1_205' title='bbox 769 1859 867 1919; x_wconf 79' lang='lat' dir='ltr'>terre,</span> <span class='ocrx_word' id='word_1_206' title='bbox 884 1820 1020 1903; x_wconf 79' lang='grc' dir='ltr'>Βιιιιιιι</span> <span class='ocrx_word' id='word_1_207' title='bbox 1040 1849 1148 1907; x_wconf 86' lang='lat' dir='ltr'>modios</span> <span class='ocrx_word' id='word_1_208' title='bbox 1172 1852 1288 1924; x_wconf 84' lang='lat' dir='ltr'>singulis</span> <span class='ocrx_word' id='word_1_209' title='bbox 1307 1853 1387 1909; x_wconf 88' lang='lat' dir='ltr'>annis</span> <span class='ocrx_word' id='word_1_210' title='bbox 1408 1852 1639 1921; x_wconf 76' lang='lat' dir='ltr'>redderenolens,</span> <span class='ocrx_word' id='word_1_211' title='bbox 1661 1870 1711 1913; x_wconf 78' lang='lat' dir='ltr'>aa·</span> 
     </span>
     <span class='ocr_line' id='line_1_18' title="bbox 51 1940 1709 2019; baseline 0.002 -20"><span class='ocrx_word' id='word_1_212' title='bbox 51 1960 156 2015; x_wconf 84' lang='lat' dir='ltr'>qnam</span> <span class='ocrx_word' id='word_1_213' title='bbox 167 1944 251 2001; x_wconf 90' lang='lat' dir='ltr'>beato</span> <span class='ocrx_word' id='word_1_214' title='bbox 261 1942 391 2015; x_wconf 73' lang='lat' dir='ltr'>Dionysio</span> <span class='ocrx_word' id='word_1_215' title='bbox 402 1942 497 1999; x_wconf 86' lang='lat' dir='ltr'>multis</span> <span class='ocrx_word' id='word_1_216' title='bbox 507 1942 676 2014; x_wconf 88' lang='lat' dir='ltr'>temporibus</span> <span class='ocrx_word' id='word_1_217' title='bbox 688 1944 869 2013; x_wconf 86' lang='lat' dir='ltr'>abstulerant,</span> <span class='ocrx_word' id='word_1_218' title='bbox 920 1942 1130 2012; x_wconf 83' lang='lat' dir='ltr'>gmentaaimus.</span> <span class='ocrx_word' id='word_1_219' title='bbox 1147 1940 1216 2001; x_wconf 83' lang='lat' dir='ltr'>iiam</span> <span class='ocrx_word' id='word_1_220' title='bbox 1232 1950 1260 2000; x_wconf 92' lang='lat' dir='ltr'>ct</span> <span class='ocrx_word' id='word_1_221' title='bbox 1272 1944 1347 2001; x_wconf 91' lang='lat' dir='ltr'>illum</span> <span class='ocrx_word' id='word_1_222' title='bbox 1363 1944 1482 2017; x_wconf 83' lang='lat' dir='ltr'>priorem</span> <span class='ocrx_word' id='word_1_223' title='bbox 1492 1960 1709 2019; x_wconf 77' lang='lat' dir='ltr'>censumqneaa</span> 
     </span>
     <span class='ocr_line' id='line_1_19' title="bbox 49 2032 1711 2109; baseline 0.007 -18"><span class='ocrx_word' id='word_1_224' title='bbox 49 2036 310 2109; x_wconf 78' lang='lat' dir='ltr'>recuperavimus.</span> <span class='ocrx_word' id='word_1_225' title='bbox 327 2034 406 2091; x_wconf 75' lang='lat' dir='ltr'>Eine</span> <span class='ocrx_word' id='word_1_226' title='bbox 420 2035 448 2090; x_wconf 83' lang='lat' dir='ltr'>in</span> <span class='ocrx_word' id='word_1_227' title='bbox 469 2042 608 2106; x_wconf 69' lang='lat' dir='ltr'>posterum</span> <span class='ocrx_word' id='word_1_228' title='bbox 631 2036 762 2094; x_wconf 75' lang='lat' dir='ltr'>oblivioni</span> <span class='ocrx_word' id='word_1_229' title='bbox 776 2040 870 2096; x_wconf 72' lang='lat' dir='ltr'>trade</span> <span class='ocrx_word' id='word_1_230' title='bbox 918 2032 1114 2102; x_wconf 77' lang='lat' dir='ltr'>parvissimum</span> <span class='ocrx_word' id='word_1_231' title='bbox 1135 2034 1295 2101; x_wconf 75' lang='lat' dir='ltr'>reddebant,</span> <span class='ocrx_word' id='word_1_232' title='bbox 1321 2038 1502 2101; x_wconf 79' lang='lat' dir='ltr'>remittentes.</span> <span class='ocrx_word' id='word_1_233' title='bbox 1524 2038 1711 2097; x_wconf 70' lang='lat' dir='ltr'>mutassem</span> 
     </span>
     <span class='ocr_line' id='line_1_20' title="bbox 49 2126 1710 2205; baseline 0.005 -22"><span class='ocrx_word' id='word_1_234' title='bbox 49 2136 160 2193; x_wconf 89' lang='lat' dir='ltr'>retur,</span> <span class='ocrx_word' id='word_1_235' title='bbox 168 2128 374 2185; x_wconf 76' lang='lat' dir='ltr'>illucescentes</span> <span class='ocrx_word' id='word_1_236' title='bbox 382 2127 592 2198; x_wconf 89' lang='lat' dir='ltr'>percontinuam</span> <span class='ocrx_word' id='word_1_237' title='bbox 600 2129 871 2199; x_wconf 89' lang='lat' dir='ltr'>septimanam,asci-</span> <span class='ocrx_word' id='word_1_238' title='bbox 918 2126 1010 2198; x_wconf 87' lang='lat' dir='ltr'>campi</span> <span class='ocrx_word' id='word_1_239' title='bbox 1032 2136 1137 2199; x_wconf 86' lang='lat' dir='ltr'>partem</span> <span class='ocrx_word' id='word_1_240' title='bbox 1151 2136 1250 2200; x_wconf 87' lang='lat' dir='ltr'>praeter</span> <span class='ocrx_word' id='word_1_241' title='bbox 1262 2142 1405 2185; x_wconf 86' lang='lat' dir='ltr'>carrucam</span> <span class='ocrx_word' id='word_1_242' title='bbox 1430 2130 1465 2187; x_wconf 91' lang='lat' dir='ltr'>de</span> <span class='ocrx_word' id='word_1_243' title='bbox 1491 2130 1572 2187; x_wconf 83' lang='lat' dir='ltr'>leudo</span> <span class='ocrx_word' id='word_1_244' title='bbox 1599 2132 1710 2205; x_wconf 83' lang='lat' dir='ltr'>liajocis</span> 
     </span>
     <span class='ocr_line' id='line_1_21' title="bbox 4 2218 1710 2295; baseline 0.005 -21"><span class='ocrx_word' id='word_1_245' title='bbox 4 2227 5 2230; x_wconf 75' lang='grc'>’</span> <span class='ocrx_word' id='word_1_246' title='bbox 47 2220 98 2277; x_wconf 91' lang='lat' dir='ltr'>tis</span> <span class='ocrx_word' id='word_1_247' title='bbox 109 2220 204 2277; x_wconf 80' lang='lat' dir='ltr'>nobis</span> <span class='ocrx_word' id='word_1_248' title='bbox 215 2220 373 2292; x_wconf 88' lang='lat' dir='ltr'>approbatis</span> <span class='ocrx_word' id='word_1_249' title='bbox 383 2218 480 2275; x_wconf 89' lang='lat' dir='ltr'>amicis</span> <span class='ocrx_word' id='word_1_250' title='bbox 490 2226 518 2274; x_wconf 87' lang='lat' dir='ltr'>et</span> <span class='ocrx_word' id='word_1_251' title='bbox 530 2218 691 2275; x_wconf 88' lang='lat' dir='ltr'>bominibus</span> <span class='ocrx_word' id='word_1_252' title='bbox 699 2222 813 2286; x_wconf 90' lang='lat' dir='ltr'>nostris,</span> <span class='ocrx_word' id='word_1_253' title='bbox 827 2221 870 2277; x_wconf 84' lang='lat' dir='ltr'>ri-</span> <span class='ocrx_word' id='word_1_254' title='bbox 918 2218 1000 2275; x_wconf 86' lang='lat' dir='ltr'>nobis</span> <span class='ocrx_word' id='word_1_255' title='bbox 1014 2220 1188 2277; x_wconf 83' lang='lat' dir='ltr'>retinuimus.</span> <span class='ocrx_word' id='word_1_256' title='bbox 1203 2220 1255 2289; x_wconf 81' lang='lat' dir='ltr'>Qui</span> <span class='ocrx_word' id='word_1_257' title='bbox 1270 2236 1302 2277; x_wconf 86' lang='lat' dir='ltr'>er</span> <span class='ocrx_word' id='word_1_258' title='bbox 1317 2222 1370 2277; x_wconf 89' lang='lat' dir='ltr'>boc</span> <span class='ocrx_word' id='word_1_259' title='bbox 1385 2223 1445 2293; x_wconf 86' lang='lat' dir='ltr'>ipso</span> <span class='ocrx_word' id='word_1_260' title='bbox 1459 2224 1647 2295; x_wconf 75' lang='lat' dir='ltr'>garrulitatem</span> <span class='ocrx_word' id='word_1_261' title='bbox 1662 2240 1710 2283; x_wconf 87' lang='lat' dir='ltr'>ru-</span> 
     </span>
     <span class='ocr_line' id='line_1_22' title="bbox 48 2309 1710 2381; baseline 0.005 -14"><span class='ocrx_word' id='word_1_262' title='bbox 48 2310 173 2369; x_wconf 87' lang='lat' dir='ltr'>delicet</span> <span class='ocrx_word' id='word_1_263' title='bbox 188 2312 295 2371; x_wconf 78' lang='lat' dir='ltr'>comite</span> <span class='ocrx_word' id='word_1_264' title='bbox 308 2310 468 2367; x_wconf 80' lang='lat' dir='ltr'>Ebroicensi</span> <span class='ocrx_word' id='word_1_265' title='bbox 481 2310 620 2365; x_wconf 82' lang='lat' dir='ltr'>Amalrico</span> <span class='ocrx_word' id='word_1_266' title='bbox 629 2310 663 2368; x_wconf 89' lang='lat' dir='ltr'>de</span> <span class='ocrx_word' id='word_1_267' title='bbox 673 2310 868 2381; x_wconf 78' lang='lat' dir='ltr'>lionis-Forti,</span> <span class='ocrx_word' id='word_1_268' title='bbox 918 2309 1053 2365; x_wconf 77' lang='lat' dir='ltr'>sanorum</span> <span class='ocrx_word' id='word_1_269' title='bbox 1065 2317 1093 2366; x_wconf 92' lang='lat' dir='ltr'>et</span> <span class='ocrx_word' id='word_1_270' title='bbox 1107 2318 1218 2367; x_wconf 83' lang='lat' dir='ltr'>mutatae</span> <span class='ocrx_word' id='word_1_271' title='bbox 1228 2312 1437 2370; x_wconf 81' lang='lat' dir='ltr'>ccmuetudiuis</span> <span class='ocrx_word' id='word_1_272' title='bbox 1446 2315 1589 2373; x_wconf 73' lang='lat' dir='ltr'>nausias</span> <span class='ocrx_word' id='word_1_273' title='bbox 1597 2318 1710 2375; x_wconf 85' lang='lat' dir='ltr'>omnino</span> 
     </span>
     <span class='ocr_line' id='line_1_23' title="bbox 50 2398 1230 2475; baseline 0 -16"><span class='ocrx_word' id='word_1_274' title='bbox 50 2400 189 2461; x_wconf 83' lang='lat' dir='ltr'>Simone</span> <span class='ocrx_word' id='word_1_275' title='bbox 204 2404 239 2460; x_wconf 91' lang='lat' dir='ltr'>de</span> <span class='ocrx_word' id='word_1_276' title='bbox 251 2402 376 2474; x_wconf 80' lang='lat' dir='ltr'>Nielpba,</span> <span class='ocrx_word' id='word_1_277' title='bbox 389 2400 513 2457; x_wconf 79' lang='lat' dir='ltr'>Ebrardo</span> <span class='ocrx_word' id='word_1_278' title='bbox 526 2401 560 2457; x_wconf 92' lang='lat' dir='ltr'>de</span> <span class='ocrx_word' id='word_1_279' title='bbox 573 2398 754 2475; x_wconf 68' lang='lat' dir='ltr'>villaperosa,</span> <span class='ocrx_word' id='word_1_280' title='bbox 770 2412 798 2460; x_wconf 93' lang='lat' dir='ltr'>et</span> <span class='ocrx_word' id='word_1_281' title='bbox 807 2405 870 2461; x_wconf 88' lang='lat' dir='ltr'>aliis</span> <span class='ocrx_word' id='word_1_282' title='bbox 918 2417 950 2458; x_wconf 88' lang='lat' dir='ltr'>se</span> <span class='ocrx_word' id='word_1_283' title='bbox 963 2402 1062 2459; x_wconf 85' lang='lat' dir='ltr'>sedare</span> <span class='ocrx_word' id='word_1_284' title='bbox 1076 2403 1230 2475; x_wconf 90' lang='lat' dir='ltr'>spopondit.</span> 
     </span>
     <span class='ocr_line' id='line_1_24' title="bbox 46 2492 1398 2569; baseline 0.003 -18"><span class='ocrx_word' id='word_1_285' title='bbox 46 2496 297 2569; x_wconf 87' lang='lat' dir='ltr'>quamplurimis,</span> <span class='ocrx_word' id='word_1_286' title='bbox 313 2495 342 2551; x_wconf 89' lang='lat' dir='ltr'>in</span> <span class='ocrx_word' id='word_1_287' title='bbox 348 2494 476 2551; x_wconf 89' lang='lat' dir='ltr'>tentoriis</span> <span class='ocrx_word' id='word_1_288' title='bbox 486 2492 669 2559; x_wconf 86' lang='lat' dir='ltr'>demorantes,</span> <span class='ocrx_word' id='word_1_289' title='bbox 684 2495 800 2567; x_wconf 84' lang='lat' dir='ltr'>singralis</span> <span class='ocrx_word' id='word_1_290' title='bbox 811 2496 867 2553; x_wconf 84' lang='lat' dir='ltr'>die·</span> <span class='ocrx_word' id='word_1_291' title='bbox 1222 2494 1338 2554; x_wconf 80' lang='lat' dir='ltr'>CAPUT</span> <span class='ocrx_word' id='word_1_292' title='bbox 1352 2497 1398 2555; x_wconf 73' lang='lat' dir='ltr'>xl.</span> 
     </span>
     <span class='ocr_line' id='line_1_25' title="bbox 3 2575 1428 2659; baseline 0.001 -14"><span class='ocrx_word' id='word_1_293' title='bbox 3 2575 5 2578; x_wconf 35' lang='lat'><strong>⁴</strong></span> <span class='ocrx_word' id='word_1_294' title='bbox 45 2589 118 2647; x_wconf 86' lang='lat' dir='ltr'>bus</span> <span class='ocrx_word' id='word_1_295' title='bbox 130 2588 407 2647; x_wconf 74' lang='lat' dir='ltr'>totiushebdomadcc</span> <span class='ocrx_word' id='word_1_296' title='bbox 418 2600 562 2643; x_wconf 77' lang='lat' dir='ltr'>cervorum</span> <span class='ocrx_word' id='word_1_297' title='bbox 574 2588 681 2659; x_wconf 91' lang='lat' dir='ltr'>copiam</span> <span class='ocrx_word' id='word_1_298' title='bbox 689 2588 724 2643; x_wconf 92' lang='lat' dir='ltr'>ad</span> <span class='ocrx_word' id='word_1_299' title='bbox 735 2586 867 2645; x_wconf 87' lang='lat' dir='ltr'>Sanctum</span> <span class='ocrx_word' id='word_1_300' title='bbox 1197 2588 1236 2647; x_wconf 81' lang='lat' dir='ltr'>lle</span> <span class='ocrx_word' id='word_1_301' title='bbox 1255 2589 1428 2647; x_wconf 77' lang='lat' dir='ltr'>limareillo.</span> 
     </span>
     <span class='ocr_line' id='line_1_26' title="bbox 46 2678 1705 2758; baseline 0.005 -23"><span class='ocrx_word' id='word_1_302' title='bbox 46 2678 237 2755; x_wconf 78' lang='lat' dir='ltr'>Dionysiam</span> <span class='ocrx_word' id='word_1_303' title='bbox 251 2696 307 2736; x_wconf 91' lang='lat' dir='ltr'>non</span> <span class='ocrx_word' id='word_1_304' title='bbox 318 2680 438 2737; x_wconf 82' lang='lat' dir='ltr'>levitate.</span> <span class='ocrx_word' id='word_1_305' title='bbox 451 2678 498 2735; x_wconf 91' lang='lat' dir='ltr'>sed</span> <span class='ocrx_word' id='word_1_306' title='bbox 513 2693 564 2751; x_wconf 85' lang='lat' dir='ltr'>pro</span> <span class='ocrx_word' id='word_1_307' title='bbox 573 2678 636 2750; x_wconf 86' lang='lat' dir='ltr'>jure</span> <span class='ocrx_word' id='word_1_308' title='bbox 650 2680 776 2738; x_wconf 84' lang='lat' dir='ltr'>ecclesiae</span> <span class='ocrx_word' id='word_1_309' title='bbox 788 2696 868 2753; x_wconf 88' lang='lat' dir='ltr'>repa·</span> <span class='ocrx_word' id='word_1_310' title='bbox 953 2679 1084 2739; x_wconf 84' lang='lat' dir='ltr'>Succedit</span> <span class='ocrx_word' id='word_1_311' title='bbox 1099 2689 1127 2740; x_wconf 92' lang='lat' dir='ltr'>et</span> <span class='ocrx_word' id='word_1_312' title='bbox 1141 2682 1193 2739; x_wconf 90' lang='lat' dir='ltr'>alia</span> <span class='ocrx_word' id='word_1_313' title='bbox 1206 2700 1291 2756; x_wconf 90' lang='lat' dir='ltr'>prope</span> <span class='ocrx_word' id='word_1_314' title='bbox 1306 2686 1380 2741; x_wconf 85' lang='lat' dir='ltr'>illam</span> <span class='ocrx_word' id='word_1_315' title='bbox 1395 2684 1470 2745; x_wconf 84' lang='lat' dir='ltr'>Beati</span> <span class='ocrx_word' id='word_1_316' title='bbox 1486 2684 1608 2758; x_wconf 78' lang='lat' dir='ltr'>Dionysii</span> <span class='ocrx_word' id='word_1_317' title='bbox 1623 2685 1705 2751; x_wconf 74' lang='lat' dir='ltr'>ailla,</span> 
     </span>
     <span class='ocr_line' id='line_1_27' title="bbox 44 2768 1708 2849; baseline 0.007 -24"><span class='ocrx_word' id='word_1_318' title='bbox 44 2771 173 2837; x_wconf 80' lang='lat' dir='ltr'>nando,</span> <span class='ocrx_word' id='word_1_319' title='bbox 192 2768 350 2833; x_wconf 74' lang='lat' dir='ltr'>transferri,</span> <span class='ocrx_word' id='word_1_320' title='bbox 368 2776 396 2825; x_wconf 89' lang='lat' dir='ltr'>et</span> <span class='ocrx_word' id='word_1_321' title='bbox 414 2768 546 2825; x_wconf 86' lang='lat' dir='ltr'>iratribus</span> <span class='ocrx_word' id='word_1_322' title='bbox 562 2768 688 2837; x_wconf 81' lang='lat' dir='ltr'>infirmis,</span> <span class='ocrx_word' id='word_1_323' title='bbox 704 2778 731 2826; x_wconf 90' lang='lat' dir='ltr'>et</span> <span class='ocrx_word' id='word_1_324' title='bbox 749 2770 867 2843; x_wconf 85' lang='lat' dir='ltr'>hospiti·</span> <span class='ocrx_word' id='word_1_325' title='bbox 914 2792 978 2849; x_wconf 82' lang='lat' dir='ltr'>quae</span> <span class='ocrx_word' id='word_1_326' title='bbox 997 2775 1098 2832; x_wconf 90' lang='lat' dir='ltr'>dicitnr</span> <span class='ocrx_word' id='word_1_327' title='bbox 1118 2776 1288 2843; x_wconf 83' lang='lat' dir='ltr'>bionarsilla,</span> <span class='ocrx_word' id='word_1_328' title='bbox 1306 2778 1371 2835; x_wconf 85' lang='lat' dir='ltr'>r&#39;illa</span> <span class='ocrx_word' id='word_1_329' title='bbox 1385 2779 1506 2835; x_wconf 90' lang='lat' dir='ltr'>omnium</span> <span class='ocrx_word' id='word_1_330' title='bbox 1523 2777 1594 2833; x_wconf 84' lang='lat' dir='ltr'>iacta</span> <span class='ocrx_word' id='word_1_331' title='bbox 1608 2778 1708 2836; x_wconf 83' lang='lat' dir='ltr'>miser-</span> 
     </span>
     <span class='ocr_line' id='line_1_28' title="bbox 44 2860 1706 2939; baseline 0.002 -20"><span class='ocrx_word' id='word_1_332' title='bbox 44 2864 116 2919; x_wconf 86' lang='lat' dir='ltr'>bus</span> <span class='ocrx_word' id='word_1_333' title='bbox 131 2864 164 2919; x_wconf 89' lang='lat' dir='ltr'>in</span> <span class='ocrx_word' id='word_1_334' title='bbox 179 2864 264 2919; x_wconf 91' lang='lat' dir='ltr'>domo</span> <span class='ocrx_word' id='word_1_335' title='bbox 277 2860 542 2934; x_wconf 85' lang='lat' dir='ltr'>bospitali,necnon</span> <span class='ocrx_word' id='word_1_336' title='bbox 556 2862 690 2920; x_wconf 85' lang='lat' dir='ltr'>militibus</span> <span class='ocrx_word' id='word_1_337' title='bbox 702 2864 864 2934; x_wconf 80' lang='lat' dir='ltr'>persillum,</span> <span class='ocrx_word' id='word_1_338' title='bbox 914 2868 997 2932; x_wconf 91' lang='lat' dir='ltr'>rima,</span> <span class='ocrx_word' id='word_1_339' title='bbox 1022 2882 1084 2938; x_wconf 79' lang='lat' dir='ltr'>quae</span> <span class='ocrx_word' id='word_1_340' title='bbox 1107 2866 1159 2923; x_wconf 90' lang='lat' dir='ltr'>sub</span> <span class='ocrx_word' id='word_1_341' title='bbox 1177 2867 1242 2939; x_wconf 78' lang='lat' dir='ltr'>iugo</span> <span class='ocrx_word' id='word_1_342' title='bbox 1265 2868 1350 2924; x_wconf 77' lang='lat' dir='ltr'>cusiri</span> <span class='ocrx_word' id='word_1_343' title='bbox 1374 2866 1519 2924; x_wconf 73' lang='lat' dir='ltr'>densans</span> <span class='ocrx_word' id='word_1_344' title='bbox 1530 2869 1706 2933; x_wconf 79' lang='grc' dir='ltr'><strong>(ιιιιιιιιιιι,</strong></span> 
     </span>
     <span class='ocr_line' id='line_1_29' title="bbox 42 2952 1707 3027; baseline 0 -14"><span class='ocrx_word' id='word_1_345' title='bbox 42 2972 92 3013; x_wconf 85' lang='lat' dir='ltr'>ne</span> <span class='ocrx_word' id='word_1_346' title='bbox 105 2956 249 3027; x_wconf 85' lang='lat' dir='ltr'>deinceps</span> <span class='ocrx_word' id='word_1_347' title='bbox 264 2953 396 3011; x_wconf 80' lang='lat' dir='ltr'>oblivioni</span> <span class='ocrx_word' id='word_1_348' title='bbox 410 2952 577 3019; x_wconf 86' lang='lat' dir='ltr'>traderetur,</span> <span class='ocrx_word' id='word_1_349' title='bbox 592 2954 722 3011; x_wconf 91' lang='lat' dir='ltr'>distribui</span> <span class='ocrx_word' id='word_1_350' title='bbox 736 2956 863 3015; x_wconf 85' lang='lat' dir='ltr'>lecimus.</span> <span class='ocrx_word' id='word_1_351' title='bbox 914 2970 972 3011; x_wconf 84' lang='lat' dir='ltr'>aon</span> <span class='ocrx_word' id='word_1_352' title='bbox 986 2952 1078 3012; x_wconf 88' lang='lat' dir='ltr'>minus</span> <span class='ocrx_word' id='word_1_353' title='bbox 1091 2970 1175 3027; x_wconf 82' lang='lat' dir='ltr'>guam</span> <span class='ocrx_word' id='word_1_354' title='bbox 1190 2953 1406 3013; x_wconf 88' lang='lat' dir='ltr'>Sarracenorum</span> <span class='ocrx_word' id='word_1_355' title='bbox 1421 2956 1608 3027; x_wconf 88' lang='lat' dir='ltr'>depressione,</span> <span class='ocrx_word' id='word_1_356' title='bbox 1629 2970 1707 3013; x_wconf 79' lang='grc' dir='ltr'><strong>ιιιιι-</strong></span> 
     </span>
     <span class='ocr_line' id='line_1_30' title="bbox 44 3046 1714 3121; baseline 0 -16"><span class='ocrx_word' id='word_1_357' title='bbox 44 3050 189 3106; x_wconf 84' lang='lat' dir='ltr'>Domino</span> <span class='ocrx_word' id='word_1_358' title='bbox 203 3064 269 3105; x_wconf 84' lang='lat' dir='ltr'>vero</span> <span class='ocrx_word' id='word_1_359' title='bbox 282 3048 412 3105; x_wconf 81' lang='lat' dir='ltr'>Gabrosae</span> <span class='ocrx_word' id='word_1_360' title='bbox 425 3057 525 3120; x_wconf 80' lang='lat' dir='ltr'>praeter</span> <span class='ocrx_word' id='word_1_361' title='bbox 535 3050 677 3121; x_wconf 82' lang='lat' dir='ltr'>antiquum</span> <span class='ocrx_word' id='word_1_362' title='bbox 691 3049 812 3118; x_wconf 86' lang='lat' dir='ltr'>lendum,</span> <span class='ocrx_word' id='word_1_363' title='bbox 823 3052 866 3108; x_wconf 81' lang='lat' dir='ltr'>ai·</span> <span class='ocrx_word' id='word_1_364' title='bbox 915 3047 1045 3105; x_wconf 90' lang='lat' dir='ltr'>dicabat:</span> <span class='ocrx_word' id='word_1_365' title='bbox 1065 3062 1129 3103; x_wconf 91' lang='lat' dir='ltr'>eum</span> <span class='ocrx_word' id='word_1_366' title='bbox 1147 3048 1269 3119; x_wconf 84' lang='lat' dir='ltr'>ejusdem</span> <span class='ocrx_word' id='word_1_367' title='bbox 1287 3049 1371 3105; x_wconf 87' lang='lat' dir='ltr'>castri</span> <span class='ocrx_word' id='word_1_368' title='bbox 1383 3046 1515 3105; x_wconf 78' lang='grc' dir='ltr'><strong>ὓοιιίιιιι</strong></span> <span class='ocrx_word' id='word_1_369' title='bbox 1531 3050 1714 3119; x_wconf 73' lang='grc' dir='ltr'>(ιιιιὶιιιιιιι-Ι</span> 
     </span>
     <span class='ocr_line' id='line_1_31' title="bbox 43 3139 1705 3212; baseline -0.001 -13"><span class='ocrx_word' id='word_1_370' title='bbox 43 3143 171 3199; x_wconf 88' lang='lat' dir='ltr'>delicet</span> <span class='ocrx_word' id='word_1_371' title='bbox 188 3140 395 3197; x_wconf 77' lang='lat' dir='ltr'>advocationem</span> <span class='ocrx_word' id='word_1_372' title='bbox 410 3146 491 3196; x_wconf 76' lang='lat' dir='ltr'>terrac</span> <span class='ocrx_word' id='word_1_373' title='bbox 504 3147 622 3204; x_wconf 87' lang='lat' dir='ltr'>nostrae,</span> <span class='ocrx_word' id='word_1_374' title='bbox 638 3148 665 3195; x_wconf 89' lang='lat' dir='ltr'>et</span> <span class='ocrx_word' id='word_1_375' title='bbox 689 3140 864 3197; x_wconf 85' lang='lat' dir='ltr'>medietatem</span> <span class='ocrx_word' id='word_1_376' title='bbox 915 3157 970 3212; x_wconf 84' lang='lat' dir='ltr'>que</span> <span class='ocrx_word' id='word_1_377' title='bbox 984 3142 1081 3206; x_wconf 86' lang='lat' dir='ltr'>vellet,</span> <span class='ocrx_word' id='word_1_378' title='bbox 1106 3139 1252 3197; x_wconf 86' lang='lat' dir='ltr'>iraeadem</span> <span class='ocrx_word' id='word_1_379' title='bbox 1273 3140 1422 3212; x_wconf 76' lang='lat' dir='ltr'>hospitium</span> <span class='ocrx_word' id='word_1_380' title='bbox 1450 3156 1511 3196; x_wconf 84' lang='lat' dir='ltr'>cunt</span> <span class='ocrx_word' id='word_1_381' title='bbox 1532 3141 1705 3212; x_wconf 82' lang='lat' dir='ltr'>quibaascun-</span> 
     </span>
     <span class='ocr_line' id='line_1_32' title="bbox 43 3231 1706 3305; baseline -0.001 -15"><span class='ocrx_word' id='word_1_382' title='bbox 43 3236 156 3297; x_wconf 74' lang='lat' dir='ltr'>silrae,</span> <span class='ocrx_word' id='word_1_383' title='bbox 172 3231 208 3288; x_wconf 92' lang='lat' dir='ltr'>de</span> <span class='ocrx_word' id='word_1_384' title='bbox 218 3232 329 3304; x_wconf 89' lang='lat' dir='ltr'>proprio</span> <span class='ocrx_word' id='word_1_385' title='bbox 346 3233 462 3304; x_wconf 83' lang='lat' dir='ltr'>singulis</span> <span class='ocrx_word' id='word_1_386' title='bbox 476 3234 557 3289; x_wconf 82' lang='lat' dir='ltr'>arinis</span> <span class='ocrx_word' id='word_1_387' title='bbox 575 3240 684 3288; x_wconf 89' lang='lat' dir='ltr'>centum</span> <span class='ocrx_word' id='word_1_388' title='bbox 697 3232 801 3289; x_wconf 89' lang='lat' dir='ltr'>solidos</span> <span class='ocrx_word' id='word_1_389' title='bbox 815 3233 865 3289; x_wconf 91' lang='lat' dir='ltr'>da·</span> <span class='ocrx_word' id='word_1_390' title='bbox 914 3248 969 3305; x_wconf 79' lang='lat' dir='ltr'>que</span> <span class='ocrx_word' id='word_1_391' title='bbox 992 3232 1074 3289; x_wconf 78' lang='lat' dir='ltr'>celles</span> <span class='ocrx_word' id='word_1_392' title='bbox 1096 3239 1215 3303; x_wconf 88' lang='lat' dir='ltr'>raperet,</span> <span class='ocrx_word' id='word_1_393' title='bbox 1236 3232 1405 3288; x_wconf 87' lang='lat' dir='ltr'>rusticorum</span> <span class='ocrx_word' id='word_1_394' title='bbox 1417 3232 1488 3287; x_wconf 93' lang='lat' dir='ltr'>bona</span> <span class='ocrx_word' id='word_1_395' title='bbox 1503 3232 1583 3303; x_wconf 82' lang='lat' dir='ltr'>plen</span> <span class='ocrx_word' id='word_1_396' title='bbox 1598 3232 1706 3289; x_wconf 85' lang='lat' dir='ltr'>ereda·</span> 
     </span>
     <span class='ocr_line' id='line_1_33' title="bbox 40 3324 1705 3397; baseline -0.002 -13"><span class='ocrx_word' id='word_1_397' title='bbox 40 3344 144 3395; x_wconf 89' lang='lat' dir='ltr'>mus,</span> <span class='ocrx_word' id='word_1_398' title='bbox 164 3333 298 3397; x_wconf 80' lang='lat' dir='ltr'>tanquam</span> <span class='ocrx_word' id='word_1_399' title='bbox 313 3324 423 3382; x_wconf 87' lang='lat' dir='ltr'>ieodato</span> <span class='ocrx_word' id='word_1_400' title='bbox 436 3332 553 3390; x_wconf 91' lang='lat' dir='ltr'>nostro,</span> <span class='ocrx_word' id='word_1_401' title='bbox 567 3340 604 3381; x_wconf 91' lang='lat' dir='ltr'>ne</span> <span class='ocrx_word' id='word_1_402' title='bbox 624 3325 738 3381; x_wconf 83' lang='lat' dir='ltr'>redueat</span> <span class='ocrx_word' id='word_1_403' title='bbox 751 3342 864 3383; x_wconf 89' lang='lat' dir='ltr'>manum</span> <span class='ocrx_word' id='word_1_404' title='bbox 912 3335 1034 3388; x_wconf 77' lang='lat' dir='ltr'>voraret,</span> <span class='ocrx_word' id='word_1_405' title='bbox 1058 3326 1163 3381; x_wconf 91' lang='lat' dir='ltr'>talliam</span> <span class='ocrx_word' id='word_1_406' title='bbox 1186 3331 1214 3382; x_wconf 93' lang='lat' dir='ltr'>et</span> <span class='ocrx_word' id='word_1_407' title='bbox 1234 3338 1369 3381; x_wconf 85' lang='lat' dir='ltr'>annonam</span> <span class='ocrx_word' id='word_1_408' title='bbox 1392 3332 1515 3396; x_wconf 87' lang='lat' dir='ltr'>tempore</span> <span class='ocrx_word' id='word_1_409' title='bbox 1538 3325 1636 3381; x_wconf 87' lang='lat' dir='ltr'>messis</span> <span class='ocrx_word' id='word_1_410' title='bbox 1655 3340 1705 3397; x_wconf 88' lang='lat' dir='ltr'>pro</span> 
     </span>
     <span class='ocr_line' id='line_1_34' title="bbox 40 3403 1706 3491; baseline 0.001 -18"><span class='ocrx_word' id='word_1_411' title='bbox 40 3403 87 3474; x_wconf 84' lang='lat' dir='ltr'>ad</span> <span class='ocrx_word' id='word_1_412' title='bbox 107 3418 242 3483; x_wconf 87' lang='lat' dir='ltr'>talliam,</span> <span class='ocrx_word' id='word_1_413' title='bbox 261 3417 306 3473; x_wconf 82' lang='lat' dir='ltr'>rel</span> <span class='ocrx_word' id='word_1_414' title='bbox 319 3424 402 3473; x_wconf 82' lang='lat' dir='ltr'>terrae</span> <span class='ocrx_word' id='word_1_415' title='bbox 417 3419 635 3489; x_wconf 91' lang='lat' dir='ltr'>oppressionem.</span> <span class='ocrx_word' id='word_1_416' title='bbox 658 3415 735 3484; x_wconf 82' lang='lat' dir='ltr'>Quos</span> <span class='ocrx_word' id='word_1_417' title='bbox 753 3419 865 3491; x_wconf 81' lang='lat' dir='ltr'>quidem</span> <span class='ocrx_word' id='word_1_418' title='bbox 914 3418 1114 3475; x_wconf 89' lang='lat' dir='ltr'>consuetudine</span> <span class='ocrx_word' id='word_1_419' title='bbox 1137 3425 1314 3489; x_wconf 86' lang='lat' dir='ltr'>asportaret:</span> <span class='ocrx_word' id='word_1_420' title='bbox 1335 3418 1449 3489; x_wconf 84' lang='lat' dir='ltr'>lignaria</span> <span class='ocrx_word' id='word_1_421' title='bbox 1472 3430 1521 3475; x_wconf 85' lang='lat' dir='ltr'>sna</span> <span class='ocrx_word' id='word_1_422' title='bbox 1538 3418 1581 3475; x_wconf 91' lang='lat' dir='ltr'>bis</span> <span class='ocrx_word' id='word_1_423' title='bbox 1603 3426 1651 3475; x_wconf 90' lang='lat' dir='ltr'>aut</span> <span class='ocrx_word' id='word_1_424' title='bbox 1664 3425 1706 3474; x_wconf 89' lang='lat' dir='ltr'>ter</span> 
     </span>
     <span class='ocr_line' id='line_1_35' title="bbox 39 3508 1701 3583; baseline 0.001 -16"><span class='ocrx_word' id='word_1_425' title='bbox 39 3521 182 3567; x_wconf 86' lang='lat' dir='ltr'>centnm</span> <span class='ocrx_word' id='word_1_426' title='bbox 200 3510 303 3567; x_wconf 89' lang='lat' dir='ltr'>solidos</span> <span class='ocrx_word' id='word_1_427' title='bbox 318 3512 346 3565; x_wconf 91' lang='lat' dir='ltr'>in</span> <span class='ocrx_word' id='word_1_428' title='bbox 359 3511 454 3567; x_wconf 89' lang='lat' dir='ltr'>eadem</span> <span class='ocrx_word' id='word_1_429' title='bbox 464 3518 539 3567; x_wconf 88' lang='lat' dir='ltr'>terra</span> <span class='ocrx_word' id='word_1_430' title='bbox 554 3524 605 3582; x_wconf 86' lang='lat' dir='ltr'>pro</span> <span class='ocrx_word' id='word_1_431' title='bbox 617 3510 758 3567; x_wconf 76' lang='lat' dir='ltr'>voluntate</span> <span class='ocrx_word' id='word_1_432' title='bbox 768 3517 864 3567; x_wconf 86' lang='lat' dir='ltr'>nostra</span> <span class='ocrx_word' id='word_1_433' title='bbox 914 3512 943 3567; x_wconf 89' lang='lat' dir='ltr'>in</span> <span class='ocrx_word' id='word_1_434' title='bbox 969 3525 1044 3567; x_wconf 86' lang='lat' dir='ltr'>anno</span> <span class='ocrx_word' id='word_1_435' title='bbox 1067 3526 1244 3566; x_wconf 88' lang='lat' dir='ltr'>carrucarum</span> <span class='ocrx_word' id='word_1_436' title='bbox 1269 3510 1339 3566; x_wconf 85' lang='lat' dir='ltr'>villae</span> <span class='ocrx_word' id='word_1_437' title='bbox 1360 3508 1507 3582; x_wconf 83' lang='lat' dir='ltr'>dispendio</span> <span class='ocrx_word' id='word_1_438' title='bbox 1521 3518 1701 3583; x_wconf 85' lang='lat' dir='ltr'>aggregaret:</span> 
     </span>
     <span class='ocr_line' id='line_1_36' title="bbox 38 3600 1704 3677; baseline -0.002 -18"><span class='ocrx_word' id='word_1_439' title='bbox 38 3604 176 3675; x_wconf 78' lang='lat' dir='ltr'>absque</span> <span class='ocrx_word' id='word_1_440' title='bbox 190 3601 407 3658; x_wconf 87' lang='lat' dir='ltr'>contradictione</span> <span class='ocrx_word' id='word_1_441' title='bbox 419 3601 577 3675; x_wconf 73' lang='lat' dir='ltr'>recolligere</span> <span class='ocrx_word' id='word_1_442' title='bbox 588 3602 721 3658; x_wconf 79' lang='lat' dir='ltr'>valemus.</span> <span class='ocrx_word' id='word_1_443' title='bbox 912 3618 1077 3677; x_wconf 85' lang='lat' dir='ltr'>porcorum,</span> <span class='ocrx_word' id='word_1_444' title='bbox 1093 3616 1245 3675; x_wconf 89' lang='lat' dir='ltr'>agnorum,</span> <span class='ocrx_word' id='word_1_445' title='bbox 1261 3616 1408 3668; x_wconf 81' lang='lat' dir='ltr'>anserum,</span> <span class='ocrx_word' id='word_1_446' title='bbox 1423 3600 1585 3673; x_wconf 73' lang='lat' dir='ltr'>gallinarum</span> <span class='ocrx_word' id='word_1_447' title='bbox 1601 3602 1704 3674; x_wconf 79' lang='lat' dir='ltr'>impon-</span> 
     </span>
     <span class='ocr_line' id='line_1_37' title="bbox 84 3691 1701 3770; baseline 0.001 -20"><span class='ocrx_word' id='word_1_448' title='bbox 84 3692 142 3750; x_wconf 71' lang='grc' dir='ltr'>Νι</span> <span class='ocrx_word' id='word_1_449' title='bbox 168 3691 254 3765; x_wconf 90' lang='lat' dir='ltr'>igitur</span> <span class='ocrx_word' id='word_1_450' title='bbox 273 3691 377 3748; x_wconf 86' lang='lat' dir='ltr'>laboris</span> <span class='ocrx_word' id='word_1_451' title='bbox 399 3692 489 3748; x_wconf 90' lang='lat' dir='ltr'>nostri</span> <span class='ocrx_word' id='word_1_452' title='bbox 508 3692 616 3750; x_wconf 82' lang='lat' dir='ltr'>tractus</span> <span class='ocrx_word' id='word_1_453' title='bbox 632 3708 666 3749; x_wconf 86' lang='lat' dir='ltr'>ex</span> <span class='ocrx_word' id='word_1_454' title='bbox 680 3692 818 3751; x_wconf 75' lang='lat' dir='ltr'>oblivione</span> <span class='ocrx_word' id='word_1_455' title='bbox 834 3694 864 3750; x_wconf 89' lang='lat' dir='ltr'>in</span> <span class='ocrx_word' id='word_1_456' title='bbox 912 3698 1012 3755; x_wconf 85' lang='lat' dir='ltr'>labiles</span> <span class='ocrx_word' id='word_1_457' title='bbox 1025 3711 1149 3770; x_wconf 85' lang='lat' dir='ltr'>quasque</span> <span class='ocrx_word' id='word_1_458' title='bbox 1164 3694 1305 3752; x_wconf 91' lang='lat' dir='ltr'>molestias</span> <span class='ocrx_word' id='word_1_459' title='bbox 1315 3710 1366 3767; x_wconf 91' lang='lat' dir='ltr'>pro</span> <span class='ocrx_word' id='word_1_460' title='bbox 1375 3694 1574 3753; x_wconf 83' lang='lat' dir='ltr'>consuetudine</span> <span class='ocrx_word' id='word_1_461' title='bbox 1585 3694 1701 3753; x_wconf 77' lang='lat' dir='ltr'>caleret.</span> 
     </span>
     <span class='ocr_line' id='line_1_38' title="bbox 36 3784 1702 3860; baseline -0.002 -15"><span class='ocrx_word' id='word_1_462' title='bbox 36 3788 180 3846; x_wconf 85' lang='lat' dir='ltr'>irritum</span> <span class='ocrx_word' id='word_1_463' title='bbox 203 3786 365 3851; x_wconf 88' lang='lat' dir='ltr'>deducatur,</span> <span class='ocrx_word' id='word_1_464' title='bbox 387 3784 433 3841; x_wconf 90' lang='lat' dir='ltr'>illa</span> <span class='ocrx_word' id='word_1_465' title='bbox 456 3784 540 3842; x_wconf 92' lang='lat' dir='ltr'>etiam</span> <span class='ocrx_word' id='word_1_466' title='bbox 562 3801 623 3858; x_wconf 73' lang='lat' dir='ltr'>qua</span> <span class='ocrx_word' id='word_1_467' title='bbox 641 3786 670 3841; x_wconf 93' lang='lat' dir='ltr'>in</span> <span class='ocrx_word' id='word_1_468' title='bbox 687 3784 769 3843; x_wconf 88' lang='lat' dir='ltr'>llelsa</span> <span class='ocrx_word' id='word_1_469' title='bbox 784 3786 863 3843; x_wconf 86' lang='lat' dir='ltr'>auxi·</span> <span class='ocrx_word' id='word_1_470' title='bbox 912 3791 979 3860; x_wconf 77' lang='lat' dir='ltr'>Qua</span> <span class='ocrx_word' id='word_1_471' title='bbox 1001 3806 1064 3847; x_wconf 91' lang='lat' dir='ltr'>eum</span> <span class='ocrx_word' id='word_1_472' title='bbox 1085 3797 1161 3845; x_wconf 89' lang='lat' dir='ltr'>tanta</span> <span class='ocrx_word' id='word_1_473' title='bbox 1177 3787 1355 3860; x_wconf 83' lang='lat' dir='ltr'>oppressione</span> <span class='ocrx_word' id='word_1_474' title='bbox 1370 3785 1517 3858; x_wconf 90' lang='lat' dir='ltr'>permulta</span> <span class='ocrx_word' id='word_1_475' title='bbox 1531 3792 1656 3858; x_wconf 87' lang='lat' dir='ltr'>tempora</span> <span class='ocrx_word' id='word_1_476' title='bbox 1673 3786 1702 3841; x_wconf 93' lang='lat' dir='ltr'>in</span> 
     </span>
     <span class='ocr_line' id='line_1_39' title="bbox 35 3876 1701 3952; baseline -0.004 -14"><span class='ocrx_word' id='word_1_477' title='bbox 35 3882 152 3938; x_wconf 75' lang='lat' dir='ltr'>liante</span> <span class='ocrx_word' id='word_1_478' title='bbox 171 3876 232 3935; x_wconf 82' lang='lat' dir='ltr'>ilco</span> <span class='ocrx_word' id='word_1_479' title='bbox 247 3876 419 3950; x_wconf 89' lang='lat' dir='ltr'>augmentari</span> <span class='ocrx_word' id='word_1_480' title='bbox 437 3876 655 3944; x_wconf 77' lang='lat' dir='ltr'>elaboravimus,</span> <span class='ocrx_word' id='word_1_481' title='bbox 671 3876 776 3952; x_wconf 81' lang='lat' dir='ltr'>scripto</span> <span class='ocrx_word' id='word_1_482' title='bbox 786 3892 863 3935; x_wconf 89' lang='lat' dir='ltr'>com·</span> <span class='ocrx_word' id='word_1_483' title='bbox 912 3882 1089 3941; x_wconf 85' lang='lat' dir='ltr'>solitudinem</span> <span class='ocrx_word' id='word_1_484' title='bbox 1098 3880 1154 3937; x_wconf 89' lang='lat' dir='ltr'>iere</span> <span class='ocrx_word' id='word_1_485' title='bbox 1162 3878 1220 3951; x_wconf 78' lang='lat' dir='ltr'>jaan</span> <span class='ocrx_word' id='word_1_486' title='bbox 1228 3878 1409 3950; x_wconf 85' lang='lat' dir='ltr'>redigeretur,</span> <span class='ocrx_word' id='word_1_487' title='bbox 1421 3876 1551 3933; x_wconf 90' lang='lat' dir='ltr'>audacter</span> <span class='ocrx_word' id='word_1_488' title='bbox 1561 3878 1701 3941; x_wconf 86' lang='lat' dir='ltr'>resistere,</span> 
     </span>
     <span class='ocr_line' id='line_1_40' title="bbox 36 3968 1701 4043; baseline -0.006 -10"><span class='ocrx_word' id='word_1_489' title='bbox 36 3972 205 4033; x_wconf 83' lang='lat' dir='ltr'>mendace</span> <span class='ocrx_word' id='word_1_490' title='bbox 215 3972 383 4029; x_wconf 84' lang='lat' dir='ltr'>curarimus.</span> <span class='ocrx_word' id='word_1_491' title='bbox 908 3982 940 4033; x_wconf 85' lang='lat' dir='ltr'>st</span> <span class='ocrx_word' id='word_1_492' title='bbox 959 3972 1101 4030; x_wconf 88' lang='lat' dir='ltr'>molestias</span> <span class='ocrx_word' id='word_1_493' title='bbox 1121 3970 1278 4043; x_wconf 75' lang='lat' dir='ltr'>huiusmodi</span> <span class='ocrx_word' id='word_1_494' title='bbox 1290 3968 1325 4026; x_wconf 89' lang='lat' dir='ltr'>ab</span> <span class='ocrx_word' id='word_1_495' title='bbox 1347 3968 1506 4027; x_wconf 81' lang='lat' dir='ltr'>haereditate</span> <span class='ocrx_word' id='word_1_496' title='bbox 1523 3976 1621 4027; x_wconf 84' lang='lat' dir='ltr'>sancta</span> <span class='ocrx_word' id='word_1_497' title='bbox 1633 3978 1701 4027; x_wconf 90' lang='lat' dir='ltr'>con·</span> 
     </span>
     <span class='ocr_line' id='line_1_41' title="bbox 83 4058 1704 4139; baseline -0.004 -14"><span class='ocrx_word' id='word_1_498' title='bbox 83 4068 200 4125; x_wconf 84' lang='lat' dir='ltr'>Prima</span> <span class='ocrx_word' id='word_1_499' title='bbox 216 4068 282 4123; x_wconf 81' lang='lat' dir='ltr'>ailla</span> <span class='ocrx_word' id='word_1_500' title='bbox 296 4066 374 4124; x_wconf 86' lang='lat' dir='ltr'>Beati</span> <span class='ocrx_word' id='word_1_501' title='bbox 391 4064 525 4139; x_wconf 79' lang='lat' dir='ltr'>Dionysii,</span> <span class='ocrx_word' id='word_1_502' title='bbox 544 4079 605 4139; x_wconf 77' lang='lat' dir='ltr'>qnae</span> <span class='ocrx_word' id='word_1_503' title='bbox 617 4073 733 4123; x_wconf 77' lang='lat' dir='ltr'>vocatur</span> <span class='ocrx_word' id='word_1_504' title='bbox 750 4065 862 4122; x_wconf 87' lang='lat' dir='ltr'>Gnillel-</span> <span class='ocrx_word' id='word_1_505' title='bbox 909 4075 1004 4124; x_wconf 88' lang='lat' dir='ltr'>tanter</span> <span class='ocrx_word' id='word_1_506' title='bbox 1022 4064 1206 4121; x_wconf 82' lang='lat' dir='ltr'>exterminare</span> <span class='ocrx_word' id='word_1_507' title='bbox 1226 4061 1369 4133; x_wconf 86' lang='lat' dir='ltr'>elegimus.</span> <span class='ocrx_word' id='word_1_508' title='bbox 1385 4058 1582 4132; x_wconf 78' lang='lat' dir='ltr'>Cumqueeum</span> <span class='ocrx_word' id='word_1_509' title='bbox 1593 4060 1622 4115; x_wconf 85' lang='lat' dir='ltr'>iu</span> <span class='ocrx_word' id='word_1_510' title='bbox 1636 4075 1704 4118; x_wconf 70' lang='lat' dir='ltr'>cata-</span> 
     </span>
     <span class='ocr_line' id='line_1_42' title="bbox 4 4153 1701 4230; baseline -0.005 -12"><span class='ocrx_word' id='word_1_511' title='bbox 4 4177 6 4182; x_wconf 92' lang='lat'>·</span> <span class='ocrx_word' id='word_1_512' title='bbox 34 4161 163 4225; x_wconf 77' lang='lat' dir='ltr'>vallis,</span> <span class='ocrx_word' id='word_1_513' title='bbox 183 4171 270 4230; x_wconf 91' lang='lat' dir='ltr'>prope</span> <span class='ocrx_word' id='word_1_514' title='bbox 290 4156 429 4214; x_wconf 87' lang='lat' dir='ltr'>sarclidas</span> <span class='ocrx_word' id='word_1_515' title='bbox 443 4156 474 4212; x_wconf 92' lang='lat' dir='ltr'>in</span> <span class='ocrx_word' id='word_1_516' title='bbox 492 4157 617 4229; x_wconf 88' lang='lat' dir='ltr'>catalogo</span> <span class='ocrx_word' id='word_1_517' title='bbox 630 4156 773 4229; x_wconf 86' lang='lat' dir='ltr'>Dagoberti</span> <span class='ocrx_word' id='word_1_518' title='bbox 788 4157 861 4228; x_wconf 88' lang='lat' dir='ltr'>regis</span> <span class='ocrx_word' id='word_1_519' title='bbox 909 4175 970 4217; x_wconf 89' lang='lat' dir='ltr'>sam</span> <span class='ocrx_word' id='word_1_520' title='bbox 981 4158 1201 4221; x_wconf 70' lang='lat' dir='ltr'>trainensem</span> <span class='ocrx_word' id='word_1_521' title='bbox 1215 4155 1273 4227; x_wconf 88' lang='lat' dir='ltr'>ipse</span> <span class='ocrx_word' id='word_1_522' title='bbox 1287 4154 1413 4226; x_wconf 77' lang='lat' dir='ltr'>sibiJ&#39;urc</span> <span class='ocrx_word' id='word_1_523' title='bbox 1426 4153 1600 4210; x_wconf 77' lang='lat' dir='ltr'>hereditario</span> <span class='ocrx_word' id='word_1_524' title='bbox 1614 4154 1701 4223; x_wconf 82' lang='lat' dir='ltr'>patris</span> 
     </span>
     <span class='ocr_line' id='line_1_43' title="bbox 34 4242 1700 4324; baseline -0.006 -16"><span class='ocrx_word' id='word_1_525' title='bbox 34 4258 146 4315; x_wconf 67' lang='lat' dir='ltr'>lreato</span> <span class='ocrx_word' id='word_1_526' title='bbox 164 4250 301 4324; x_wconf 81' lang='lat' dir='ltr'>Dionysio</span> <span class='ocrx_word' id='word_1_527' title='bbox 314 4250 350 4306; x_wconf 94' lang='lat' dir='ltr'>ab</span> <span class='ocrx_word' id='word_1_528' title='bbox 362 4249 458 4307; x_wconf 91' lang='lat' dir='ltr'>eodem</span> <span class='ocrx_word' id='word_1_529' title='bbox 469 4266 533 4323; x_wconf 87' lang='lat' dir='ltr'>rege</span> <span class='ocrx_word' id='word_1_530' title='bbox 547 4251 673 4315; x_wconf 88' lang='lat' dir='ltr'>traditas,</span> <span class='ocrx_word' id='word_1_531' title='bbox 694 4252 861 4321; x_wconf 82' lang='lat' dir='ltr'>usqueadeo</span> <span class='ocrx_word' id='word_1_532' title='bbox 908 4257 939 4306; x_wconf 87' lang='lat' dir='ltr'>et</span> <span class='ocrx_word' id='word_1_533' title='bbox 950 4248 995 4305; x_wconf 86' lang='lat' dir='ltr'>ari</span> <span class='ocrx_word' id='word_1_534' title='bbox 1011 4254 1093 4319; x_wconf 80' lang='lat' dir='ltr'>atque</span> <span class='ocrx_word' id='word_1_535' title='bbox 1107 4243 1403 4303; x_wconf 84' lang='lat' dir='ltr'>ataricoasuetudiues</span> <span class='ocrx_word' id='word_1_536' title='bbox 1418 4245 1479 4303; x_wconf 85' lang='lat' dir='ltr'>illus</span> <span class='ocrx_word' id='word_1_537' title='bbox 1493 4250 1652 4309; x_wconf 79' lang='lat' dir='ltr'>excusaret,</span> <span class='ocrx_word' id='word_1_538' title='bbox 1665 4242 1700 4297; x_wconf 86' lang='lat' dir='ltr'>ad</span> 
     </span>
     <span class='ocr_line' id='line_1_44' title="bbox 34 4336 1702 4416; baseline -0.008 -9"><span class='ocrx_word' id='word_1_539' title='bbox 34 4366 58 4407; x_wconf 80' lang='lat' dir='ltr'>a</span> <span class='ocrx_word' id='word_1_540' title='bbox 83 4346 202 4404; x_wconf 88' lang='lat' dir='ltr'>multis</span> <span class='ocrx_word' id='word_1_541' title='bbox 216 4352 290 4401; x_wconf 88' lang='lat' dir='ltr'>retro</span> <span class='ocrx_word' id='word_1_542' title='bbox 304 4342 474 4416; x_wconf 89' lang='lat' dir='ltr'>temporibus</span> <span class='ocrx_word' id='word_1_543' title='bbox 485 4350 533 4399; x_wconf 91' lang='lat' dir='ltr'>aut</span> <span class='ocrx_word' id='word_1_544' title='bbox 548 4358 656 4414; x_wconf 88' lang='lat' dir='ltr'>semper</span> <span class='ocrx_word' id='word_1_545' title='bbox 669 4344 707 4398; x_wconf 87' lang='lat' dir='ltr'>ita</span> <span class='ocrx_word' id='word_1_546' title='bbox 718 4344 860 4414; x_wconf 89' lang='lat' dir='ltr'>incompo-</span> <span class='ocrx_word' id='word_1_547' title='bbox 909 4340 963 4397; x_wconf 92' lang='lat' dir='ltr'>boc</span> <span class='ocrx_word' id='word_1_548' title='bbox 979 4338 1084 4397; x_wconf 78' lang='lat' dir='ltr'>auxilio</span> <span class='ocrx_word' id='word_1_549' title='bbox 1104 4338 1171 4405; x_wconf 84' lang='lat' dir='ltr'>ilci,</span> <span class='ocrx_word' id='word_1_550' title='bbox 1186 4343 1213 4395; x_wconf 90' lang='lat' dir='ltr'>et</span> <span class='ocrx_word' id='word_1_551' title='bbox 1227 4336 1367 4393; x_wconf 82' lang='lat' dir='ltr'>bominum</span> <span class='ocrx_word' id='word_1_552' title='bbox 1382 4346 1463 4408; x_wconf 82' lang='lat' dir='ltr'>atque</span> <span class='ocrx_word' id='word_1_553' title='bbox 1483 4336 1633 4391; x_wconf 77' lang='lat' dir='ltr'>noricorum</span> <span class='ocrx_word' id='word_1_554' title='bbox 1649 4348 1702 4393; x_wconf 82' lang='lat' dir='ltr'>nc-</span> 
     </span>
     <span class='ocr_line' id='line_1_45' title="bbox 34 4426 1698 4506; baseline -0.009 -6"><span class='ocrx_word' id='word_1_555' title='bbox 34 4443 110 4501; x_wconf 87' lang='lat' dir='ltr'>sita</span> <span class='ocrx_word' id='word_1_556' title='bbox 128 4435 291 4503; x_wconf 87' lang='lat' dir='ltr'>exstiterat,</span> <span class='ocrx_word' id='word_1_557' title='bbox 303 4443 334 4491; x_wconf 92' lang='lat' dir='ltr'>ut</span> <span class='ocrx_word' id='word_1_558' title='bbox 344 4451 394 4492; x_wconf 89' lang='lat' dir='ltr'>nec</span> <span class='ocrx_word' id='word_1_559' title='bbox 405 4436 504 4492; x_wconf 91' lang='lat' dir='ltr'>domus</span> <span class='ocrx_word' id='word_1_560' title='bbox 515 4436 562 4492; x_wconf 91' lang='lat' dir='ltr'>nbi</span> <span class='ocrx_word' id='word_1_561' title='bbox 576 4435 659 4491; x_wconf 90' lang='lat' dir='ltr'>ctiam</span> <span class='ocrx_word' id='word_1_562' title='bbox 672 4435 764 4492; x_wconf 72' lang='lat' dir='ltr'>abbas</span> <span class='ocrx_word' id='word_1_563' title='bbox 777 4442 859 4506; x_wconf 91' lang='lat' dir='ltr'>caput</span> <span class='ocrx_word' id='word_1_564' title='bbox 909 4440 1030 4490; x_wconf 89' lang='lat' dir='ltr'>strorum</span> <span class='ocrx_word' id='word_1_565' title='bbox 1054 4431 1170 4487; x_wconf 78' lang='lat' dir='ltr'>masilia</span> <span class='ocrx_word' id='word_1_566' title='bbox 1193 4444 1239 4487; x_wconf 89' lang='lat' dir='ltr'>res</span> <span class='ocrx_word' id='word_1_567' title='bbox 1260 4429 1404 4500; x_wconf 75' lang='lat' dir='ltr'>pruscam,</span> <span class='ocrx_word' id='word_1_568' title='bbox 1427 4426 1501 4499; x_wconf 80' lang='lat' dir='ltr'>quod</span> <span class='ocrx_word' id='word_1_569' title='bbox 1522 4426 1602 4499; x_wconf 86' lang='lat' dir='ltr'>lingo</span> <span class='ocrx_word' id='word_1_570' title='bbox 1615 4427 1698 4485; x_wconf 81' lang='lat' dir='ltr'>castri</span> 
     </span>
    </p>
   </div>
   <div class='ocr_carea' id='block_1_3' title="bbox 33 4520 1815 4606">
    <p class='ocr_par' dir='ltr' id='par_1_3' title="bbox 33 4520 1815 4606">
     <span class='ocr_line' id='line_1_46' title="bbox 33 4520 1815 4606; baseline -0.008 -15"><span class='ocrx_word' id='word_1_571' title='bbox 33 4532 226 4591; x_wconf 85' lang='lat' dir='ltr'>reclinaret.</span> <span class='ocrx_word' id='word_1_572' title='bbox 246 4543 298 4585; x_wconf 89' lang='lat' dir='ltr'>nec</span> <span class='ocrx_word' id='word_1_573' title='bbox 316 4528 446 4600; x_wconf 88' lang='lat' dir='ltr'>granchia</span> <span class='ocrx_word' id='word_1_574' title='bbox 459 4528 560 4599; x_wconf 84' lang='lat' dir='ltr'>aliqua,</span> <span class='ocrx_word' id='word_1_575' title='bbox 575 4528 786 4599; x_wconf 85' lang='lat' dir='ltr'>necquidquam</span> <span class='ocrx_word' id='word_1_576' title='bbox 801 4527 852 4585; x_wconf 86' lang='lat' dir='ltr'>bo-</span> <span class='ocrx_word' id='word_1_577' title='bbox 873 4527 1049 4606; x_wconf 83' lang='lat' dir='ltr'>pdominus,</span> <span class='ocrx_word' id='word_1_578' title='bbox 1072 4526 1164 4584; x_wconf 82' lang='lat' dir='ltr'>lurore</span> <span class='ocrx_word' id='word_1_579' title='bbox 1185 4525 1310 4597; x_wconf 81' lang='lat' dir='ltr'>eonjrigia</span> <span class='ocrx_word' id='word_1_580' title='bbox 1330 4532 1358 4580; x_wconf 90' lang='lat' dir='ltr'>et</span> <span class='ocrx_word' id='word_1_581' title='bbox 1377 4522 1506 4588; x_wconf 87' lang='lat' dir='ltr'>liliorum,</span> <span class='ocrx_word' id='word_1_582' title='bbox 1518 4535 1634 4577; x_wconf 83' lang='lat' dir='ltr'>assensa</span> <span class='ocrx_word' id='word_1_583' title='bbox 1649 4520 1700 4577; x_wconf 74' lang='lat' dir='ltr'>do-</span> <span class='ocrx_word' id='word_1_584' title='bbox 1813 4546 1815 4557; x_wconf 82' lang='lat'><em>=</em></span> 
     </span>
    </p>
   </div>
   <div class='ocr_carea' id='block_1_4' title="bbox 25 4614 1702 5525">
    <p class='ocr_par' dir='ltr' id='par_1_4' title="bbox 25 4614 1702 5525">
     <span class='ocr_line' id='line_1_47' title="bbox 33 4614 1700 4697; baseline -0.005 -18"><span class='ocrx_word' id='word_1_585' title='bbox 33 4624 207 4682; x_wconf 86' lang='lat' dir='ltr'>mimicum</span> <span class='ocrx_word' id='word_1_586' title='bbox 232 4620 261 4675; x_wconf 93' lang='lat' dir='ltr'>in</span> <span class='ocrx_word' id='word_1_587' title='bbox 284 4626 344 4676; x_wconf 91' lang='lat' dir='ltr'>tota</span> <span class='ocrx_word' id='word_1_588' title='bbox 369 4619 434 4675; x_wconf 82' lang='lat' dir='ltr'>villa</span> <span class='ocrx_word' id='word_1_589' title='bbox 455 4620 596 4677; x_wconf 84' lang='lat' dir='ltr'>existeret.</span> <span class='ocrx_word' id='word_1_590' title='bbox 615 4619 718 4693; x_wconf 77' lang='lat' dir='ltr'>Viginti</span> <span class='ocrx_word' id='word_1_591' title='bbox 740 4623 860 4697; x_wconf 74' lang='lat' dir='ltr'>quiinque</span> <span class='ocrx_word' id='word_1_592' title='bbox 908 4621 977 4677; x_wconf 91' lang='lat' dir='ltr'>mini</span> <span class='ocrx_word' id='word_1_593' title='bbox 992 4620 1068 4693; x_wconf 90' lang='lat' dir='ltr'>regis</span> <span class='ocrx_word' id='word_1_594' title='bbox 1084 4618 1225 4684; x_wconf 82' lang='lat' dir='ltr'>budorici,</span> <span class='ocrx_word' id='word_1_595' title='bbox 1237 4633 1253 4674; x_wconf 93' lang='lat' dir='ltr'>a</span> <span class='ocrx_word' id='word_1_596' title='bbox 1267 4632 1322 4689; x_wconf 81' lang='lat' dir='ltr'>qao</span> <span class='ocrx_word' id='word_1_597' title='bbox 1334 4616 1474 4673; x_wconf 80' lang='lat' dir='ltr'>rehabere</span> <span class='ocrx_word' id='word_1_598' title='bbox 1484 4614 1604 4680; x_wconf 88' lang='lat' dir='ltr'>dicebat,</span> <span class='ocrx_word' id='word_1_599' title='bbox 1618 4614 1700 4671; x_wconf 88' lang='lat' dir='ltr'>beato</span> 
     </span>
     <span class='ocr_line' id='line_1_48' title="bbox 32 4702 1702 4786; baseline -0.008 -13"><span class='ocrx_word' id='word_1_600' title='bbox 32 4713 207 4777; x_wconf 83' lang='lat' dir='ltr'>modiolos</span> <span class='ocrx_word' id='word_1_601' title='bbox 219 4719 337 4778; x_wconf 81' lang='lat' dir='ltr'>matum,</span> <span class='ocrx_word' id='word_1_602' title='bbox 352 4710 400 4784; x_wconf 84' lang='lat' dir='ltr'>qui</span> <span class='ocrx_word' id='word_1_603' title='bbox 410 4726 465 4768; x_wconf 91' lang='lat' dir='ltr'>non</span> <span class='ocrx_word' id='word_1_604' title='bbox 479 4712 614 4769; x_wconf 80' lang='lat' dir='ltr'>excedunt</span> <span class='ocrx_word' id='word_1_605' title='bbox 623 4723 740 4786; x_wconf 75' lang='lat' dir='ltr'>quattuor</span> <span class='ocrx_word' id='word_1_606' title='bbox 749 4722 860 4773; x_wconf 89' lang='lat' dir='ltr'>nostros</span> <span class='ocrx_word' id='word_1_607' title='bbox 909 4712 1041 4786; x_wconf 74' lang='lat' dir='ltr'>dionysio</span> <span class='ocrx_word' id='word_1_608' title='bbox 1064 4714 1093 4769; x_wconf 90' lang='lat' dir='ltr'>in</span> <span class='ocrx_word' id='word_1_609' title='bbox 1114 4720 1275 4783; x_wconf 88' lang='lat' dir='ltr'>perpetuum</span> <span class='ocrx_word' id='word_1_610' title='bbox 1287 4720 1383 4763; x_wconf 82' lang='lat' dir='ltr'>omnes</span> <span class='ocrx_word' id='word_1_611' title='bbox 1399 4703 1511 4761; x_wconf 86' lang='lat' dir='ltr'>omnino</span> <span class='ocrx_word' id='word_1_612' title='bbox 1524 4702 1702 4761; x_wconf 56' lang='lat' dir='ltr'>consuedi-</span> 
     </span>
     <span class='ocr_line' id='line_1_49' title="bbox 31 4797 1696 4879; baseline -0.008 -13"><span class='ocrx_word' id='word_1_613' title='bbox 31 4808 195 4873; x_wconf 88' lang='lat' dir='ltr'>modios,</span> <span class='ocrx_word' id='word_1_614' title='bbox 218 4821 269 4879; x_wconf 91' lang='lat' dir='ltr'>pro</span> <span class='ocrx_word' id='word_1_615' title='bbox 287 4821 372 4862; x_wconf 85' lang='lat' dir='ltr'>ceusu</span> <span class='ocrx_word' id='word_1_616' title='bbox 386 4813 541 4873; x_wconf 87' lang='lat' dir='ltr'>terrarum,</span> <span class='ocrx_word' id='word_1_617' title='bbox 556 4823 625 4878; x_wconf 74' lang='lat' dir='ltr'>giras</span> <span class='ocrx_word' id='word_1_618' title='bbox 639 4807 780 4874; x_wconf 90' lang='lat' dir='ltr'>colebant,</span> <span class='ocrx_word' id='word_1_619' title='bbox 795 4823 860 4865; x_wconf 90' lang='lat' dir='ltr'>cum</span> <span class='ocrx_word' id='word_1_620' title='bbox 908 4822 973 4872; x_wconf 90' lang='lat' dir='ltr'>nes,</span> <span class='ocrx_word' id='word_1_621' title='bbox 998 4806 1161 4877; x_wconf 80' lang='lat' dir='ltr'>injustitiam</span> <span class='ocrx_word' id='word_1_622' title='bbox 1183 4818 1261 4861; x_wconf 87' lang='lat' dir='ltr'>suam</span> <span class='ocrx_word' id='word_1_623' title='bbox 1286 4797 1528 4872; x_wconf 84' lang='lat' dir='ltr'>recognoscendo,</span> <span class='ocrx_word' id='word_1_624' title='bbox 1553 4798 1696 4862; x_wconf 77' lang='lat' dir='ltr'>relaxarit,</span> 
     </span>
     <span class='ocr_line' id='line_1_50' title="bbox 29 4890 1698 4971; baseline -0.007 -16"><span class='ocrx_word' id='word_1_625' title='bbox 29 4902 179 4962; x_wconf 86' lang='lat' dir='ltr'>modico</span> <span class='ocrx_word' id='word_1_626' title='bbox 192 4897 335 4955; x_wconf 88' lang='lat' dir='ltr'>domorum</span> <span class='ocrx_word' id='word_1_627' title='bbox 351 4912 463 4955; x_wconf 84' lang='lat' dir='ltr'>suarum</span> <span class='ocrx_word' id='word_1_628' title='bbox 477 4912 562 4956; x_wconf 91' lang='lat' dir='ltr'>censu</span> <span class='ocrx_word' id='word_1_629' title='bbox 576 4899 692 4971; x_wconf 90' lang='lat' dir='ltr'>singulis</span> <span class='ocrx_word' id='word_1_630' title='bbox 702 4900 783 4957; x_wconf 91' lang='lat' dir='ltr'>annis</span> <span class='ocrx_word' id='word_1_631' title='bbox 797 4916 861 4971; x_wconf 89' lang='lat' dir='ltr'>pcr-</span> <span class='ocrx_word' id='word_1_632' title='bbox 908 4900 1026 4966; x_wconf 88' lang='lat' dir='ltr'>remisit,</span> <span class='ocrx_word' id='word_1_633' title='bbox 1044 4913 1125 4953; x_wconf 89' lang='lat' dir='ltr'>manu</span> <span class='ocrx_word' id='word_1_634' title='bbox 1140 4896 1251 4969; x_wconf 84' lang='lat' dir='ltr'>propria</span> <span class='ocrx_word' id='word_1_635' title='bbox 1263 4892 1443 4965; x_wconf 71' lang='lat' dir='ltr'>iureiurando</span> <span class='ocrx_word' id='word_1_636' title='bbox 1460 4890 1607 4961; x_wconf 73' lang='lat' dir='ltr'>abiuravit,</span> <span class='ocrx_word' id='word_1_637' title='bbox 1625 4890 1698 4947; x_wconf 76' lang='lat' dir='ltr'>sicam</span> 
     </span>
     <span class='ocr_line' id='line_1_51' title="bbox 29 4982 1696 5066; baseline -0.009 -12"><span class='ocrx_word' id='word_1_638' title='bbox 29 4992 224 5055; x_wconf 82' lang='lat' dir='ltr'>solvebant.</span> <span class='ocrx_word' id='word_1_639' title='bbox 244 4990 285 5046; x_wconf 80' lang='lat' dir='ltr'>ld</span> <span class='ocrx_word' id='word_1_640' title='bbox 303 4990 376 5046; x_wconf 89' lang='lat' dir='ltr'>banc</span> <span class='ocrx_word' id='word_1_641' title='bbox 392 4990 477 5062; x_wconf 89' lang='lat' dir='ltr'>igitur</span> <span class='ocrx_word' id='word_1_642' title='bbox 490 4989 673 5063; x_wconf 92' lang='lat' dir='ltr'>adaptandam</span> <span class='ocrx_word' id='word_1_643' title='bbox 685 4992 721 5047; x_wconf 93' lang='lat' dir='ltr'>ob</span> <span class='ocrx_word' id='word_1_644' title='bbox 737 5006 859 5049; x_wconf 90' lang='lat' dir='ltr'>amorem</span> <span class='ocrx_word' id='word_1_645' title='bbox 908 4993 1018 5066; x_wconf 89' lang='lat' dir='ltr'>plenius</span> <span class='ocrx_word' id='word_1_646' title='bbox 1038 4992 1067 5048; x_wconf 92' lang='lat' dir='ltr'>in</span> <span class='ocrx_word' id='word_1_647' title='bbox 1085 4990 1181 5046; x_wconf 88' lang='lat' dir='ltr'>ebarta</span> <span class='ocrx_word' id='word_1_648' title='bbox 1201 4987 1305 5045; x_wconf 91' lang='lat' dir='ltr'>domini</span> <span class='ocrx_word' id='word_1_649' title='bbox 1319 4986 1393 5058; x_wconf 84' lang='lat' dir='ltr'>regia</span> <span class='ocrx_word' id='word_1_650' title='bbox 1405 4983 1536 5040; x_wconf 69' lang='lat' dir='ltr'>hroderici</span> <span class='ocrx_word' id='word_1_651' title='bbox 1547 4982 1696 5039; x_wconf 76' lang='lat' dir='ltr'>insanitur.</span> 
     </span>
     <span class='ocr_line' id='line_1_52' title="bbox 29 5076 1696 5157; baseline -0.012 -9"><span class='ocrx_word' id='word_1_652' title='bbox 29 5087 248 5148; x_wconf 86' lang='lat' dir='ltr'>dominorum</span> <span class='ocrx_word' id='word_1_653' title='bbox 267 5092 424 5141; x_wconf 91' lang='lat' dir='ltr'>nostrorum</span> <span class='ocrx_word' id='word_1_654' title='bbox 439 5093 598 5141; x_wconf 87' lang='lat' dir='ltr'>sanctorum</span> <span class='ocrx_word' id='word_1_655' title='bbox 611 5091 764 5157; x_wconf 84' lang='lat' dir='ltr'>martyrum</span> <span class='ocrx_word' id='word_1_656' title='bbox 780 5100 859 5142; x_wconf 91' lang='lat' dir='ltr'>acce·</span> <span class='ocrx_word' id='word_1_657' title='bbox 907 5086 964 5143; x_wconf 82' lang='lat' dir='ltr'>Nos</span> <span class='ocrx_word' id='word_1_658' title='bbox 983 5092 1074 5141; x_wconf 88' lang='lat' dir='ltr'>autem</span> <span class='ocrx_word' id='word_1_659' title='bbox 1094 5082 1128 5138; x_wconf 93' lang='lat' dir='ltr'>ad</span> <span class='ocrx_word' id='word_1_660' title='bbox 1145 5082 1206 5153; x_wconf 83' lang='lat' dir='ltr'>ejus</span> <span class='ocrx_word' id='word_1_661' title='bbox 1226 5080 1378 5137; x_wconf 79' lang='lat' dir='ltr'>hominium</span> <span class='ocrx_word' id='word_1_662' title='bbox 1397 5076 1521 5135; x_wconf 75' lang='lat' dir='ltr'>ecclesie</span> <span class='ocrx_word' id='word_1_663' title='bbox 1537 5080 1639 5131; x_wconf 77' lang='lat' dir='ltr'>nocuae</span> <span class='ocrx_word' id='word_1_664' title='bbox 1652 5088 1696 5129; x_wconf 79' lang='lat' dir='ltr'>ae·</span> 
     </span>
     <span class='ocr_line' id='line_1_53' title="bbox 28 5170 1695 5247; baseline -0.012 -6"><span class='ocrx_word' id='word_1_665' title='bbox 28 5176 333 5247; x_wconf 63' lang='lat' dir='ltr'>consesecrandam</span> <span class='ocrx_word' id='word_1_666' title='bbox 342 5175 576 5232; x_wconf 84' lang='lat' dir='ltr'>temamaidelicet</span> <span class='ocrx_word' id='word_1_667' title='bbox 586 5177 668 5232; x_wconf 90' lang='lat' dir='ltr'>trium</span> <span class='ocrx_word' id='word_1_668' title='bbox 680 5191 858 5233; x_wconf 86' lang='lat' dir='ltr'>carrucarum</span> <span class='ocrx_word' id='word_1_669' title='bbox 906 5178 1060 5244; x_wconf 78' lang='lat' dir='ltr'>sinendum,</span> <span class='ocrx_word' id='word_1_670' title='bbox 1079 5176 1149 5233; x_wconf 91' lang='lat' dir='ltr'>duos</span> <span class='ocrx_word' id='word_1_671' title='bbox 1163 5172 1340 5247; x_wconf 80' lang='lat' dir='ltr'>stampenses</span> <span class='ocrx_word' id='word_1_672' title='bbox 1354 5170 1460 5229; x_wconf 85' lang='lat' dir='ltr'>modios</span> <span class='ocrx_word' id='word_1_673' title='bbox 1474 5182 1598 5233; x_wconf 72' lang='lat' dir='ltr'>mona,</span> <span class='ocrx_word' id='word_1_674' title='bbox 1609 5180 1695 5221; x_wconf 80' lang='lat' dir='ltr'>unma</span> 
     </span>
     <span class='ocr_line' id='line_1_54' title="bbox 27 5259 1697 5340; baseline -0.008 -14"><span class='ocrx_word' id='word_1_675' title='bbox 27 5276 71 5332; x_wconf 79' lang='lat' dir='ltr'>in</span> <span class='ocrx_word' id='word_1_676' title='bbox 105 5268 219 5327; x_wconf 84' lang='lat' dir='ltr'>eadem</span> <span class='ocrx_word' id='word_1_677' title='bbox 242 5267 307 5322; x_wconf 79' lang='lat' dir='ltr'>silla</span> <span class='ocrx_word' id='word_1_678' title='bbox 320 5268 413 5333; x_wconf 90' lang='lat' dir='ltr'>sitam,</span> <span class='ocrx_word' id='word_1_679' title='bbox 429 5281 479 5339; x_wconf 88' lang='lat' dir='ltr'>pro</span> <span class='ocrx_word' id='word_1_680' title='bbox 492 5282 546 5340; x_wconf 86' lang='lat' dir='ltr'>qna</span> <span class='ocrx_word' id='word_1_681' title='bbox 570 5282 634 5323; x_wconf 86' lang='grc' dir='ltr'>ιιι</span> <span class='ocrx_word' id='word_1_682' title='bbox 653 5268 732 5324; x_wconf 90' lang='lat' dir='ltr'>annis</span> <span class='ocrx_word' id='word_1_683' title='bbox 747 5270 858 5325; x_wconf 76' lang='lat' dir='ltr'>multra</span> <span class='ocrx_word' id='word_1_684' title='bbox 907 5268 1057 5333; x_wconf 85' lang='lat' dir='ltr'>immenti,</span> <span class='ocrx_word' id='word_1_685' title='bbox 1084 5276 1111 5323; x_wconf 93' lang='lat' dir='ltr'>et</span> <span class='ocrx_word' id='word_1_686' title='bbox 1136 5264 1252 5320; x_wconf 81' lang='lat' dir='ltr'>aiterum</span> <span class='ocrx_word' id='word_1_687' title='bbox 1271 5278 1373 5327; x_wconf 70' lang='lat' dir='ltr'>acerne,</span> <span class='ocrx_word' id='word_1_688' title='bbox 1399 5262 1427 5316; x_wconf 93' lang='lat' dir='ltr'>in</span> <span class='ocrx_word' id='word_1_689' title='bbox 1447 5259 1524 5317; x_wconf 88' lang='lat' dir='ltr'>curia</span> <span class='ocrx_word' id='word_1_690' title='bbox 1537 5264 1697 5329; x_wconf 76' lang='lat' dir='ltr'>aosuapcr</span> 
     </span>
     <span class='ocr_line' id='line_1_55' title="bbox 27 5351 1694 5441; baseline -0.008 -20"><span class='ocrx_word' id='word_1_691' title='bbox 27 5376 167 5441; x_wconf 79' lang='lat' dir='ltr'>guerra</span> <span class='ocrx_word' id='word_1_692' title='bbox 181 5360 300 5414; x_wconf 83' lang='lat' dir='ltr'>maxima</span> <span class='ocrx_word' id='word_1_693' title='bbox 314 5360 469 5431; x_wconf 90' lang='lat' dir='ltr'>agitabatur</span> <span class='ocrx_word' id='word_1_694' title='bbox 481 5360 554 5417; x_wconf 91' lang='lat' dir='ltr'>inter</span> <span class='ocrx_word' id='word_1_695' title='bbox 567 5358 699 5417; x_wconf 83' lang='lat' dir='ltr'>loannem</span> <span class='ocrx_word' id='word_1_696' title='bbox 714 5358 859 5433; x_wconf 88' lang='lat' dir='ltr'>Stampen-</span> <span class='ocrx_word' id='word_1_697' title='bbox 906 5376 1019 5418; x_wconf 90' lang='lat' dir='ltr'>manum</span> <span class='ocrx_word' id='word_1_698' title='bbox 1030 5358 1156 5415; x_wconf 87' lang='lat' dir='ltr'>monachi</span> <span class='ocrx_word' id='word_1_699' title='bbox 1173 5362 1221 5413; x_wconf 93' lang='lat' dir='ltr'>aut</span> <span class='ocrx_word' id='word_1_700' title='bbox 1235 5354 1380 5413; x_wconf 86' lang='lat' dir='ltr'>servientis</span> <span class='ocrx_word' id='word_1_701' title='bbox 1392 5354 1480 5409; x_wconf 89' lang='lat' dir='ltr'>nostri</span> <span class='ocrx_word' id='word_1_702' title='bbox 1494 5351 1694 5409; x_wconf 82' lang='lat' dir='ltr'>concessimus.</span> 
     </span>
     <span class='ocr_line' id='line_1_56' title="bbox 25 5448 1693 5525; baseline -0.011 -8"><span class='ocrx_word' id='word_1_703' title='bbox 25 5472 112 5517; x_wconf 84' lang='lat' dir='ltr'>seua</span> <span class='ocrx_word' id='word_1_704' title='bbox 140 5452 233 5507; x_wconf 89' lang='lat' dir='ltr'>tilium</span> <span class='ocrx_word' id='word_1_705' title='bbox 254 5451 367 5524; x_wconf 87' lang='lat' dir='ltr'>Pagani,</span> <span class='ocrx_word' id='word_1_706' title='bbox 386 5454 475 5509; x_wconf 82' lang='lat' dir='ltr'>viram</span> <span class='ocrx_word' id='word_1_707' title='bbox 489 5453 607 5509; x_wconf 90' lang='lat' dir='ltr'>nobilem</span> <span class='ocrx_word' id='word_1_708' title='bbox 621 5460 649 5510; x_wconf 92' lang='lat' dir='ltr'>et</span> <span class='ocrx_word' id='word_1_709' title='bbox 664 5461 815 5523; x_wconf 90' lang='lat' dir='ltr'>strenuum,</span> <span class='ocrx_word' id='word_1_710' title='bbox 830 5462 858 5513; x_wconf 93' lang='lat' dir='ltr'>et</span> <span class='ocrx_word' id='word_1_711' title='bbox 906 5454 968 5525; x_wconf 74' lang='lat' dir='ltr'>Quo</span> <span class='ocrx_word' id='word_1_712' title='bbox 989 5452 1099 5525; x_wconf 86' lang='lat' dir='ltr'>quidem</span> <span class='ocrx_word' id='word_1_713' title='bbox 1123 5448 1254 5523; x_wconf 80' lang='lat' dir='ltr'>preciosa</span> <span class='ocrx_word' id='word_1_714' title='bbox 1276 5448 1340 5503; x_wconf 83' lang='lat' dir='ltr'>villa</span> <span class='ocrx_word' id='word_1_715' title='bbox 1361 5454 1440 5503; x_wconf 88' lang='lat' dir='ltr'>emta</span> <span class='ocrx_word' id='word_1_716' title='bbox 1463 5452 1693 5509; x_wconf 65' lang='lat' dir='ltr'>tercentorum</span> 
     </span>
    </p>
   </div>
   <div class='ocr_carea' id='block_1_5' title="bbox 23 5534 1812 5623">
    <p class='ocr_par' dir='ltr' id='par_1_5' title="bbox 23 5534 1812 5623">
     <span class='ocr_line' id='line_1_57' title="bbox 23 5534 1812 5623; baseline -0.008 -19"><span class='ocrx_word' id='word_1_717' title='bbox 23 5542 216 5622; x_wconf 86' lang='lat' dir='ltr'>quemdam</span> <span class='ocrx_word' id='word_1_718' title='bbox 233 5543 318 5599; x_wconf 91' lang='lat' dir='ltr'>alium</span> <span class='ocrx_word' id='word_1_719' title='bbox 343 5544 458 5601; x_wconf 88' lang='lat' dir='ltr'>militem</span> <span class='ocrx_word' id='word_1_720' title='bbox 475 5544 668 5617; x_wconf 88' lang='lat' dir='ltr'>Pignerensem</span> <span class='ocrx_word' id='word_1_721' title='bbox 688 5545 757 5616; x_wconf 84' lang='lat' dir='ltr'>(cti,</span> <span class='ocrx_word' id='word_1_722' title='bbox 770 5548 858 5604; x_wconf 92' lang='lat' dir='ltr'>multo</span> <span class='ocrx_word' id='word_1_723' title='bbox 905 5549 984 5623; x_wconf 88' lang='lat' dir='ltr'>prius</span> <span class='ocrx_word' id='word_1_724' title='bbox 1004 5548 1050 5606; x_wconf 80' lang='lat' dir='ltr'>via</span> <span class='ocrx_word' id='word_1_725' title='bbox 1069 5548 1149 5604; x_wconf 84' lang='lat' dir='ltr'>nobis</span> <span class='ocrx_word' id='word_1_726' title='bbox 1171 5546 1274 5602; x_wconf 86' lang='lat' dir='ltr'>valeret</span> <span class='ocrx_word' id='word_1_727' title='bbox 1290 5544 1394 5607; x_wconf 80' lang='lat' dir='ltr'>decern,</span> <span class='ocrx_word' id='word_1_728' title='bbox 1421 5548 1468 5597; x_wconf 86' lang='lat' dir='ltr'>aut</span> <span class='ocrx_word' id='word_1_729' title='bbox 1489 5536 1645 5611; x_wconf 83' lang='lat' dir='ltr'>quindecim</span> <span class='ocrx_word' id='word_1_730' title='bbox 1659 5534 1693 5589; x_wconf 92' lang='lat' dir='ltr'>li·</span> <span class='ocrx_word' id='word_1_731' title='bbox 1808 5570 1812 5577; x_wconf 89' lang='lat'>·</span> 
     </span>
    </p>
   </div>
   <div class='ocr_carea' id='block_1_6' title="bbox 18 5628 1694 5895">
    <p class='ocr_par' dir='ltr' id='par_1_6' title="bbox 22 5628 1694 5895">
     <span class='ocr_line' id='line_1_58' title="bbox 23 5628 1694 5711; baseline -0.005 -16"><span class='ocrx_word' id='word_1_732' title='bbox 23 5641 180 5709; x_wconf 78' lang='lat' dir='ltr'>sumptu</span> <span class='ocrx_word' id='word_1_733' title='bbox 205 5634 279 5706; x_wconf 90' lang='lat' dir='ltr'>apud</span> <span class='ocrx_word' id='word_1_734' title='bbox 291 5641 438 5708; x_wconf 80' lang='lat' dir='ltr'>utrumque</span> <span class='ocrx_word' id='word_1_735' title='bbox 450 5636 586 5709; x_wconf 89' lang='lat' dir='ltr'>apposito,</span> <span class='ocrx_word' id='word_1_736' title='bbox 606 5634 735 5694; x_wconf 76' lang='lat' dir='ltr'>Ecclesia</span> <span class='ocrx_word' id='word_1_737' title='bbox 746 5653 857 5711; x_wconf 90' lang='lat' dir='ltr'>compa·</span> <span class='ocrx_word' id='word_1_738' title='bbox 906 5642 982 5708; x_wconf 87' lang='lat' dir='ltr'>bras,</span> <span class='ocrx_word' id='word_1_739' title='bbox 1003 5648 1114 5697; x_wconf 88' lang='lat' dir='ltr'>centum</span> <span class='ocrx_word' id='word_1_740' title='bbox 1131 5636 1307 5709; x_wconf 71' lang='lat' dir='ltr'>stampenses</span> <span class='ocrx_word' id='word_1_741' title='bbox 1319 5633 1428 5691; x_wconf 80' lang='lat' dir='ltr'>modios</span> <span class='ocrx_word' id='word_1_742' title='bbox 1441 5644 1555 5689; x_wconf 82' lang='lat' dir='ltr'>arnonae</span> <span class='ocrx_word' id='word_1_743' title='bbox 1567 5641 1616 5703; x_wconf 79' lang='lat' dir='ltr'>per</span> <span class='ocrx_word' id='word_1_744' title='bbox 1634 5628 1694 5686; x_wconf 77' lang='lat' dir='ltr'>sia·</span> 
     </span>
     <span class='ocr_line' id='line_1_59' title="bbox 22 5722 1693 5857; baseline -0.007 -66"><span class='ocrx_word' id='word_1_745' title='bbox 22 5732 204 5792; x_wconf 79' lang='lat' dir='ltr'>ravimus,</span> <span class='ocrx_word' id='word_1_746' title='bbox 214 5735 242 5784; x_wconf 93' lang='lat' dir='ltr'>et</span> <span class='ocrx_word' id='word_1_747' title='bbox 256 5727 331 5799; x_wconf 84' lang='lat' dir='ltr'>quod</span> <span class='ocrx_word' id='word_1_748' title='bbox 345 5736 460 5800; x_wconf 73' lang='lat' dir='ltr'>curque</span> <span class='ocrx_word' id='word_1_749' title='bbox 472 5730 647 5801; x_wconf 76' lang='lat' dir='ltr'>querebatnt</span> <span class='ocrx_word' id='word_1_750' title='bbox 660 5735 759 5787; x_wconf 87' lang='lat' dir='ltr'>neuter</span> <span class='ocrx_word' id='word_1_751' title='bbox 771 5730 857 5789; x_wconf 88' lang='lat' dir='ltr'>babe-</span> <span class='ocrx_word' id='word_1_752' title='bbox 905 5734 984 5809; x_wconf 86' lang='lat' dir='ltr'>gulos</span> <span class='ocrx_word' id='word_1_753' title='bbox 1004 5746 1101 5801; x_wconf 85' lang='lat' dir='ltr'>annos,</span> <span class='ocrx_word' id='word_1_754' title='bbox 1126 5732 1187 5829; x_wconf 83' lang='lat' dir='ltr'>qul</span> <span class='ocrx_word' id='word_1_755' title='bbox 1192 5728 1295 5857; x_wconf 70' lang='lat' dir='ltr'>sepias</span> <span class='ocrx_word' id='word_1_756' title='bbox 1313 5732 1423 5834; x_wconf 76' lang='lat' dir='ltr'>centuni</span> <span class='ocrx_word' id='word_1_757' title='bbox 1440 5724 1526 5825; x_wconf 84' lang='lat' dir='ltr'>libras</span> <span class='ocrx_word' id='word_1_758' title='bbox 1542 5722 1634 5781; x_wconf 80' lang='lat' dir='ltr'>ratem</span> <span class='ocrx_word' id='word_1_759' title='bbox 1646 5734 1693 5778; x_wconf 76' lang='lat' dir='ltr'>see</span> 
     </span>
     <span class='ocr_line' id='line_1_60' title="bbox 18 5816 1685 5895; baseline -0.004 -15.776"><span class='ocrx_word' id='word_1_760' title='bbox 18 5820 157 5895; x_wconf 67' lang='grc'>(64.)</span> <span class='ocrx_word' id='word_1_761' title='bbox 175 5816 285 5877; x_wconf 67' lang='lat' dir='ltr'>forsan</span> <span class='ocrx_word' id='word_1_762' title='bbox 299 5818 504 5889; x_wconf 75' lang='lat' dir='ltr'>Pimoeremeot,</span> <span class='ocrx_word' id='word_1_763' title='bbox 517 5822 552 5878; x_wconf 81' lang='lat' dir='ltr'>de</span> <span class='ocrx_word' id='word_1_764' title='bbox 565 5818 712 5879; x_wconf 74' lang='lat' dir='ltr'>lliclioiera.</span> <span class='ocrx_word' id='word_1_765' title='bbox 1068 5846 1073 5855; x_wconf 93' lang='lat'>·</span> <span class='ocrx_word' id='word_1_766' title='bbox 1299 5846 1313 5859; x_wconf 85' lang='lat'>..</span> <span class='ocrx_word' id='word_1_767' title='bbox 1337 5854 1339 5859; x_wconf 91' lang='lat'>-</span> <span class='ocrx_word' id='word_1_768' title='bbox 1355 5852 1362 5859; x_wconf 91' lang='lat'>-</span> <span class='ocrx_word' id='word_1_769' title='bbox 1615 5826 1652 5861; x_wconf 56' lang='grc' dir='ltr'>’τι</span> <span class='ocrx_word' id='word_1_770' title='bbox 1669 5836 1685 5859; x_wconf 59' lang='grc' dir='ltr'>«ι</span> 
     </span>
    </p>
   </div>
   <div class='ocr_carea' id='block_1_7' title="bbox 0 0 1988 6334">
    <p class='ocr_par' dir='ltr' id='par_1_7' title="bbox 0 0 1988 6334">
     <span class='ocr_line' id='line_1_61' title="bbox 0 0 1988 6334; baseline 0 0"><span class='ocrx_word' id='word_1_771' title='bbox 0 0 1988 6334; x_wconf 95' lang='lat' dir='ltr'> </span> 
     </span>
    </p>
   </div>
  </div>
 </body>
</html>
