3967 6334
129 322 205 383 tots
510 323 837 382 dilatandumve
866 323 1160 382 ousantaatouns.
1181 358 1215 366 -
1234 326 1267 380 ta
1288 325 1351 385 Llll.
1373 328 1392 384 l.
1696 337 1769 393 {illd

169 439 292 496 'laudern
307 443 428 526 nondam
443 445 499 502 lero
511 451 599 520 sopita
609 449 719 506 Latinos
731 451 838 506 lateret
851 448 927 505 Gre-
940 464 963 518 Α
977 449 1171 506 connotatione
1183 449 1211 503 in
1225 449 1393 520 sttppositis,
1416 467 1450 506 cx
1467 467 1522 524 quo
1544 453 1667 535 sequitur
1690 455 1767 509 aliter

129 526 183 591 cus
202 509 237 564 de
254 526 432 581 processione
449 517 568 590 Spiritus
579 521 666 576 sancti
683 520 838 575 dillicillinra
855 536 926 590 quae·
978 519 1103 585 Putrem,
1120 521 1199 573 aliter
1213 518 1315 574 Filium
1326 522 1353 574 in
1366 535 1463 576 natura
1481 523 1604 593 principii
1619 523 1764 588 scitabere,

131 589 235 642 stione.
246 597 321 663 ἱιιιιιιι
337 599 354 667 a
368 584 437 642 Filio
451 591 629 660 procederet,
648 592 674 646 id
689 593 771 646 relius
786 591 848 646 lidei
869 593 926 648 lore
977 607 1032 644 non
1044 591 1201 646 diuersitate
1215 591 1341 660 principii
1358 591 1480 648 l'ortnalis
1502 600 1529 648 et
1543 595 1653 649 uirtutis
1667 595 1774 664 produ--

131 655 289 734 consultius
312 657 481 738 existimarit
511 663 628 731 scriptor
647 661 780 724 Latinus,
807 663 830 715 si
850 663 926 718 salva
977 663 1065 725 ctirae,
1082 661 1130 716 sed
1143 661 1301 716 diversitate
1315 662 1440 732 principii
1457 666 1552 718 tetnoti
1573 671 1600 719 et
1615 665 1763 722 connotati.

131 738 261 793 prtttctpu
283 722 408 782 lormalts
423 772 430 795 ‚
455 746 505 786 seu
519 733 679 802 spirationis
693 735 789 787 activae
803 734 925 799 uttitate;
978 728 1080 786 Suadet
1098 731 1168 785 barte
1181 730 1249 786 Pulli
1271 739 1387 787 attentent
1404 735 1546 789 l'anriliaris
1557 733 1694 798 Patribus,
1707 751 1765 788 rita·

131 803 230 878 eptatra
243 793 492 878 Graecosltueretur
511 820 566 857 non
583 803 690 857 Patrem
706 806 810 859 solum.
837 801 887 858 stul
901 811 927 858 et
976 802 1049 858 sitire
1065 801 1182 866 Grauis,
1196 803 1239 856 ltic
1253 818 1313 856 mos
1328 803 1470 872 loquendi,
1492 804 1556 858 dttttt
1574 812 1701 860 asserunt
1713 803 1765 859 Pa·

131 864 232 946 itltum
248 881 413 937 prmctptutn
427 887 489 928 esse
501 871 620 945 Spiritus
635 875 721 929 satrcti
736 895 742 929 :
759 873 832 942 «titud
842 887 873 928 ut
887 873 927 928 ia·
976 879 1046 927 trent
1061 887 1109 942 per
1122 871 1219 927 Filium
1239 873 1388 942 producere
1404 871 1534 944 Spiritum
1551 883 1687 930 salictum.
1713 874 1764 929 Pa·

131 936 214 1016 ctltus
227 937 393 1003 ostenderet,
409 956 469 997 eam
483 945 610 1014 principii
626 946 763 1000 notionem
775 959 828 998 uon
839 944 926 999 endi·
976 950 1047 998 trem
1062 943 1259 1014 principalius,
1282 953 1329 996 aut
1352 944 1535 1000 irrituediatius
1558 945 1654 1000 Filium
1672 946 1766 1013 liujus·

129 1022 204 1062 urnae
217 1015 323 1062 natttrae
341 1009 436 1092 fontali
448 1016 563 1083 gremio,
578 1014 627 1071 sed
639 1031 672 1070 ex
688 1016 746 1086 ipsa
761 1015 927 1070 discretione
976 1013 1051 1068 modi
1065 1014 1272 1084 productionem
1290 1015 1432 1084 attingere,
1446 1023 1473 1070 et
1487 1015 1610 1085 quadam
1625 1017 1676 1072 alia
1689 1017 1764 1087 ejus-

154 1091 313 1158 ·rsonarum
327 1081 473 1138 oriundam
484 1085 598 1146 diceret.
614 1086 695 1140 modo
711 1086 838 1156 superius
848 1100 864 1139 a
876 1102 927 1141 ao·
977 1085 1039 1138 dem
1055 1082 1139 1140 lernae
1155 1085 1311 1140 schematis.
1329 1084 1395 1138 lllud
1409 1085 1479 1142 idem
1494 1085 1658 1156 significarit
1671 1086 1712 1142 Au
1734 1103 1765 1140 u·

153 1162 177 1201 rs
187 1163 325 1232 expenso,
341 1152 369 1206 in
386 1163 517 1234 cluantum
538 1156 643 1212 scilicet
659 1155 778 1228 Spiritus
794 1156 852 1226 ipse
862 1172 926 1228 pro·
977 1155 1067 1211 stinus
1082 1171 1127 1219 xv,
1139 1154 1176 1209 De
1190 1153 1301 1220 Trinit.‚
1317 1171 1342 1210 c.
1358 1156 1411 1210 ll:
1428 1155 1489 1210 Non
1498 1157 1601 1225 frustra
1609 1158 1635 1210 in
1646 1156 1695 1212 itae
1708 1103 1765 1212 ’ῗεὶ-

131 1218 252 1300 cedttut
263 1223 411 1278 nottonalts
425 1238 503 1280 amor
519 1228 682 1297 utriusque;
706 1228 817 1297 sicque,
834 1235 863 1280 ut
877 1229 927 1282 lra-
977 1227 1060 1278 nitotc
1075 1225 1233 1280 condicitur
1248 1225 1353 1280 ueritum
1364 1225 1423 1286 liei,
1440 1227 1604 1291 uisiFilius,·
1614 1227 1765 1282 rteedonum

130 1287 366 1372 brtudtneprdieit
379 1294 520 1350 relatiuam
536 1314 569 1352 cx
582 1299 608 1351 vi
623 1314 679 1352 suae
695 1314 767 1368 proc«
778 1297 880 1353 ssionis
899 1305 927 1353 ct
977 1295 1037 1358 Dei,
1049 1295 1101 1349 ttici
1111 1295 1227 1365 Spiritus
1238 1306 1360 1356 sanctus:
1372 1313 1417 1350 nec
1426 1295 1457 1350 de
1466 1314 1516 1368 quo
1527 1301 1641 1368 penituut
1656 1307 1694 1352 cst
1709 1315 1766 1358 tur,-

131 1367 311 1430 proprtctatts
329 1363 363 1418 ad
378 1363 487 1421 Patrem
510 1374 538 1422 et
557 1367 674 1426 Filium.
697 1384 745 1438 per
763 1384 792 1423 se
811 1369 926 1438 requirit
978 1364 1055 1430 dunt,
1073 1383 1119 1420 nec
1133 1365 1165 1420 de
1179 1383 1229 1439 qua
1243 1367 1361 1436 procedit
1374 1368 1557 1438 principaliter
1572 1369 1686 1438 Spiritus
1702 1387 1767 1423 satr-

131 1436 280 1510 utramque
291 1447 437 1502 personam
453 1436 487 1491 ad
502 1438 545 1491 sui
560 1441 766 1509 protluctlonenr
777 1457 784 1506 ;
797 1439 870 1509 quod
884 1439 927 1493 in·
976 1445 1045 1500 ctus,
1057 1437 1109 1491 nisi
1119 1436 1187 1490 [leus
1200 1436 1290 1492 Pater.
1305 1437 1368 1492 Ideo
1378 1447 1465 1491 autem
1475 1437 1567 1492 addidi
1574 1439 1764 1508 principaliter,

129 1500 386 1582 dtcataugustlnus
399 1521 427 1560 rt
444 1505 482 1562 lle
496 1507 518 1561 'F
520 1510 641 1576 ciuitate,
659 1525 719 1578 cap.
735 1511 762 1564 ὅ.
976 1509 1038 1578 quia
1049 1516 1073 1561 et
1087 1507 1118 1562 de
1130 1506 1202 1562 Filio
1213 1507 1329 1578 Spiritus
1346 1517 1454 1564 sanctus
1467 1508 1605 1579 procedere
1620 1511 1764 1580 reperitur,·

154 1570 335 1654 ‘Hrcqucest
355 1577 492 1633 secundus
511 1580 592 1648 hujus
612 1579 710 1651 capitis
728 1580 873 1703 scopulus,
899 1587 927 1635 et
976 1576 1023 1632 ted
1036 1578 1196 1650 ltocpaoquc
1208 1577 1249 1631 illi
1263 1579 1344 1632 Pater
1361 1577 1454 1638 dedit,
1471 1597 1522 1634 uon
1534 1580 1593 1650 jara
1606 1582 1728 1635 existenti
1739 1589 1766 1635 et

129 1641 302 1724 daldcrtltatts
320 1647 405 1701 veluti
421 1647 616 1720 diaphragma,
642 1652 746 1706 scilicet
792 1658 879 1706 atrem
899 1659 926 1706 et
976 1647 1094 1703 nondum
1105 1648 1210 1702 laedenti
1216 1664 1225 1708 .·
1241 1648 1286 1704 ted
1295 1647 1421 1720 quidquid
1434 1651 1567 1721 unipenila
1585 1649 1667 1705 Verba
1682 1649 1763 1718 dedit,

98 1751 103 1757 -
130 1709 233 1795 Ftltptn
243 1731 277 1796 ex
290 1715 316 1769 ri
327 1733 383 1772 suae
392 1718 579 1776 distinctionis
589 1722 751 1790 personalis,
764 1721 836 1775 hane
850 1720 925 1790 prin·
976 1719 1103 1790 pianendo
1113 1717 1193 1774 dedit.
1208 1717 1264 1773 Nec
1278 1727 1407 1774 rereutur
1417 1720 1507 1775 dicere
1521 1720 1681 1785 Bonorum..
1697 1721 1765 1776 Seo-

129 1797 199 1853 crpn
213 1796 345 1841 rationem
356 1790 459 1845 sortiri.
473 1789 526 1846 Sed
537 1792 681 1846 recolenda
694 1792 828 1846 nicetium
840 1793 926 1846 altera
941 1812 963 1867 B
978 1797 1022 1844 tus
1040 1800 1067 1845 et
1085 1789 1231 1844 durandus
1247 1789 1274 1843 ln
1287 1805 1307 1853 ι,
1326 1790 1390 1845 dist.
1404 1790 1449 1852 ll,
1466 1807 1493 1861 q.
1506 1791 1541 1857 2;
1557 1792 1677 1855 Gabriel,
1692 1810 1719 1862 q.
1736 1793 1771 1858 F„

130 1855 227 1924 regola
243 1855 363 1912 Facundi
381 1875 431 1930 pro
451 1861 609 1917 defensione
623 1863 705 1916 trium
724 1878 803 1933 cap,
820 1861 867 1916 lib.
885 1878 922 1927 tx,
977 1858 1134 1926 Mamilius,
1153 1878 1180 1931 q.
1199 1859 1249 1921 ts,
1268 1876 1293 1915 a.
1307 1859 1334 1922 ἓ,
1356 1860 1487 1930 Spiritum
1511 1873 1634 1916 salictum
1655 1851 1778 1919 aPutre‘

128 1938 194 2008 cap.
210 1926 227 1980 5
243 1946 250 1980 :
265 1925 380 1983 Solitum
393 1940 432 1985 est
445 1931 591 2000 prudentiae
606 1951 637 1986 ar
651 1934 756 2002 pietatis
767 1931 922 1999 collectiore,
974 1931 1148 2000 principalius
1160 1929 1317 2001 procedere.
1336 1929 1389 1985 Sed
1403 1930 1513 1984 uitanda
1525 1934 1709 2003 comparativa
1725 1935 1766 1989 lo·

127 2010 166 2047 ex
176 1996 333 2080 indubitatis
345 2002 606 2072 atpueeoidentidut,
624 2013 649 2058 et
663 2006 770 2074 ptinere
788 2003 923 2074 antbt'pua,
975 2003 1060 2057 cutio.

127 2074 158 2118 et
171 2066 283 2150 lptentta
298 2068 443 2127 declarare.
461 2071 556 2130 Stante
566 2075 638 2128 enim
655 2075 806 2144 superioris
824 2074 924 2129 asserti
1010 2069 1113 2127 Verum
1126 2071 1150 2126 si
1164 2071 1216 2126 rite
1229 2085 1361 2141 assequar
1370 2069 1505 2127 dillicilem
1517 2073 1596 2136 satis,
1612 2087 1662 2142 pro
1676 2088 1764 2136 more,

128 2147 246 2219 pentate
266 2155 322 2209 qua
340 2142 437 2197 scribit
449 2144 664 2200 nosterPatrem
677 2153 704 2200 ct
718 2143 814 2199 Filium
829 2159 884 2199 uno
896 2151 925 2200 et
974 2149 1094 2198 mentem
1109 2141 1242 2206 auctoris,
1256 2143 1321 2196 dum
1336 2142 1437 2197 latetur
1451 2143 1529 2198 aliter
1544 2143 1652 2198 Patrem
1664 2183 1672 2207 ‚
1686 2143 1765 2198 aliter

128 2207 297 2289 indifferenti
307 2211 387 2268 modo
398 2215 550 2283 producere
560 2214 691 2288 Spiritum
705 2213 748 2279 S.‚
765 2222 862 2270 cautem
877 2221 924 2270 rei
975 2211 1042 2266 Filii
1052 2214 1079 2266 in
1088 2221 1184 2266 notare
1195 2212 1316 2281 principii
1326 2229 1354 2266 se
1363 2211 1471 2277 laetere,-
1486 2214 1604 2286 hincque
1613 2229 1642 2270 se
1651 2215 1763 2284 collige-

127 2286 213 2333 nruut
223 2279 257 2333 ad
268 2281 339 2336 hanc
349 2285 480 2340 amussim
492 2285 646 2356 dirigenda,
663 2294 694 2339 ut
704 2301 766 2340 cum
776 2286 817 2340 sic
828 2286 924 2356 dispu-
974 2289 1088 2354 reputat
1097 2299 1152 2338 iton
1162 2283 1253 2338 minus
1261 2282 1315 2337 duo
1323 2283 1382 2337 dari
1391 2284 1523 2355 principia
1531 2286 1558 2340 in
1566 2284 1763 2355 diuinisqnam

126 2355 174 2402 tat
187 2353 314 2420 praesenti
331 2367 393 2424 cap.
409 2355 426 2408 li
442 2375 448 2410 :
465 2353 590 2410 Conuenit
611 2357 681 2410 enim
695 2365 724 2409 ut
741 2371 860 2425 personae
871 2357 924 2410 siut
974 2354 1044 2410 ditos
1058 2353 1236 2423 procedentes
1251 2353 1316 2423 (quo
1327 2354 1413 2409 tendit
1429 2370 1460 2409 ea
1480 2355 1704 2426 suppositionum
1719 2371 1772 2410 ca·-

127 2433 213 2474 urtam
221 2422 327 2476 neaniai
337 2441 367 2478 ea
378 2425 447 2498 quod
459 2441 493 2480 es
502 2439 600 2480 uatrtra
608 2426 754 2480 diuinitatis
766 2427 922 2495 succipiunt,
974 2433 1024 2494 put
1038 2424 1186 2496 concludit)
1198 2423 1231 2477 ad
1247 2425 1366 2494 priorem
1384 2424 1491 2480 videtur
1507 2427 1624 2481 transire
1634 2427 1765 2496 quaestio-

125 2499 155 2543 οι
171 2508 224 2545 non
241 2494 295 2547 sint
307 2511 389 2549 aarum
403 2496 432 2550 in
444 2513 475 2551 eo
488 2497 559 2568 quad
574 2513 607 2551 ea
628 2507 727 2552 natura
744 2496 922 2552 distinctionis
973 2495 1019 2550 nis
1033 2502 1145 2557 statum,
1162 2509 1243 2564 quem
1259 2494 1397 2548 insinuari
1412 2496 1554 2566 superius;
1580 2511 1640 2552 estn
1659 2497 1766 2551 scilicet

126 2573 289 2642 assemsum
311 2574 339 2620 ει
353 2581 451 2623 rursus
467 2586 475 2622 ι
491 2566 547 2622 Cur
563 2585 615 2622 tion
631 2567 692 2622 datr
713 2583 846 2637 persone,
863 2567 923 2622 licet
973 2580 1109 2636 usurpare
1126 2563 1254 2635 principii
1274 2566 1413 2620 notionem
1428 2581 1482 2636 qua
1495 2565 1577 2621 Pater
1597 2564 1631 2626 ad
1644 2559 1763 2632 Filium,

126 2631 187 2686 attia
202 2635 425 2691 mracancedatur
442 2637 589 2707 personalis
604 2639 740 2693 conuenire
751 2639 923 2707 proprietas?
973 2644 1001 2692 et
1015 2650 1069 2706 qua
1083 2633 1169 2689 Filius
1181 2633 1215 2689 ad
1231 2633 1363 2704 Spiritum
1377 2645 1502 2691 sanctum
1517 2637 1691 2703 releruntut3
1716 2638 1769 2707 qut

124 2706 254 2758 Attamen
268 2707 331 2776 quio
346 2707 381 2761 ad
394 2708 590 2764 distinctionem
602 2711 730 2780 pertinet,
747 2711 835 2777 potius
850 2710 877 2761 in
890 2724 923 2762 ea
972 2707 1072 2762 tertius
1087 2706 1170 2776 hujus
1188 2705 1287 2777 capitis
1302 2705 1409 2772 nodus,
1428 2720 1443 2760 a
1457 2708 1536 2765 nobis
1551 2708 1646 2777 paucis
1661 2708 1765 2778 pariter

125 2783 193 2855 supr
206 2774 266 2828 due
279 2792 443 2847 saumana·
466 2788 495 2832 ut
510 2781 594 2834 Pater
615 2790 641 2834 et
662 2779 750 2833 Filius
768 2797 820 2833 nan
840 2795 922 2832 anatra
973 2776 1176 2832 dissolvendus.

124 2846 286 2913 principium
303 2849 367 2912 sliat,
383 2850 504 2914 ceddae,-
528 2853 639 2922 itemque
654 2848 678 2902 F
680 2851 742 2904 ilius
764 2860 789 2904 et
806 2851 922 2918 Spiritus
1009 2847 1085 2902 llanc
1105 2847 1146 2902 sie
1167 2845 1331 2900 delineatam
1354 2845 1540 2916 acceptionem
1562 2846 1710 2920 principii,
1729 2848 1764 2903 ab

125 2925 238 2996 ranetam
252 2918 418 2984 procedentes
433 2920 486 2975 duo
501 2932 574 2986 runt,
596 2929 623 2974 ει
638 2929 737 2976 caetera
751 2921 919 2990 hujusmodi,
972 2926 1086 2974 auctore
1099 2916 1273 2988 potissimum
1285 2915 1387 2998 urgeri,
1404 2917 1476 2971 inter
1492 2918 1544 2971 alia
1556 2919 1719 2988 persuadent
1731 2933 1765 2974 ea

124 2986 303 3053 «potiusnon
322 2990 480 3046 labetactarl
498 2991 629 3063 principii
649 2991 774 3046 formalis
788 2995 920 3046 unitatem
972 3004 1033 3058 attae
1053 2987 1104 3044 sub
1129 2987 1250 3042 medium
1272 2987 1370 3056 capitis
1389 2986 1430 3041 sic
1442 2989 1569 3058 proponit
1591 3007 1598 3044 ε
1626 3007 1635 3040 ι
1651 2987 1766 3046 Constat

124 3060 383 3114 &instantissimum
405 3071 447 3118 εει
472 3062 544 3129 (cum
566 3079 620 3117 non
635 3063 719 3117 semel
739 3071 844 3117 asserat
865 3062 921 3131 spi·
973 3066 1062 3113 autem
1074 3057 1146 3128 quod
1161 3056 1241 3112 Patre
1255 3056 1367 3111 minime
1381 3058 1508 3112 convenit
1524 3057 1688 3129 principium
1703 3059 1764 3112 ideo

125 3127 209 3182 randi
221 3129 365 3194 uirtutem,
382 3148 465 3202 artam
478 3142 560 3188 uocat
580 3133 751 3204 personalem
773 3132 956 3213 propriata-c
972 3129 1046 3199 quod
1059 3128 1131 3184 licus
1149 3135 1210 3194 cst;
1234 3127 1298 3197 quia
1316 3126 1434 3198 Spiritus
1454 3138 1566 3183 sanctus
1585 3144 1693 3200 quoque
1706 3129 1764 3199 ipse

125 3204 196 3279 tem,
215 3200 310 3270 utique
323 3201 432 3258 unicani
453 3204 535 3274 esse),
552 3206 601 3259 sed
617 3207 703 3260 solam
722 3204 809 3258 asseri
823 3203 922 3274 princi·
972 3208 1016 3254 est
1033 3199 1114 3265 Deus,
1130 3197 1347 3270 principiumque
1364 3213 1417 3251 noo
1432 3205 1484 3254 est.
1499 3197 1589 3264 Quare
1602 3198 1675 3269 qttod
1690 3203 1764 3267 prin·

124 3283 168 3337 pu
180 3307 187 3332 ,
200 3269 306 3350 'Quom
331 3288 380 3328 εειι
399 3277 603 3345 suppositorum
623 3274 823 3346 pluralitatem;
839 3288 922 3344 quam
972 3269 1075 3341 cipium
1090 3277 1143 3328 est.
1159 3283 1191 3322 ea
1208 3269 1298 3338 aliqua
1312 3267 1489 3323 distinetione
1506 3284 1630 3339 personae
1649 3276 1711 3334 cst;
1734 3275 1775 3326 ut..

124 3355 209 3409 sequi
229 3357 409 3411 personarum
436 3346 639 3401 distinctionem
667 3344 842 3415 perspicuum
867 3351 920 3399 est.
972 3349 1064 3395 atatem
1091 3339 1231 3396 distinctio
1258 3337 1304 3391 stat
1329 3338 1473 3408 (siquidem
1497 3339 1527 3394 in
1553 3355 1584 3396 ea
1599 3340 1764 3394 ¹conununio

125 3409 198 3464 Cum
211 3410 275 3467 item
290 3414 342 3470 solt
356 3414 435 3470 linem
451 3418 549 3489 capitis
565 3422 726 3472 constanter
740 3415 849 3484 ingerit,
869 3414 922 3468 ali·
971 3412 1047 3466 nulla
1063 3409 1115 3481 est)
1132 3409 1210 3464 aliter
1227 3407 1317 3472 Pater,
1334 3409 1413 3464 aliter
1428 3407 1515 3466 Filius
1528 3411 1691 3481 principium
1707 3419 1769 3478 est,

125 3481 298 3547 terentem,
314 3483 393 3540 aliter
411 3485 433 3536 F
434 3487 510 3540 iliani
525 3490 553 3541 in
569 3497 666 3541 notura
685 3486 807 3556 principii
832 3501 858 3538 te
873 3484 922 3537 lto·¹
972 3481 1055 3538 Pater
1068 3495 1184 3552 namque
1196 3487 1223 3536 et
1236 3478 1295 3532 Filii
1311 3486 1338 3532 ct
1355 3477 1473 3549 Spiritus
1492 3482 1581 3537 sancti
1596 3481 1762 3553 principium

124 3550 212 3614 terea
227 3556 268 3610 rel
278 3555 400 3625 loquitur
408 3556 441 3611 de
454 3571 552 3612 natura
566 3557 694 3629 principii
707 3565 735 3610 ιιι
749 3565 793 3612 εει
803 3557 829 3611 ιιι
840 3553 921 3610 Patre
936 3621 938 3625 Ι
972 3560 1032 3618 cst;
1058 3549 1144 3607 Filius
1163 3566 1229 3606 roro
1249 3550 1335 3604 solius
1350 3547 1469 3620 Spiritus
1484 3553 1582 3606 sancti.
1607 3551 1658 3610 Sed
1685 3552 1764 3606 aliter

124 3623 164 3676 aul
183 3621 282 3679 Filium
296 3629 480 3696 generandum
496 3639 522 3683 ct
538 3629 565 3682 in
580 3628 649 3683 Filio
660 3627 694 3681 ad
707 3625 837 3695 Spiritum
855 3635 940 3695 pro-¹
973 3617 1046 3686 Filii,
1066 3622 1145 3677 aliter
1166 3619 1285 3691 Spiritus
1300 3621 1388 3675 sancti
1408 3621 1572 3692 principium
1596 3629 1638 3678 est
1661 3620 1742 3677 Pater
1753 3641 1765 3692 ;¹

125 3691 300 3762 ducendum
313 3699 356 3752 rel
368 3707 398 3753 ιιι
417 3707 459 3754 εει
481 3699 509 3755 in
524 3710 640 3769 utroque
657 3699 691 3753 ad
708 3697 840 3767 Spiritum
861 3712 923 3751 san·
972 3691 1035 3747 Filii
1045 3699 1076 3746 ιιι
1089 3707 1105 3746 a
1124 3708 1153 3749 se
1167 3692 1241 3758 nuti;
1257 3689 1485 3760 Spiritussancti‚
1500 3702 1530 3749 ut
1544 3707 1598 3748 ase
1610 3693 1761 3765 proceden-

125 3771 205 3820 ctum
223 3766 394 3838 spirandum.
422 3768 503 3826 Prius
525 3769 728 3841 pronuntiatum
754 3769 787 3823 ad
811 3768 921 3822 tertiana
973 3765 1027 3831 tis;
1044 3763 1124 3818 Pater
1137 3771 1267 3824 autentet
1278 3761 1589 3835 Filiusunoeodemque
1600 3764 1680 3820 modo
1691 3773 1764 3818 uter-

125 3834 213 3902 liuius
224 3837 425 3907 explanationis
433 3841 584 3895 membrum
596 3839 769 3896 remittimus.
781 3838 922 3893 Posterius
992 3850 1027 3889 ue
1043 3833 1161 3905 Spiritus
1176 3832 1263 3886 satteti
1280 3833 1446 3904 principium
1466 3849 1528 3889 esse
1541 3833 1664 3896 videtur,
1685 3853 1693 3884 r
1708 3842 1761 3890 etc.

124 3919 195 3960 vero
209 3906 596 3981 integrumpuromquelabis,
613 3911 653 3967 sic
661 3909 756 3981 paucis
766 3925 920 3965 censemus.
972 3851 1078 3973 {uibus
1091 3903 1196 3966 rer-llis,
1213 3910 1244 3956 ut
1258 3913 1285 3957 et
1299 3903 1333 3959 iis
1352 3919 1412 3974 uuae
1426 3919 1458 3958 ex
1481 3912 1609 3975 vergente
1631 3905 1665 3958 ad
1681 3904 1762 3959 ditem

165 3975 276 4032 Certum
290 3988 333 4034 est
348 3981 526 4051 spirationem
539 3983 670 4044 activam,
693 3981 788 4035 eadem
809 3980 846 4036 sit
859 3980 923 4033 licet
973 3975 1063 4044 capite
1087 3974 1250 4044 protulimus
1271 3989 1364 4044 supra,
1393 3974 1598 4030 evidentissime
1619 3975 1709 4046 prodit
1733 3989 1770 4031 se.

125 4045 158 4101 'tat
173 4045 254 4104 Patre
268 4055 296 4104 ct
312 4049 401 4111 Filio.
417 4060 568 4108 connotare
588 4051 691 4121 aliquid
704 4050 733 4104 in
745 4050 826 4105 Patre
848 4049 922 4119 arrad
973 4045 1116 4117 praelatam
1127 4043 1281 4114 expendere
1298 4043 1424 4114 principii
1437 4045 1585 4101 notionem.

126 4133 186 4171 non
201 4126 333 4174 connotat
348 4121 376 4177 in
387 4122 468 4187 Filio,
479 4123 576 4179 etulce
591 4137 679 4178 uersa.
693 4120 866 4177 Conveniunt
880 4121 923 4175 in·
1010 4115 1075 4182 Qum
1088 4122 1162 4171 certe
1177 4115 1284 4185 singula
1299 4115 1374 4170 nullo
1390 4115 1514 4172 recitatis
1531 4113 1675 4186 dispendio
1698 4127 1764 4185 pro·

127 4203 215 4258 super
231 4190 260 4245 in
278 4190 330 4246 hoc
353 4195 470 4264 theologi
492 4193 565 4264 qttod
587 4191 706 4263 Spiritus
726 4191 754 4247 S.
777 4192 923 4262 productio
973 4184 1098 4244 seruntur
1112 4185 1146 4239 ab
1158 4193 1280 4244 auctore.

127 4265 278 4331 utrumque
294 4265 413 4332 postulet
429 4266 601 4335 suppositum
611 4263 737 4318 Patrisct
748 4261 822 4319 Filii.
833 4261 924 4317 Unum
1009 4256 1101 4311 Primo
1115 4255 1187 4310 eninr
1204 4255 1295 4326 (idque
1310 4252 1429 4325 lucilius)
1441 4253 1538 4324 exponi
1550 4262 1667 4325 possunt
1680 4254 1713 4308 do
1730 4269 1763 4308 ea

126 4329 283 4401 disputant,
299 4335 641 4398 concomitantertantum,
657 4333 816 4389 nemetiam
830 4348 879 4404 per
893 4347 924 4388 se
973 4328 1080 4382 radone
1084 4325 1226 4450 principii,
1238 4323 1324 4392 Quod,
1336 4341 1384 4380 seu
1397 4327 1571 4380 connotatire
1582 4325 1693 4395 sumpti.
1711 4323 1763 4380 Cui

126 4399 284 4458 formaliter
300 4405 329 4460 id
352 4407 577 4476 praerequiratur3
607 4419 659 4460 nec
682 4402 829 4460 diffitentur
854 4404 923 4474 quin
974 4413 1082 4454 commo
1101 4396 1297 4451 elamulantur
1310 4409 1341 4450 ea
1360 4409 1420 4465 quae
1438 4395 1518 4465 paulo
1537 4402 1600 4450 ante
1617 4395 1711 4451 scribit
1733 4394 1762 4448 iu

126 4470 924 4546 perseformaliterpossitessealiquidaplurilrussupposi·
938 4500 961 4556 D
975 4468 1048 4523 ltunc
1062 4466 1173 4522 modum
1187 4486 1193 4522 :
1209 4465 1254 4521 Sia
1269 4481 1369 4538 quoque
1380 4463 1461 4519 Pater
1471 4475 1496 4520 et
1511 4463 1600 4519 Filias
1621 4465 1645 4520 si
1656 4475 1763 4536 uterque

125 4542 178 4605 tis.
200 4543 242 4599 rel
262 4561 296 4600 cx
313 4555 391 4617 parte
406 4548 516 4603 termini
529 4555 649 4612 tantum;
664 4547 707 4600 uel
726 4561 761 4600 ea
775 4554 854 4615 parte
868 4545 921 4599 rir-
973 4557 1027 4593 uno
1042 4539 1128 4594 salum
1138 4536 1215 4592 niodo
1226 4537 1384 4605 principium
1398 4552 1454 4592 esse
1470 4535 1644 4600 coucedatur,
1660 4538 1687 4590 iu
1702 4551 1763 4606 per-

126 4615 199 4669 tutis
214 4615 383 4683 productlrae
397 4624 522 4684 tantum;
552 4619 594 4672 rel
616 4633 648 4672 cx
664 4623 741 4686 parte
763 4615 873 4674 termini
894 4621 922 4669 ει
972 4627 1039 4665 sona
1052 4619 1138 4663 tantan
1151 4625 1167 4662 a
1180 4625 1207 4662 se
1218 4605 1325 4676 differre
1340 4605 1489 4660 nullatenus
1501 4615 1643 4678 arpentum
1659 4605 1762 4677 datoque

126 4684 241 4740 virtutis
256 4687 423 4757 productiva>
437 4689 533 4754 simul;
553 4695 581 4744 et
603 4689 748 4757 utrobique
769 4686 923 4741 concedunt
971 4680 1106 4751 principio
1118 4679 1157 4733 ric
1171 4693 1272 4748 quaque
1288 4693 1344 4732 esse
1361 4692 1436 4746 posse
1450 4676 1592 4742 dicantur,
1608 4675 1762 4746 sicut'apud

128 4755 309 4824 spirationem
324 4757 404 4882 29?
420 4759 535 4813 activam
547 4759 669 4829 quadam
683 4759 710 4813 ln
725 4757 805 4811 Patre
819 4771 923 4812 conno-
973 4769 1020 4807 nos
1033 4760 1095 4806 sunt
1110 4747 1233 4820 quadarn
1251 4763 1266 4802 o
1283 4765 1310 4804 se
1321 4747 1424 4802 diuersa
1436 4757 1461 4802 et
1481 4758 1604 4816 separato
1619 4748 1761 4818 principia,

126 4833 191 4879 tare.
202 4843 257 4897 qua
271 4843 327 4882 non
341 4832 368 4884 in
406 4829 462 4893 ilio,
474 4836 502 4883 ct
515 4830 573 4885 rice
584 4845 673 4884 uersa.
972 4821 1092 4894 quantulo
1108 4837 1124 4872 a
1140 4835 1167 4874 se
1180 4817 1283 4874 diuersa
1296 4827 1320 4873 et
1334 4819 1434 4874 diuetse
1449 4835 1500 4872 non
1509 4819 1669 4892 producant.
1684 4818 1762 4874 Licet

169 4896 202 4950 Et
217 4898 327 4968 quidem
341 4901 427 4970 priori
441 4900 532 4962 modo,
545 4915 607 4954 cum
620 4907 725 4957 εειιιιιιι
741 4896 777 4953 εῐι
789 4894 923 4966 Spiritum
972 4893 1045 4948 eninr
1060 4891 1211 4963 paternitas
1225 4891 1253 4945 in
1269 4887 1358 4954 Patre,
1375 4896 1402 4944 et
1414 4889 1528 4959 spiratio
1546 4891 1634 4944 actira
1649 4891 1677 4943 in
1692 4889 1764 4944 Filio

124 4978 258 5026 sanetum
274 4970 422 5040 procedere
446 4977 476 5025 ut
490 4972 598 5026 tertiam
620 4983 777 5040 personam,
793 4968 923 5038 supponit
973 4980 1028 5020 non
1043 4963 1151 5018 realiter
1158 4961 1240 5036 296
1253 4959 1458 5031 distinguantur
1468 4961 1539 5015 inter
1550 4977 1590 5025 se,
1602 4967 1705 5014 certum
1719 4965 1762 5016 est

126 5037 202 5095 duas
214 5039 282 5095 allas
293 5040 351 5110 jatn
366 5040 512 5097 distinctas
524 5051 551 5096 et
565 5041 673 5112 priores
686 5039 806 5109 origine;
829 5039 924 5109 sicque
972 5043 1065 5088 tamen
1085 5033 1218 5087 rationem
1234 5031 1367 5156 principii
1382 5045 1438 5086 non
1461 5032 1538 5101 scotti
1564 5040 1689 5085 naturam
1713 5030 1762 5085 sed

150 5110 256 5166 recedit
269 5127 318 5181 per
330 5112 459 5167 uirtutem
473 5111 633 5182 spiratiuam
647 5118 677 5164 nt
690 5115 883 5165 connotantem
894 5110 924 5164 in
973 5119 1130 5176 personant,
1146 5103 1219 5173 quod
1257 5103 1329 5158 ullus
1341 5101 1477 5168 ostendit;
1491 5101 1611 5173 alioquin
1626 5101 1684 5171 lpse
1700 5099 1763 5170 Spi-

125 5125 215 5236 Batre
227 5183 361 5237 rationem
375 5181 470 5253 primae
485 5197 626 5253 personae.
650 5189 677 5236 et
691 5181 719 5234 in
733 5178 820 5241 Filio,
837 5181 923 5234 ratio-
974 5177 1045 5231 ritus
1059 5183 1172 5230 sanetus
1189 5181 1263 5229 esset
1280 5173 1362 5229 etiam
1381 5173 1544 5243 principium
1561 5172 1595 5227 ad
1615 5172 1698 5236 intra,
1715 5179 1764 5226 aut

127 5266 196 5306 nem
217 5252 352 5308 secundae.
380 5251 482 5308 Deinde
495 5251 625 5322 'procedit
647 5267 697 5321 per
719 5250 845 5305 uirtutem
868 5266 924 5305 non
974 5263 1029 5302 non
1042 5246 1152 5301 lrallerct
1166 5243 1333 5314 qutidquidin
1348 5243 1552 5313 rectopostulat
1567 5242 1763 5299 diriuacsseu-

127 5324 361 5378 communicatam
373 5322 448 5378 Patri
458 5331 485 5378 et
495 5323 723 5379 communicatam
738 5320 807 5375 Filio
821 5336 869 5391 per
881 5338 926 5392 ge·
973 5320 1024 5373 tia.
1037 5315 1070 5371 Et
1080 5316 1109 5370 in
1120 5332 1154 5372 eo
1168 5331 1250 5370 sensu
1263 5315 1342 5369 aliter
1355 5311 1452 5376 Pater.
1475 5313 1554 5368 aliter
1568 5311 1654 5369 Filius
1668 5313 1696 5367 in
1712 5329 1762 5368 na-

126 5394 303 5449 ncrationem
323 5414 330 5449 :
346 5409 407 5464 auae
419 5395 474 5449 duo
489 5393 626 5450 sulliciuot
649 5393 678 5446 ln
692 5391 821 5446 doctrina
840 5390 923 5456 Pulli,
974 5397 1036 5442 tura
1051 5386 1176 5457 principii
1193 5401 1222 5440 se
1237 5384 1347 5440 habent.
1363 5382 1409 5440 llle
1424 5383 1485 5438 Filii
1499 5392 1530 5438 ut
1543 5399 1559 5438 a
1572 5400 1602 5441 se
1616 5393 1692 5452 nuti;
1709 5384 1762 5440 iste

128 5469 164 5518 ut
179 5464 268 5535 possit
285 5463 378 5521 dicere
389 5464 468 5520 aliter
478 5464 605 5531 Patrem,
620 5463 699 5519 aliter
712 5461 815 5516 Filium
834 5463 862 5517 in
875 5481 926 5518 na·
976 5458 1101 5530 Spiritus.
1111 5457 1199 5514 sancti
1212 5462 1242 5509 ut
1253 5471 1268 5509 a
1281 5471 1311 5510 se
1324 5455 1506 5525 procedentis.
1710 5523 1717 5534 ι

129 5545 194 5590 tura
206 5535 330 5605 principii
341 5553 368 5590 te
378 5536 482 5592 ltoiere.
1011 5529 1143 5585 Praeterea
1158 5527 1249 5582 nrtllus
1264 5526 1403 5599 negaverit
1418 5524 1607 5598 paternitatem
1627 5530 1655 5579 ct
1678 5539 1765 5594 spua-

167 5604 318 5661 Posteriori
328 5607 411 5662 modo
424 5623 470 5662 res
484 5605 574 5661 adhue
587 5603 741 5661 evidentius
755 5611 839 5676 patet.
851 5602 882 5659 ln
892 5619 926 5659 eo
976 5601 1077 5656 tionem
1093 5599 1209 5654 activam
1228 5609 1258 5652 ut
1272 5597 1325 5653 ista
1338 5603 1381 5654 εει
1395 5597 1423 5651 in
1436 5595 1523 5660 Filio,
1549 5595 1584 5650 ad
1607 5597 1698 5652 minus
1722 5595 1765 5648 p.

127 5677 207 5732 enlm
222 5674 343 5746 Spiritus
358 5686 469 5733 sanctus
483 5693 531 5748 per
545 5693 576 5733 se
589 5676 741 5731 loranalitcr
756 5676 878 5747 procedit
891 5691 925 5730 ex
977 5671 1078 5742 stitrgui
1093 5671 1216 5736 ratione;
1236 5685 1297 5738 qua
1305 5667 1431 5724 virtualis
1441 5667 1583 5722 distinctio
1594 5666 1689 5735 jttrtcta
1704 5665 1765 5736 plu·

128 5761 228 5802 amore
240 5755 338 5802 mutuo
352 5747 442 5803 Patris
456 5755 483 5803 et
496 5745 576 5814 Filii;
599 5747 647 5805 scd
667 5755 779 5802 mutatus
801 5762 855 5802 non
883 5753 927 5812 est
977 5743 1078 5797 ralitati
1097 5743 1315 5811 suppositorum,
1337 5739 1474 5794 sullicicns
1488 5737 1590 5810 prabet
1603 5737 1765 5792 tunaamen„

128 5833 183 5894 per
192 5825 274 5880 actus
286 5818 412 5878 diuersas
424 5839 431 5877 ι
442 5819 527 5894 igitur
540 5835 573 5876 ex
587 5818 695 5878 diuersa
709 5819 820 5876 uirtutis
831 5817 926 5876 actiae
977 5824 1035 5870 tum
1056 5819 1089 5869 ut
1102 5812 1189 5884 possit
1203 5811 1258 5868 dici
1271 5809 1350 5867 Pater
1364 5826 1416 5882 atta
1432 5807 1534 5878 Pater,
1556 5817 1588 5866 et·
1602 5807 1689 5866 Filius
1707 5819 1783 5880 qua,
