3967 6334
287 367 341 426 us
771 369 924 428 eorunm
941 371 1046 430 ruunt
1063 371 1093 430 e.
1114 371 1149 432 ιι.
1168 371 1199 430 e.
1219 368 1426 430 sonuimus
1828 387 1865 448 nv

285 483 353 539 libet
363 481 454 548 inerit,
466 497 528 554 qnae
537 483 673 541 sinecasn
686 493 757 552 erat,
767 485 803 543 de
817 486 929 544 bomine
941 493 969 544 et
979 487 1076 560 angelo
1090 501 1113 560 g
1127 487 1221 555 ritam;
1235 493 1263 542 at
1276 486 1382 550 militia,
1398 485 1462 542 dum
1471 484 1627 556 triunphat.
1639 485 1745 558 gloriam
1755 510 1762 548 :
1771 508 1820 552 usp
1829 503 1866 560 sq.

283 589 395 634 summa
409 573 507 632 deerit.
1130 577 1195 633 litire
1205 577 1297 640 irruit,
1310 577 1373 631 binc
1384 577 1552 648 suggestoris
1563 578 1696 644 illecebra,
1708 581 1867 646 indetribnlua

320 666 435 733 Quodsi
454 667 500 722 illa
511 667 655 739 praefertur
671 670 807 726 sententia
818 687 880 742 qnae
893 671 1019 728 nomines
1034 669 1079 744 (de
1127 671 1165 726 tis
1177 671 1298 726 vesania.
1323 667 1375 724 Sed
1392 669 1485 740 utique
1507 667 1663 726 fortitudine
1685 671 1745 726 iulia
1763 677 1867 739 eliaam

284 758 400 830 perditis
414 759 483 813 nibil
497 760 560 833 ago)
579 767 621 816 tot
634 762 778 818 constituit
789 771 857 834 quot
875 765 998 835 angelos,
1013 765 1079 819 toti·
1128 763 1237 818 concuti
1253 769 1344 832 potest
1358 761 1504 832 fragilitate
1518 761 1664 826 mundana,
1677 763 1763 820 subrui
1775 784 1818 824 nav
1833 789 1868 843 pq

284 850 401 922 demque
418 861 485 923 quot
498 853 646 919 daemones,
658 856 754 925 procul
765 856 849 912 dvvbio
860 871 909 927 par
919 856 1079 911 eritnume·
1127 861 1180 910 test
1196 853 1243 910 bei
1258 854 1417 910 sublevante
1437 854 1533 924 gratia.
1558 852 1630 908 liilril
1652 869 1714 926 ergo
1729 855 1868 924 dannationis

283 957 334 1002 rus
344 952 400 1000 tam
412 945 440 999 in
448 947 640 1018 angelisquam
657 947 872 1011 indaenronibus,
884 949 957 1019 quod
968 949 1078 1018 quidem
1127 952 1179 1008 est,
1198 946 1261 1001 licet
1275 945 1375 1001 titubet
1394 945 1597 1016 propassione,
1613 945 1675 1000 dnm
1689 947 1868 1012 disserueram

282 1036 425 1092 nonvrullis
437 1038 537 1108 placet.
553 1037 606 1094 Sed
621 1038 679 1094 boec
694 1040 820 1112 paritatis
834 1041 971 1096 sententia
986 1041 1013 1094 in
1029 1055 1078 1110 pa·
1127 1053 1181 1104 ne;
1197 1040 1335 1094 autetiam
1349 1038 1372 1094 si
1385 1037 1502 1092 lrrrmana
1518 1037 1738 1108 lrugilitatetacta
1749 1042 1868 1116 caditquil

284 1128 366 1183 ritate
378 1128 480 1185 civium
494 1129 602 1186 vitietur
612 1131 763 1186 incusanda
777 1149 784 1186 ε
808 1147 990 1202 supernorum
1004 1132 1076 1186 enim
1126 1137 1207 1186 nocet
1218 1131 1281 1186 dum
1293 1131 1420 1200 deinceps
1429 1130 1546 1190 cautior.
1562 1130 1616 1184 imo
1625 1136 1652 1186 ει
1662 1129 1797 1190 bvvmllitate
1803 1139 1867 1196 milev

283 1235 392 1278 summa
407 1221 553 1292 spirituum
567 1236 633 1278 casu
648 1223 724 1277 nullo
738 1222 882 1286 diminuta,
895 1224 1007 1278 bomine
1025 1222 1077 1279 sibi
1127 1223 1268 1294 resurgit?
1282 1221 1349 1277 Nam
1366 1221 1482 1293 Spiritus
1502 1222 1590 1276 omnia
1605 1233 1753 1292 cooperator
1765 1225 1787 1278 in
1803 1227 1868 1286 tonan

283 1322 430 1384 aggregato
440 1313 570 1370 crevisset
580 1312 690 1384 quidem
703 1329 796 1381 ;nunc
806 1322 897 1371 autem
908 1318 1024 1386 par'tate
1033 1329 1078 1370 re·
1128 1313 1215 1385 (ilem.
1232 1311 1361 1385 ernstii).
1378 1313 1451 1387 (lle)
1463 1312 1492 1367 Si
1504 1312 1708 1384 ergodeinisset
1719 1316 1864 1380 lucta,deluis

283 1411 409 1460 staurato
419 1405 506 1475 lapsu,
516 1404 572 1474 jam
586 1404 659 1459 dicta
672 1412 844 1460 restauratur
852 1414 880 1462 ει
890 1421 995 1462 summa
1008 1424 1016 1471 ;
1029 1403 1077 1461 sed
1127 1413 1168 1460 set
1182 1407 1281 1476 palma.
1298 1405 1373 1460 Tolle
1381 1405 1510 1468 stadium,
1526 1405 1639 1460 tolletur
1651 1412 1678 1460 et
1693 1405 1800 1463 bracium
1810 1429 1815 1474 ;
1827 1427 1868 1482 age·

283 1511 346 1567 qnae
359 1497 393 1552 de
408 1497 517 1552 bomine
530 1504 609 1552 erant
623 1513 678 1552 non
692 1497 808 1552 redeunt
821 1505 971 1552 crementa.
998 1496 1077 1564 Quod
1126 1498 1198 1552 nista
1210 1496 1267 1566 jam
1282 1503 1410 1552 nonest:
1425 1497 1530 1552 cautela
1542 1497 1618 1568 prior
1629 1509 1678 1551 sna
1689 1511 1746 1550 ctrm
1758 1497 1868 1558 lrnniliuu
1927 1559 1928 1592 ,

286 1587 1003 1659 lrrtasscnondisplicetdicentiutramquesummam
1013 1605 1076 1660 per-
1126 1588 1257 1660 deperiit,
1278 1589 1409 1658 patientia
1432 1588 1564 1651 recessit,
1580 1596 1609 1643 ει
1622 1589 1645 1666 si
1660 1604 1718 1661 qum
1730 1599 1785 1644 sunt
1802 1605 1869 1656 cerm

283 1678 395 1734 lectioni
408 1679 566 1744 obnoxiam,
582 1688 638 1734 tarn
659 1682 780 1752 priorem
793 1681 912 1751 plurium
928 1697 1012 1752 quam
1028 1696 1077 1752 po-
1125 1677 1256 1734 exercitin
1269 1677 1459 1748 dependentia,
1475 1677 1575 1750 quibus
1590 1677 1660 1740 sine,
1676 1679 1699 1734 si
1709 1679 1869 1756 quietcnagar,
1927 1685 1928 1722 3

280 1771 428 1826 sterioreov
443 1771 615 1842 pauciorum.
1127 1777 1204 1839 potes
1218 1783 1278 1824 esse
1292 1771 1334 1823 rir
1355 1769 1463 1834 bonus,
1480 1778 1630 1840 pompatus
1649 1785 1709 1826 esse
1722 1773 1790 1828 miles
1802 1775 1868 1836 lvonis.

319 1861 372 1918 Sed
387 1863 541 1917 mirandam
556 1865 636 1929 sans,
651 1864 705 1920 nist
720 1879 826 1920 samma
843 1872 920 1920 tanto
934 1866 969 1920 sn
984 1863 1074 1935 perte·
1091 1855 1221 1931 llllrripc
1236 1860 1462 1930 inconcinnius
1478 1870 1622 1931 utrunque
1635 1877 1677 1923 es,
1688 1863 1832 1936 meliorem
1843 1885 1869 1928 s.

282 1953 365 2016 etlor,
380 1961 484 2023 quanto
497 1953 598 2007 rivium
610 1955 760 2010 reverentia
770 1954 955 2026 multiplicior.
974 1955 1075 2008 iliram·
1159 1949 1261 2008 lstn'eo
1273 1959 1408 2024 spectant,
1424 1959 1454 2007 ut
1470 1953 1541 2008 sicut
1557 1953 1681 2009 lrotuines
1695 1963 1790 2010 senata
1801 1961 1867 2016 ierem

280 2043 346 2100 duan
361 2060 427 2100 rere
436 2046 534 2116 magis,
553 2046 606 2101 nisi
616 2045 833 2116 perfectissimos
848 2045 919 2102 licus
930 2045 1075 2116 perlectio-
1125 2045 1279 2100 obedienta
1302 2045 1427 2115 perlecti,
1443 2045 1479 2098 iia
1496 2045 1576 2100 modo
1591 2053 1655 2116 post
1675 2046 1803 2116 perditam.
1816 2055 1869 2109 mse.

280 2152 339 2194 rem
349 2151 459 2208 qnoque
471 2137 608 2201 maluerit,
620 2138 738 2193 terarime
748 2137 878 2208 quioniam
888 2151 995 2192 summa
1010 2137 1075 2192 sub·
1125 2138 1233 2193 ratione
1255 2137 1299 2192 llei
1317 2137 1373 2192 lieri
1398 2143 1510 2208 sperent
1530 2139 1717 2207 perfectiores.
1730 2137 1808 2211 Neque
1823 2147 1870 2200 enin

279 2227 401 2296 jectionc
416 2236 524 2283 seruate
539 2227 602 2284 talis
617 2226 709 2283 lutura
723 2235 803 2284 erat:
818 2244 871 2284 nec
886 2227 958 2284 enim
979 2227 1076 2299 ignoro
1126 2229 1243 2285 sinimur
1257 2229 1394 2300 ambigere
1410 2229 1446 2283 sil
1462 2244 1496 2284 ne
1510 2236 1604 2285 sancta
1620 2229 1687 2284 Sion
1701 2239 1758 2300 post
1768 2248 1871 2292 ercosuu

280 2319 367 2375 ὓειιιιι
390 2334 525 2375 summam
541 2321 712 2392 quantolibet
731 2321 864 2391 maiorem
877 2337 926 2377 seu
941 2319 1075 2375 minorem
1125 2319 1190 2377 auae
1204 2322 1316 2392 majoris
1329 2323 1504 2387 excellentiae,
1519 2337 1581 2378 cum
1597 2321 1681 2396 [enirn
1693 2325 1738 2396 ini.
1750 2328 1834 2402 etiami]
1845 2333 1871 2387 biv

280 2427 393 2468 creasse
402 2419 550 2483 potentem.
565 2411 618 2468 Sed
630 2413 698 2478 hec,
710 2414 869 2476 dividetur,
881 2412 984 2484 placuit
995 2429 1003 2478 ;
1015 2426 1076 2482 quae
1125 2412 1187 2483 ejus
1203 2427 1299 2478 unum,
1315 2414 1370 2468 imo
1385 2429 1534 2478 summurn,
1551 2417 1645 2482 idest,
1662 2425 1740 2488 ceput
1752 2421 1821 2476 totim
1831 2439 1870 2478 ror·

280 2508 390 2560 tumore
403 2505 513 2560 sublato
524 2502 616 2559 iutura
632 2504 694 2567 init,
715 2505 767 2562 nisi
784 2504 857 2561 iorte
870 2503 944 2577 quod
958 2517 1076 2560 numero
1126 2503 1202 2576 peris
1226 2504 1383 2560 norerimus
1407 2502 1576 2561 Salvatorcm
1599 2513 1724 2562 nostrum
1745 2507 1829 2572 iesum.
1844 2527 1872 2568 sc·

278 2602 325 2650 est
342 2595 513 2662 istotorum,
527 2596 626 2650 merito
639 2603 683 2652 est
696 2597 878 2667 supplendum
890 2616 897 2651 ε
909 2611 974 2650 narn
985 2602 1076 2666 potest
1126 2595 1247 2650 cundum
1269 2595 1392 2666 reginam
1414 2598 1585 2667 angelorum,
1601 2607 1715 2656 matrem
1729 2601 1829 2670 eiusdem
1845 2605 1871 2658 in

279 2703 343 2745 esse
356 2695 386 2743 ut
395 2689 541 2744 multitudo
552 2689 589 2745 sit
597 2690 721 2761 paucior,
743 2705 794 2760 par
803 2698 895 2746 tamen
906 2690 1014 2753 merito,
1028 2693 1076 2742 aut
1125 2693 1286 2744 temeratam
1303 2686 1415 2742 lilariarn
1430 2690 1562 2761 virginem
1575 2689 1661 2763 (lit).
1679 2691 1759 2749 llater
1771 2695 1871 2768 remisis-

279 2785 366 2837 etlam
379 2781 479 2853 major.
1127 2778 1177 2852 ut]
1205 2785 1280 2833 tanta
1302 2778 1469 2836 iecundrtate
1487 2782 1626 2849 decorata,
1657 2791 1784 2857 tontmque
1801 2788 1871 2845 solcis
1928 2779 1929 2788 ³

570 2872 686 2930 CAPUT
705 2873 786 2930 xvii.
1126 2871 1214 2944 pretio
1228 2871 1377 2942 redempta,
1389 2873 1442 2928 nisi
1455 2872 1639 2946 Redemptore
1653 2879 1776 2948 eguisset,
1789 2880 1871 2936 lumim-

281 2961 1073 3038 doqeiorerrooit,etltomo,qaistetimprrresnrpitaopelo.
1125 2963 1205 3018 ribus
1220 2963 1263 3020 bis
1277 2970 1407 3034 tarrquam
1423 2966 1481 3021 sole
1494 2974 1522 3022 ct
1545 2968 1608 3023 luna
1623 2969 1752 3024 irradiata
1771 2987 1815 3027 non
1826 2971 1870 3028 iulo

314 3051 383 3106 Nam
404 3055 428 3108 si
441 3055 531 3124 angeli
547 3070 601 3109 non
626 3054 752 3110 lvoavnnes
766 3054 959 3121 oliendisscnt,
974 3055 1076 3109 caden-
1127 3062 1179 3120 set,
1193 3062 1274 3127 atque
1290 3057 1351 3114 ideo
1365 3059 1418 3115 nisi
1438 3071 1551 3130 peccato
1567 3059 1734 3128 inficeretur,
1749 3069 1822 3121 merari
1835 3083 1870 3124 nor

278 3142 347 3200 tium
363 3151 469 3201 stantes
486 3144 545 3200 loco
559 3146 654 3216 utique
668 3147 814 3216 replerent.
838 3146 872 3200 Et
891 3148 915 3203 si
931 3147 969 3200 ita
985 3146 1076 3216 place·
1126 3163 1219 3220 egens,
1236 3151 1316 3222 longe
1331 3151 1445 3207 inierior
1458 3154 1588 3209 existeret
1603 3155 1693 3212 salute
1706 3165 1870 3229 serv-amquam

277 3241 322 3292 ret
335 3233 402 3297 ileo,
418 3237 517 3291 nterito
534 3238 665 3292 virtutum
682 3239 753 3310 perti
770 3239 881 3310 utrique
894 3237 1071 3310 prorogandi,
1086 3211 1107 3269 c
1124 3255 1198 3295 nunc
1213 3243 1350 3296 restituta.

278 3314 367 3385 sinen
379 3343 505 3392 numero,
520 3319 749 3400 velpretio'totam
759 3332 928 3403 equiparent
938 3345 1071 3387 summam
1156 3331 1212 3389 Nec
1223 3335 1310 3390 solum
1325 3335 1424 3391 ciritas
1438 3337 1483 3390 illa
1499 3337 1527 3392 io
1543 3354 1573 3395 se
1587 3339 1722 3397 illustrius
1733 3343 1799 3404 nitet,
1810 3343 1870 3398 sedet

276 3420 353 3475 illam
368 3435 432 3491 qua*
447 3418 651 3479 leborniuibus
665 3430 725 3478 crat
740 3422 911 3494 colligenda,
926 3429 955 3476 et
968 3420 1073 3491 angelis
1122 3425 1196 3481 ciues
1222 3427 1385 3485 illustriores
1413 3431 1528 3488 obtinet.
1561 3431 1684 3506 b'amquc
1707 3451 1801 3507 semper
1819 3437 1869 3506 virga

277 3512 334 3568 iilis
344 3515 391 3583 qui
401 3523 562 3568 erraverunt
572 3516 596 3568 si
606 3515 907 3571 minimeerravissent.
922 3511 975 3569 Sed
986 3513 1073 3568 etlto-
1123 3515 1224 3582 bieria,
1249 3517 1321 3573 lacte
1348 3527 1435 3577 voster
1461 3521 1628 3590 Salvatoris,
1656 3527 1725 3582 ultre
1748 3543 1814 3598 quarn
1834 3529 1868 3582 dici

277 3603 368 3657 mines
383 3610 556 3659 errorerunt.
572 3603 675 3659 ilerum
690 3603 723 3658 de
737 3611 973 3674 errorequotquot
986 3602 1073 3658 voluit
1121 3615 1213 3680 queat,
1235 3611 1330 3667 crevit.
1355 3610 1451 3670 Nonne
1473 3631 1539 3687 ergo
1561 3625 1588 3672 et
1612 3619 1701 3675 suncti
1727 3617 1869 3674 inclinans

276 3691 438 3764 Redemptor
452 3695 569 3765 eripuit;
584 3703 742 3766 ereptorum
749 3703 840 3752 autem
852 3710 986 3751 summam
997 3709 1072 3749 sum·
1122 3699 1223 3758 Cirisli
1239 3702 1367 3759 similiter
1381 3710 1527 3762 crescunt?
1542 3709 1643 3781 Utique
1660 3719 1789 3778 crescunt,
1801 3711 1836 3766 sel
1850 3721 1868 3764 ιι

276 3801 328 3840 ntae
344 3786 426 3840 niodo
438 3786 584 3843 vlletaenon
598 3788 686 3843 solum
698 3789 827 3860 aequavit,
844 3790 899 3843 imo
912 3788 1073 3857 etianvptse·
1121 3799 1209 3850 mater
1228 3794 1351 3866 ipsastut
1376 3795 1475 3856 iratres
1494 3799 1557 3870 ipsi.
1580 3801 1723 3869 Quomodo
1742 3813 1767 3859 ot
1788 3801 1868 3858 lraursi
1929 3823 1930 3834 ι

275 3873 317 3927 tul
332 3882 354 3935 t.
370 3874 434 3930 lieet
445 3874 515 3932 ‘orte
532 3893 587 3932 non
602 3879 720 3948 paritate
734 3879 851 3942 ailmeri,
866 3886 894 3934 at
908 3888 1072 3934 transcensu
1121 3891 1213 3940 uirum
1227 3887 1287 3942 solo
1300 3887 1425 3946 bonore?
1439 3890 1527 3947 bonor
1542 3894 1688 3965 veroquid
1703 3903 1743 3952 est
1760 3897 1803 3951 nisi
1815 3895 1867 3950 raai-

275 3962 377 4019 meciti.
406 3961 434 4018 Si
450 3965 521 4020 enim
534 3967 642 4035 sancti,
659 3969 762 4039 angelis
784 3969 867 4024 etiam
890 3968 1069 4033 confirmatis,
1121 3985 1164 4034 tas
1179 3980 1282 4051 alisque
1296 3982 1396 4037 comite
1411 3984 1544 4040 utilitate?
1559 3985 1621 4041 laeti
1643 3989 1726 4059 igitur
1738 3989 1867 4044 ridenturcl

275 4064 349 4120 serrat,
366 4063 396 4111 nt
410 4066 498 4123 arurrt,
515 4059 543 4114 in
564 4064 770 4132 regeneratione
786 4063 965 4134 parificandi:
981 4064 1070 4135 angeli
1121 4073 1218 4127 merito
1232 4074 1371 4138 meliores,
1386 4082 1414 4132 et
1434 4075 1519 4133 fratre
1536 4077 1589 4134 beo
1610 4079 1761 4152 digniores;
1775 4081 1867 4136 nimirum

275 4163 350 4213 vcro,
367 4157 397 4204 ιιι
409 4153 478 4206 ratio
489 4152 606 4221 videtur,
619 4154 858 4226 reliqniseletione
871 4157 990 4221 loedatis,
1003 4167 1071 4227 quo·
1122 4161 1234 4220 lratrem
1259 4181 1288 4221 sc
1301 4165 1458 4222 declarabat
1477 4167 1542 4224 dum
1557 4169 1629 4225 Patri
1656 4172 1690 4228 de
1713 4171 1822 4226 iratribus
1837 4185 1868 4240 ps

274 4241 348 4297 teiam
369 4244 522 4314 exemplum
545 4247 656 4302 malitie
670 4256 877 4312 recusaverunt,
893 4257 949 4304 tam
963 4263 1071 4306 merue·
1120 4245 1284 4321 Prophetam
1305 4253 1396 4309 aiebat
1411 4274 1417 4309 :
1432 4252 1558 4312 Narrabo
1578 4275 1673 4316 nomen
1689 4269 1758 4314 taam
1775 4259 1866 4330 fretrlin

276 4340 343 4387 rrrnt
357 4344 468 4405 propter
481 4345 582 4392 statum
597 4339 703 4410 augeri,
719 4355 801 4410 qnam
816 4340 892 4395 illum
904 4347 1070 4411 propterca·
1121 4343 1185 4397 meir
1201 4341 1287 4414 (Psoi.
1305 4361 1362 4410 xm,
1377 4345 1434 4417 23).

274 4437 334 4476 sum
350 4423 436 4480 minui
452 4424 515 4495 (boc
525 4427 649 4498 proiecto
660 4430 773 4485 carituri
786 4441 931 4500 augmento
942 4431 999 4497 isti,
1016 4431 1070 4488 nisi
1154 4433 1251 4490 llrlbuc
1264 4436 1390 4507 perede
1404 4455 1503 4495 noram
1525 4443 1592 4498 mibi
1606 4445 1726 4502 crevisse
1737 4441 1866 4500 videturie

272 4511 454 4584 deliquissent
465 4517 526 4591 illi),
536 4519 650 4576 drvbium
665 4537 721 4576 non
733 4529 776 4578 est
786 4523 852 4594 quin
864 4524 943 4595 longe
958 4525 1070 4580 immeo·
1084 4559 1106 4616 D
1121 4539 1176 4589 mo,
1192 4527 1256 4581 dum
1272 4528 1390 4587 bominis
1404 4532 1537 4604 originem
1550 4543 1578 4590 ει
1590 4537 1679 4608 angeli
1691 4535 1798 4592 attendo.
1810 4534 1866 4588 Pone

273 4604 357 4661 sioris
371 4608 461 4662 meriti
473 4609 529 4664 sint
543 4610 667 4668 immines
683 4612 779 4678 iuturi,
794 4629 875 4685 qnam
884 4615 974 4686 angeli
983 4617 1069 4671 exsti·
1121 4618 1268 4672 musenim
1284 4623 1431 4693 utrumque
1446 4639 1571 4682 servasse
1584 4629 1656 4698 quod
1672 4627 1755 4686 iectus
1766 4624 1865 4684 mimici

271 4696 382 4758 tissent,
394 4699 418 4754 si
430 4701 499 4755 narlli
509 4703 689 4760 corruissent.
704 4703 800 4776 Angeli
813 4706 1066 4777 qnippejamtaoti,
1120 4709 1232 4780 angelus
1252 4727 1334 4782 quam
1357 4716 1449 4780 modo,
1464 4724 1496 4770 ut
1507 4718 1610 4775 dictum
1631 4729 1683 4786 est,
1701 4723 1819 4778 inseritur
1832 4718 1862 4772 ni

270 4795 300 4844 ct
311 4788 436 4847 bomioes
450 4793 479 4847 in
495 4791 600 4858 loturo,
614 4804 645 4851 nt
667 4797 770 4853 dictum
786 4805 840 4862 cst,
853 4799 908 4854 sibi
921 4809 1068 4870 sperantur
1118 4815 1180 4864 nor,
1196 4817 1246 4858 nec
1260 4802 1339 4862 decet
1355 4813 1386 4860 ut
1400 4807 1482 4863 bonno
1496 4811 1592 4883 angelo
1604 4813 1641 4869 sit
1655 4813 1739 4885 major
1749 4835 1755 4869 :
1765 4809 1864 4886 quodni

270 4880 434 4950 eamqvamcs.
451 4880 543 4948 Quare
554 4884 566 4937 ¹?
577 4886 642 4955 quia
661 4893 690 4941 et
701 4887 826 4944 immines
838 4904 888 4944 sna
901 4889 981 4959 culpe
996 4889 1067 4946 riam
1118 4906 1172 4960 que
1185 4899 1260 4963 patet
1273 4896 1370 4966 modo,
1386 4899 1419 4956 od
1434 4902 1497 4972 plus
1511 4904 1584 4960 enim
1600 4905 1709 4963 nonnisi
1729 4922 1773 4979 par
1784 4913 1817 4961 est
1832 4917 1863 4956 ae

268 4967 385 5037 justitie
394 4972 586 5040 deseruerunt,
598 4977 646 5034 sed
657 4976 706 5034 liei
716 4980 804 5050 gratia
818 4981 942 5045 reduces,
953 4981 1009 5051 jam
1020 4997 1067 5038 ex·
1118 4983 1188 5052 gelo,
1204 4988 1299 5056 procul
1313 4988 1398 5047 dubio
1412 4995 1508 5065 angelo
1520 5001 1550 5050 ul
1563 4999 1678 5054 multum
1692 4998 1822 5070 equabitur
1832 4995 1863 5048 bo

270 5062 342 5130 perti
353 5062 489 5133 jactrrmm
504 5066 585 5138 longe
606 5070 729 5127 vivacius
752 5070 846 5128 iorsan
871 5073 1064 5144 arripuerunt:
1117 5089 1172 5139 mo,
1187 5082 1215 5130 ct
1230 5078 1321 5136 minor
1341 5086 1484 5154 apparebit
1503 5103 1586 5159 qnam
1608 5091 1698 5149 modo.
1713 5091 1804 5148 Sicute
1819 5101 1863 5142 ron·

272 5149 405 5209 nimirum
417 5154 472 5212 nisi
487 5159 659 5228 praevaricati
672 5171 777 5229 essent,
792 5164 846 5236 81
862 5164 948 5222 inituri
961 5164 1066 5223 ielicio-
1117 5181 1207 5233 verso,
1223 5170 1246 5227 si
1270 5172 1407 5234 humanus
1429 5179 1543 5251 nomint,
1558 5184 1703 5242 miserante
1723 5183 1781 5250 ileo,
1798 5181 1862 5250 lapsu

270 5255 327 5307 res,
337 5261 412 5302 nunc
425 5258 515 5306 autern
526 5252 612 5309 nihile
621 5252 686 5310 lacti
696 5255 855 5314 deteriores.
871 5253 1066 5330 Transgressio
1116 5265 1232 5320 contulit
1246 5278 1433 5341 augmentum,
1448 5279 1476 5331 et
1489 5280 1603 5350 angelus
1617 5281 1761 5352 angelicum
1773 5285 1862 5334 mount

270 5348 337 5407 ergo
350 5338 489 5397 miseriam
505 5343 673 5416 importavit,
689 5347 877 5406 misericordis
900 5345 948 5408 liei
962 5353 1065 5409 sancti·
1116 5363 1194 5412 rante
1208 5356 1263 5416 ileo
1283 5363 1403 5422 crevisse
1417 5370 1594 5431 aestimandus
1615 5381 1657 5432 est
1669 5389 1717 5446 per
1734 5374 1829 5446 lapsnn.
1839 5379 1861 5422 ιι

271 5427 390 5484 moniam
406 5435 553 5504 reparavit,
570 5447 627 5501 aut,
643 5439 668 5496 si
688 5440 726 5495 ita
739 5436 813 5498 credi
827 5445 951 5513 oportet,
977 5445 1064 5500 auxit.
1116 5447 1139 5504 si
1155 5457 1261 5507 crescat
1283 5453 1366 5514 hemo
1378 5465 1406 5514 et
1426 5477 1482 5518 non
1496 5467 1620 5537 angelos,
1635 5469 1747 5526 emineat
1763 5455 1860 5522 bomo.d

270 5511 339 5572 liam
351 5519 430 5590 juata
444 5523 626 5595 Apostolum:
646 5530 738 5588 l'irtos
748 5533 776 5588 in
786 5533 945 5605 infirmitate
958 5529 1065 5608 perfici·
1115 5537 1217 5611 absque
1231 5551 1369 5604 cremento
1382 5563 1432 5622 par
1446 5564 1514 5612 erat.
1526 5555 1586 5616 lion
1600 5567 1689 5618 tamea
1703 5555 1858 5624 tamennon

270 5613 315 5660 dtr
328 5607 373 5683 (lt
387 5609 449 5670 cor.
466 5631 516 5677 xo,
532 5618 561 5690 9)
586 5619 659 5693 [rgo
672 5624 752 5693 quies
762 5625 832 5681 benc
846 5641 931 5697 agens
943 5636 1064 5684 merctur
1115 5627 1143 5683 in
1167 5633 1263 5704 angelo
1278 5645 1326 5692 aut
1349 5639 1471 5711 bomine,
1486 5645 1549 5704 lieet
1572 5665 1621 5722 per
1633 5650 1736 5722 culpam
1747 5637 1859 5703 accmmll

306 5717 331 5788 il
339 5721 381 5795 lb)
393 5723 428 5779 Ec
440 5727 530 5797 palma
550 5732 697 5799 gloriosior
716 5750 771 5790 non
786 5739 962 5795 consensisse
974 5747 1063 5796 tenta·
1114 5759 1139 5799 c.
1156 5743 1183 5802 d.

269 5790 339 5854 turn,
354 5809 436 5863 quam
450 5813 506 5853 noo
516 5803 640 5870 petuisse
653 5807 762 5861 tentari.
777 5806 854 5879 burg,
872 5823 880 5861 ι
895 5807 933 5865 lle
948 5807 1060 5878 Gener..
1150 5817 1223 5892 illl)
1242 5817 1362 5881 Consule
1375 5835 1466 5888 nous.
