3967 6334
90 422 144 479 tui
521 393 1021 478 sunr'anrnnunuinarocro.
1042 420 1287 477 -rnouocos
1667 426 1728 482 nne.

91 538 244 609 imputetur
264 538 337 608 qnod
360 538 405 594 his
432 537 625 610 delinquimus.
650 537 685 592 iit
707 538 803 609 quales
827 538 882 592 sint
897 545 919 598 Α
932 536 1070 601 dicantur,
1092 543 1118 592 ct
1132 552 1182 591 cor
1195 552 1292 593 omnes
1305 536 1542 607 dicanturangeli,
1558 546 1585 593 et
1599 550 1650 593 our
1662 552 1723 594 orn-

91 631 205 702 quando
224 645 240 685 a
263 630 328 697 beo,
343 638 370 687 ct
383 631 493 703 quando
507 647 572 696 uon,
595 631 643 688 sed
662 632 834 686 naturaliter.
850 628 884 684 Et
932 626 1139 683 nescredantur
1152 629 1240 687 niissi.

91 722 128 779 de
140 723 256 795 hisquae
268 724 432 780 naturaliter
445 724 586 779 nescimus
600 725 642 780 vel
656 723 811 795 nequimus.
968 719 1032 776 Car.
1048 720 1166 776 XXXIV.
1182 720 1254 788 Quot
1271 720 1428 792 angelornm
1447 721 1557 777 ordines
1576 720 1649 777 bens
1666 722 1724 778 dis-

127 812 195 869 Car.
220 813 292 869 XlX.
312 813 472 871 Ostenditur
494 815 578 871 etiarn
598 815 626 868 in
643 814 723 869 hellis
736 814 801 885 qnid
816 811 882 878 Deo,
932 813 1059 870 tinxerit.
1083 814 1116 868 Et
1143 815 1244 885 quihus
1259 814 1353 869 ciliciis
1374 829 1422 869 eos
1436 814 1581 879 addixerit,
1597 813 1724 886 posthoc

90 903 161 974 quid
173 904 278 959 homini
292 904 328 960 sit
340 905 540 975 imputandum,
557 907 681 976 exemplo
698 904 884 961 Romanorum
932 905 1043 959 dicitur.
1070 903 1103 959 Et
1124 904 1233 975 qrrando
1258 902 1345 960 ollicia
1366 910 1393 959 et
1411 910 1489 958 actus
1512 918 1608 959 corum
1630 918 1725 959 cessa·

90 997 140 1066 qui
153 993 264 1052 ludens
277 1004 464 1053 vastaverunt.
476 996 510 1052 Et
523 998 599 1068 quod
615 1014 710 1054 eorum
721 998 814 1069 passio
826 1014 883 1053 nun
932 997 1010 1052 bont.

90 1084 283 1142 Romanorum
298 1088 381 1154 actio,
395 1088 421 1143 ei
435 1088 547 1159 placuit.
967 1088 1034 1144 Cur.
1056 1086 1164 1143 XXXV.
1186 1087 1259 1154 Quot
1280 1086 1362 1143 etiarn
1381 1088 1436 1143 siut
1450 1085 1609 1158 augelorum
1624 1084 1722 1147 officia,

129 1176 197 1231 (lua.
219 1176 280 1233 XX.
303 1176 419 1233 Ponitur
439 1180 521 1234 etiam
536 1179 639 1233 malurn
654 1193 710 1234 non
723 1194 784 1235 esse
798 1179 828 1234 iu
840 1179 882 1234 ci·
932 1187 960 1236 et
982 1187 1050 1251 quot
1071 1195 1165 1236 eornrn
1181 1180 1303 1245 nornina,
1319 1178 1505 1249 subjungitur.
1521 1177 1554 1231 Et
1569 1192 1619 1232 cur
1632 1178 1725 1248 plura-

87 1265 180 1322 vitate
210 1266 263 1337 19
282 1268 357 1340 quod
376 1268 450 1325 heus
471 1283 528 1324 non
547 1267 652 1324 lecerit.
673 1266 794 1339 thuod
810 1270 883 1327 actio
933 1275 997 1328 liter
1019 1276 1218 1344 exprimantur.
1240 1270 1273 1325 Et
1291 1271 1357 1343 quid
1372 1286 1434 1325 cuni
1451 1270 1566 1341 plurale,
1580 1270 1646 1341 qnid
1661 1286 1725 1325 curn

89 1358 201 1429 injusta
210 1360 312 1414 malum
327 1369 380 1426 cst,
396 1377 447 1417 nec
471 1370 562 1417 tamen
576 1361 657 1417 aueo
670 1369 723 1417 est.
738 1361 817 1429 Quod
826 1379 883 1419 non
933 1364 1071 1435 singulare
1090 1362 1201 1429 dicitnr,
1217 1362 1396 1433 intelligatur.

87 1452 881 1524 esseiuconveuiensdiligentermonstraturetsuhtiliter.
969 1454 1034 1511 Car.
1066 1452 1185 1510 XXXVl.
1214 1452 1268 1520 Qui
1298 1456 1380 1509 etiarn
1403 1453 1493 1524 angeli
1523 1454 1667 1509 mittantur
1690 1454 1725 1509 ad

127 1540 195 1596 Cir.
220 1541 290 1599 iiiii.
317 1542 456 1614 Sequitur,
480 1560 542 1599 cum
569 1543 641 1601 Deus
658 1544 748 1610 cedat,
764 1561 883 1617 quorum
933 1550 1165 1613 annuntiandum,
1181 1558 1208 1605 et
1225 1551 1272 1621 qui
1286 1550 1320 1605 ad
1331 1550 1476 1621 agendum,
1486 1550 1597 1608 dicitur.
1609 1550 1643 1605 in
1653 1566 1724 1623 quo·

88 1634 252 1690 ministerio
272 1642 374 1691 utatur.
392 1636 427 1691 Et
438 1637 512 1707 quod
527 1646 655 1709 operetur
666 1645 722 1693 ῑιιιιι
736 1654 786 1709 per
796 1639 883 1695 honos
932 1642 1057 1697 modoet
1078 1642 1150 1699 unde
1164 1642 1292 1698 dicantur
1305 1644 1403 1714 angeli.
1420 1642 1454 1696 Et
1467 1642 1514 1714 qui
1530 1650 1594 1699 sunt
1609 1643 1726 1699 archan-

86 1738 176 1793 quarn
189 1740 239 1794 per
253 1726 341 1781 malos
353 1726 505 1792 ministros,
521 1736 549 1783 et
562 1729 708 1797 quomodo.
724 1728 883 1800 thuorum
933 1736 996 1806 geli.
1020 1734 1054 1789 Et
1065 1735 1148 1807 gquod
1168 1736 1272 1807 plnres,
1289 1750 1372 1806 quam
1387 1743 1453 1800 tres,
1465 1733 1592 1791 dicantur
1606 1736 1725 1791 arenan-

86 1815 879 1890 ministeriobouae,qrrorurumalaetransleranturanirnae.
933 1827 998 1898 geli.

125 1907 194 1965 Cur.
217 1909 300 1966 XXll.
327 1910 517 1968 Subscribitur
537 1913 674 1983 quomodo
696 1913 833 1971 daemones
854 1904 920 1969 inll
969 1920 1025 1990 20
1039 1918 1104 1975 Gir.
1119 1917 1251 1975 XXXVll.
1266 1918 1364 1975 ordini
1373 1932 1483 1990 quoque
1497 1918 1728 1990 archangelorum

87 2016 159 2057 ³⁰0⁵
181 2003 304 2059 saeuiuul·
324 2002 358 2057 Εῑ
377 2004 514 2075 quomodo
533 2004 568 2059 ud
591 2004 678 2062 bunos
699 2020 729 2061 se
753 2005 881 2061 habeant·
934 2012 1015 2071 subdi
1029 2013 1155 2068 ordinem
1169 2013 1327 2084 angelorum
1343 2011 1455 2067 dicitur.
1469 2010 1587 2083 Eiquod
1601 2008 1727 2082 qnando·

85 2090 123 2145 Et
145 2108 198 2147 cur
214 2093 287 2150 Dens
302 2095 451 2165 permittat,
476 2102 508 2150 ut
528 2111 576 2151 eos
593 2096 758 2168 quandoque
773 2095 882 2152 laedant.
934 2118 987 2174 que
1000 2102 1110 2173 propria
1122 2102 1224 2157 habent
1234 2100 1332 2159 officia.
1348 2100 1380 2157 lh
1395 2100 1543 2171 quomodo,
1556 2106 1584 2155 et
1597 2099 1632 2155 de
1646 2105 1726 2155 cate-

124 2184 194 2240 (λιι.
207 2183 300 2241 XXlll.
310 2186 475 2243 Annectitur
486 2188 568 2243 etiarn
580 2188 719 2259 principes
729 2189 883 2265 demonum
934 2193 974 2249 ris
987 2191 1054 2263 quid
1065 2197 1157 2263 agant.

87 2277 227 2333 satellites
247 2294 324 2345 suos,
348 2287 376 2335 et
396 2280 481 2337 Deum
494 2280 605 2336 eosdem
628 2281 746 2337 mittere.
767 2280 802 2336 Et
816 2296 884 2353 quo
967 2286 1033 2342 Cia.
1049 2283 1192 2339 XXXVlll.
1207 2282 1273 2351 Quae
1289 2282 1486 2349 sintvirtutes,
1504 2281 1726 2354 etquodeurum

87 2370 185 2425 ιιιοᾱο.
209 2368 244 2425 Et
264 2382 357 2427 utrum
380 2373 489 2444 possint
504 2383 622 2429 mortem
644 2372 776 2445 indigere,
794 2381 821 2429 et
834 2389 883 2429 cu·
934 2375 1129 2433 ministerium.

86 2461 215 2531 jusmodi
236 2464 409 2521 incommoda
427 2464 558 2521 inierant.
573 2464 606 2520 Et
626 2480 661 2520 ne
681 2476 815 2535 quantum
835 2480 884 2519 vo·
971 2465 1036 2523 Car.
1054 2464 1173 2522 XXXlX.
1188 2464 1368 2532 Postestates,
1382 2473 1411 2522 et
1425 2480 1475 2521 cur
1487 2465 1544 2521 sint
1557 2464 1730 2531 constitutae,

88 2552 152 2608 lunt
182 2563 312 2620 noceant,
337 2555 435 2610 crebro
463 2554 646 2611 interdicitur.
674 2552 707 2607 Et
731 2568 802 2625 quos
822 2560 883 2608 tor·
934 2557 1045 2614 dicitur.

88 2653 199 2715 queant
211 2647 276 2701 mali
286 2647 387 2719 angeli,
400 2647 575 2703 ethomines.
588 2645 622 2701 Et
632 2646 706 2718 quod
716 2644 783 2701 honi
793 2646 882 2716 angeli
969 2648 1033 2705 Can.
1056 2646 1112 2703 XL.
1136 2646 1297 2707 Ostenditur
1315 2655 1342 2704 et
1359 2662 1445 2718 quare
1461 2655 1607 2703 revocatur
1619 2646 1729 2717 princi·.

89 2740 183 2795 malos
208 2740 335 2797 homiues
354 2747 512 2812 torqueant,
534 2739 679 2809 reperitur.
694 2738 728 2793 Et
740 2739 814 2811 quod
828 2754 883 2795 non
934 2746 1027 2811 patus.

89 2846 206 2902 semper
217 2847 234 2885 a
244 2832 372 2891 ministro
384 2838 528 2904 torquetur
541 2831 633 2887 homo.
966 2829 1031 2885 Cir.
1046 2828 1115 2884 XLl.
1126 2828 1193 2898 Quae
1203 2830 1258 2887 sint
1272 2830 1487 2901 dominationes
1502 2840 1529 2888 et
1541 2833 1644 2905 qudius
1655 2850 1729 2906 proes

125 2920 195 2978 Gar.
213 2920 308 2978 XXIV.
329 2921 498 2994 Suppunitur
516 2922 618 2993 quibus
638 2920 776 2976 decausis
788 2919 883 2992 llagel-
934 2922 1001 2987 sint,
1023 2921 1135 2977 dicitur.
1155 2921 1189 2976 Et
1212 2922 1314 2995 quibus
1332 2930 1360 2980 et
1374 2924 1585 2996 principatuset
1598 2925 1726 2982 domina-

89 3012 150 3068 lum
172 3012 224 3072 bei
237 3015 337 3072 veniat.
351 2999 393 3071 'in
410 3016 434 3071 si
456 3015 566 3086 quando
587 3013 725 3079 creuerit,
743 3014 845 3069 honum
867 3030 885 3069 a
934 3015 1035 3070 tiones.

88 3106 166 3161 bono
186 3104 326 3162 hominem
345 3106 443 3180 angelo
465 3107 548 3172 caudi,
573 3120 629 3176 qua
649 3104 755 3159 ratione
776 3102 834 3160 hat.
849 3102 884 3158 Et
970 3106 1035 3164 Cur.
1048 3103 1128 3161 XLll.
1142 3105 1249 3163 Dicitur
1261 3106 1344 3163 etiam
1359 3107 1407 3178 qni
1421 3106 1477 3163 sint
1492 3107 1596 3173 throni,
1611 3118 1640 3165 et
1652 3108 1726 3179 quod

88 3196 235 3269 quemme
248 3196 391 3252 animabus
405 3196 519 3267 praesint
532 3194 633 3265 augeli,
644 3200 672 3250 et
687 3192 791 3264 reguis.
936 3211 1033 3254 eornm
1048 3196 1177 3254 officinm.

123 3287 194 3345 Cir.
214 3286 298 3343 XXV.
320 3286 470 3358 Subjicitur
490 3286 649 3342 llichaelem
671 3286 719 3356 qui
734 3283 824 3340 luerat
835 3282 884 3338 lu·
971 3287 1036 3343 Cur.
1053 3286 1142 3342 Xhlll.
1159 3286 1303 3355 Quomodo
1313 3287 1395 3344 etiarn
1410 3288 1545 3344 cherubin
1555 3296 1581 3345 ct
1596 3289 1727 3359 seraphin

86 3379 217 3435 danorum
228 3388 334 3447 custos,
347 3382 381 3437 ad
396 3397 448 3439 nos
459 3382 604 3454 migrasse,
616 3397 679 3437 cum
694 3381 749 3437 illis
763 3396 833 3452 quos
845 3379 885 3435 ihi
935 3378 992 3435 lieo
1012 3385 1113 3445 astent,
1130 3386 1312 3435 monstratur.
1327 3377 1360 3433 Et
1380 3378 1447 3449 quid
1461 3379 1613 3437 secundum
1624 3378 1727 3453 lliony-

87 3471 276 3529 custodicbat.
301 3471 336 3527 Et
355 3472 428 3544 quod
449 3474 575 3530 similiter
589 3473 705 3545 singulis
724 3474 816 3545 reguis
827 3473 886 3529 sin·
935 3472 1018 3536 sium,
1033 3470 1141 3543 etquid
1156 3470 1309 3527 secundum
1323 3469 1462 3526 Danielem
1478 3477 1505 3527 et
1519 3470 1678 3541 Apostolum
1691 3470 1728 3527 de

87 3562 148 3634 guli
164 3561 332 3633 deputantur
350 3563 449 3633 angeli.
468 3562 502 3617 iit
515 3563 652 3634 quomodo
666 3564 696 3618 iu
709 3563 812 3618 mutuis
825 3576 885 3617 cer·
935 3563 976 3619 eis
989 3564 1134 3620 sentiatur.
1199 3609 1202 3615 ,

86 3654 246 3709 taminihus
260 3654 427 3710 sehabeant.
970 3656 1035 3713 Cur.
1057 3653 1149 3710 XLlV.
1174 3654 1212 3711 lle
1231 3654 1458 3727 interpretatione
1480 3654 1564 3710 etiam
1583 3653 1732 3719 nominum

125 3744 196 3802 Cir.
217 3744 312 3802 XXVl.
335 3745 454 3803 Additur
466 3745 632 3818 Raphaelem
648 3747 760 3803 morbos
774 3761 883 3812 curare,
935 3750 1069 3807 cherubin
1092 3755 1120 3805 et
1144 3748 1272 3820 seraphin
1286 3747 1415 3819 ponitur.
1438 3745 1473 3801 Et
1488 3745 1626 3818 quomodo
1647 3745 1728 3817 juata

87 3838 167 3909 quod
189 3838 345 3894 ostenditur
365 3854 414 3910 per
436 3836 550 3894 'lobiam
581 3845 609 3895 et
628 3839 828 3895 centurionem·
851 3836 886 3892 Et
934 3844 1077 3902 nominum
1088 3842 1350 3913 interpretationem,
1361 3841 1491 3897 humanis
1500 3840 1727 3913 invigilentcom-

87 3930 168 4002 qood
192 3930 374 4001 archangelus
393 3938 423 3987 ut
446 3931 537 3987 caeteri
551 3930 616 3995 duo,
631 3929 684 3986 sub
696 3928 886 4000 quoprincipe
936 3935 1037 3991 modis,

85 4024 228 4094 estcopia
241 4023 421 4079 medicorum.
968 4028 1035 4085 Gir.
1057 4024 1137 4081 XLV.
1160 4024 1183 4079 Α
1205 4038 1303 4081 novem
1324 4024 1406 4080 etiam
1429 4023 1728 4089 ordinibusdaemones

125 4114 196 4170 Car.
221 4111 329 4169 XXVll.
348 4112 383 4169 Et
402 4113 503 4184 quihus
521 4115 614 4184 praesit
631 4112 740 4169 Gabriel
754 4129 817 4169 cum
834 4127 886 4169 suo
936 4118 1086 4185 annuisse,
1108 4116 1211 4173 dicitur
1230 4130 1287 4173 uon
1308 4131 1372 4173 csse
1391 4115 1542 4173 absurdum
1555 4115 1677 4172 credere.
1693 4114 1729 4171 Et

86 4207 230 4263 exercitu.
936 4209 1009 4281 quod
1023 4223 1121 4265 novem
1134 4215 1198 4264 sunt
1211 4207 1358 4278 spirituum
1371 4206 1556 4269 diversitates.

128 4296 337 4357 cin.xxvti1.
358 4298 393 4354 Et
413 4298 487 4371 quod
502 4297 627 4355 llichaeli
641 4298 741 4370 legatio
752 4299 887 4372 expiatio-
968 4302 1041 4359 ,Can
1065 4300 1157 4357 XLVl.
1174 4299 1345 4373 „ostenditur
1366 4299 1450 4356 etiam
1474 4304 1570 4369 postea
1592 4298 1729 4370 malignos

88 4409 164 4449 num
177 4392 325 4448 commissa
338 4399 391 4448 est·
937 4396 1052 4469 spiritus
1073 4395 1197 4467 singulos
1217 4393 1276 4449 suis
1291 4392 1320 4447 iu
1340 4393 1484 4449 ordinibus
1495 4391 1612 4465 principi
1626 4390 1729 4448 daemo·

127 4484 197 4541 Cir.
212 4482 308 4540 XXlX.
324 4482 357 4540 ia
370 4483 444 4554 quod
456 4500 538 4540 suurn
554 4489 597 4539 est
609 4484 716 4540 animas
728 4492 887 4539 sauctorum
936 4488 1047 4545 ntorum
1067 4486 1223 4553 deservire,
1250 4482 1385 4557 quosdam
1407 4490 1436 4539 ut
1451 4486 1574 4555 angelos,
1593 4482 1729 4555 quosdam

86 4578 250 4651 producere
269 4576 299 4631 in
331 4576 498 4647 paradisum.
522 4574 557 4629 Et
576 4590 690 4631 suorum
715 4590 812 4647 preces
830 4573 887 4631 Deo
902 4587 969 4655 put
991 4578 1182 4651 archangelos,
1202 4578 1271 4634 alins
1286 4584 1316 4631 ut
1330 4576 1457 4642 virtutes,
1479 4577 1548 4633 alius
1561 4586 1592 4632 ut
1606 4582 1730 4648 potesta-¹

85 4669 258 4742 perducere,
281 4668 354 4723 sient
373 4674 401 4723 et
425 4668 471 4721 nii
490 4667 591 4738 siusuli
605 4683 718 4723 suorum
734 4667 884 4739 pertonant.
936 4678 988 4738 tes,
1012 4670 1081 4726 aiios
1102 4676 1132 4724 nt
1146 4669 1319 4741 principatus
1336 4675 1364 4724 n
1379 4666 1592 4733 dominationes,
1614 4668 1684 4725 aiios
1697 4674 1730 4723 ut

126 4762 197 4817 Car.
223 4759 308 4816 XXX.
333 4759 434 4816 Omnes
450 4760 532 4815 etiam
547 4759 615 4815 alios
631 4760 719 4816 bonos
733 4760 844 4832 angelos
858 4760 886 4815 iu
936 4764 1063 4831 thronos,
1088 4762 1222 4833 quosdam
1248 4770 1278 4817 ut
1299 4760 1443 4825 cherubin,
1459 4761 1594 4832 quosdam
1609 4768 1639 4815 ut
1653 4774 1730 4818 seran

86 4854 214 4925 negotiis
226 4853 369 4911 hominum
386 4852 441 4908 lieo
453 4852 555 4909 servire
569 4858 748 4909 monstratur.
937 4856 1014 4928 phin.
1030 4854 1065 4910 Et
1083 4854 1222 4911 oenones
1235 4862 1276 4910 tot
1288 4852 1377 4909 modis
1391 4860 1544 4918 nocerent
1557 4852 1613 4919 rix,
1625 4854 1668 4909 vel
1678 4854 1730 4907 ime

127 4946 199 5002 Cra.
218 4943 314 5000 XXXl.
339 4943 416 5011 Quos
438 4943 669 5015 quoqueordines
690 4944 833 5000 cherubim
854 4959 887 4999 ac
936 4947 1068 5019 possibile
1081 4948 1117 5001 sit
1131 4961 1229 5003 novem
1246 4944 1349 5001 includi
1363 4942 1464 5001 rnodis.

85 5038 229 5109 seraphin
251 5037 355 5093 dicitur
381 5038 551 5094 ministrare.
574 5036 608 5091 Et
627 5036 701 5108 quod
715 5037 822 5109 opinari
837 5053 889 5108 po-
973 5038 1039 5095 Cir.
1053 5035 1157 5093 XLVll.
1171 5036 1250 5093 Unde
1266 5037 1349 5093 etiam
1365 5050 1465 5092 norem
1480 5034 1592 5091 ordines
1607 5028 1732 5104 sumpse

78 5134 152 5189 test
164 5145 201 5185 ex
216 5130 360 5183 nominum
372 5129 606 5198 interpretatione,
615 5144 710 5185 eorum
718 5130 889 5186 immissione
938 5137 1004 5186 runt
1017 5129 1150 5186 vocabula
1163 5128 1273 5184 dicitur.
1289 5126 1324 5183 Et
1331 5135 1398 5198 quot
1410 5124 1501 5181 modis
1516 5124 1641 5181 homines
1655 5122 1731 5194 adju-

83 5223 200 5280 rubum
214 5220 327 5285 arsisse,
342 5227 370 5275 et
380 5221 506 5278 civitates
519 5222 580 5278 illas
592 5224 716 5294 periisse.
937 5231 1049 5290 uantur,
1060 5222 1279 5288 veldeludantur,
1292 5220 1406 5277 totidem
1418 5218 1574 5275 serenandis
1589 5225 1637 5273 aut
1655 5215 1731 5288 adju-

128 5314 199 5371 Cur.
215 5312 324 5369 XXXll.
337 5312 415 5380 Quod
429 5314 463 5370 de
472 5313 615 5372 Ezechiele
626 5316 773 5386 conjicitur
788 5316 888 5371 cheru-
938 5308 1733 5383 vareantdeludere.EtcurlereappouiturAEtquodinten

81 5410 143 5466 liin
166 5405 265 5462 officiis
283 5406 445 5478 mancipari,
463 5408 620 5479 opponitur.
632 5408 665 5463 Et
677 5408 743 5480 quid
756 5409 839 5465 etiarn
853 5424 888 5465 eu
938 5411 1004 5467 dum
1015 5424 1076 5482 quae
1087 5410 1147 5466 sine
1160 5409 1284 5465 demone
1294 5406 1328 5461 ah
1341 5404 1501 5461 homiuibus
1510 5417 1639 5475 perverse
1650 5400 1729 5467 flunt,

81 5498 190 5555 verbis
206 5496 335 5570 Dionysii
355 5498 441 5554 datur
454 5499 580 5571 intelligi.
601 5499 635 5554 Et
655 5500 721 5571 quid
735 5499 807 5572 apud
821 5500 885 5556 Eue·
939 5494 1732 5573 sineeoetiancontingunt.Eiqnodcredipotesinteruaiu

80 5590 215 5648 chielem
228 5589 365 5647 cherubin
378 5590 470 5647 iaciat.
482 5590 516 5646 lit
530 5592 604 5679 qriod
618 5594 689 5665 apud
699 5592 799 5650 isaiam
812 5609 888 5651 sera-
939 5594 1129 5652 liberalitatem
1150 5609 1199 5666 per
1221 5608 1251 5649 se
1267 5589 1422 5663 corporalia
1443 5598 1640 5657 nonnunquam
1662 5596 1731 5640 con·

80 5685 164 5759 phin
176 5682 251 5740 delet
264 5683 448 5755 iniquitatem.
892 5740 906 5763 ,
939 5686 1013 5744 lerrc
1026 5684 1169 5743 beneficia.
1182 5684 1215 5740 iit
1227 5683 1300 5757 quod
1317 5682 1524 5755 aliquandoper
1533 5676 1668 5741 homines,
1685 5672 1733 5731 ali-

129 5776 199 5833 Grr.
216 5762 337 5831 XX'Xlll.
350 5774 416 5843 Qua
429 5778 512 5833 etiam
527 5777 582 5834 sint
597 5780 719 5835 omnium
732 5778 889 5835 communia
938 5778 1052 5851 quando
1073 5778 1134 5835 aliis
1155 5776 1255 5833 modis.
1277 5774 1310 5830 tir
1330 5774 1405 5846 quod
1427 5789 1443 5829 a
1464 5783 1630 5846 quoeunque
1649 5766 1733 5824 hoino

80 5869 223 5937 nomina,
244 5868 356 5925 dicitur.
380 5868 413 5924 iit
434 5870 506 5928 uude
528 5870 647 5945 Spiritus
665 5872 692 5930 e't
714 5872 787 5931 unde
800 5872 889 5945 angeli
937 5870 1051 5943 iuvatur
1066 5878 1114 5927 aut
1132 5875 1258 5938 vexatur,
1271 5865 1397 5927 minister
1417 5864 1464 5923 liei
1483 5866 1535 5921 est.
