3967 6334
246 275 316 330 laad

799 278 1098 336 succenturiatis
1122 279 1151 337 S.
1172 278 1321 336 lthNl’Sll

1723 287 1879 346 ,th

244 406 342 446 uanum
357 390 477 461 pontifex
492 392 726 452 claromontensis
742 392 923 470 (dirimamus),
937 395 979 450 vir
992 396 1039 450 lio·
1052 398 1076 453 A
1088 393 1209 460 lamitas,
1225 396 1372 451 recidiuam
1385 405 1508 469 reportat
1522 400 1580 470 regi
1589 399 1810 472 querimoniam.
1832 403 1882 468 Qut

243 492 329 541 nestae
342 487 413 552 vitm,
430 495 457 542 ct
470 488 600 546 defensor
613 490 743 551 Ecclesiae
753 487 885 560 'illustris
902 503 929 550 et
944 494 1038 566 pulsa·

243 584 287 634 tus
303 585 329 632 ct
343 578 440 648 pulsus
454 579 633 638 nivernorum
648 587 774 657 superbia
785 601 855 642 noua
871 593 897 642 et
913 585 1036 656 antiqua,

243 683 305 738 quac
321 669 362 726 eis
371 671 505 740 titulatur,

295 758 451 832 diuersique
467 767 526 819 crasi
543 765 635 822 Latios
651 787 678 824 se
689 771 787 841 firrpere
802 769 912 840 fratres,

243 851 277 906 ad
290 849 434 909 Dourinmn
447 871 537 926 regem
552 858 734 930 confugiens,
750 863 890 932 querelam
909 861 1039 916 Ecclesiae

241 946 446 1016 tacrymabilem
460 948 583 1019 deponit,
599 954 726 1009 comitem
740 954 935 1010 nivernensem
952 953 1039 1024 (Guil-

243 1033 369 1108 felmam)
408 1039 545 1097 civitatem
579 1059 751 1114 occupasse,
783 1047 926 1101 eeclesiam
974 1047 1039 1101 bea-

242 1140 276 1194 1ae
300 1125 392 1183 llariae
421 1131 604 1200 episcopalem
626 1132 723 1190 decani
750 1136 792 1191 sui
819 1136 915 1191 fraude
949 1138 1036 1190 multa

1088 502 1118 543 se
1132 501 1211 542 casso
1223 487 1389 544 laboreadeo
1402 489 1578 562 defatigatum
1591 494 1761 566 dedignans,
1771 495 1884 552 collecto

1088 577 1178 648 primo
1198 579 1285 635 multo
1298 580 1402 650 majore
1420 585 1542 638 exercitu
1555 593 1659 640 terram
1674 588 1779 658 repetit
1791 587 1883 644 aner·

1087 686 1187 727 uorum
1201 671 1285 745 (551).
1299 672 1413 744 lamque
1426 676 1518 744 gravis
1528 691 1645 747 corpore
1655 687 1684 734 et
1694 693 1809 733 carnea
1818 681 1885 748 spis·
1980 742 1981 759 3

1088 761 1218 819 situdinis
1232 764 1303 820 mole
1317 764 1497 834 ponderosus,
1518 783 1579 822 cum
1590 769 1664 823 allus
1677 769 1816 840 quislibet
1831 768 1886 841 [sl.
1980 772 1981 821 l

1088 855 1254 927 quamlibet]
1278 871 1381 926 pauper
1395 858 1477 912 etiam
1496 865 1572 912 tanta
1587 862 1715 932 corporis
1737 860 1886 931 puitutffl

1091 944 1144 1016 [ut.
1167 946 1340 1020 periculosa]
1358 947 1579 1004 incommoditate
1592 951 1719 1020 equitare
1736 966 1793 1006 nee
1810 953 1887 1008 redet

1088 1053 1140 1093 nee
1153 1045 1263 1108 posset,
1277 1037 1335 1109 ipse
1354 1047 1450 1094 contra
1472 1040 1621 1095 amicorum
1636 1041 1716 1113 (551)
1731 1041 1885 1097 dissuasio·

1089 1143 1151 1182 nem
1165 1129 1234 1183 arira
1247 1130 1419 1185 animositate
1439 1132 1604 1201 rapiebatur,
1615 1139 1644 1188 et
1652 1133 1731 1203 quod
1739 1132 1797 1203 ipsi
1807 1137 1887 1190 etia·

241 1219 386 1286 tyrannide
419 1221 578 1281 nnnnvisse.
614 1223 767 1284 Renitemie
803 1227 886 1282 etiam
922 1227 1040 1297 peditius
1087 1217 1369 1288 juvenesuorrecam,
1384 1222 1574 1279 estivoslnnii
1585 1233 1613 1280 et
1625 1223 1887 1296 tepescentem

241 1309 401 1378 provolutus
426 1311 582 1366 ancillatam
613 1311 764 1370 Ecclesiam
791 1315 970 1378 exancillari,
997 1321 1040 1386 ty·
1089 1313 1212 1378 calores,
1229 1314 1402 1383 impatientes
1416 1314 1539 1370 calorum
1553 1315 1674 1380 deridet,
1693 1331 1763 1372 eunr
1785 1321 1887 1390 szpias

240 1412 358 1454 rannum
391 1398 551 1456 effrenatum
579 1419 753 1474 corripesccre
784 1407 864 1478 regiae
886 1407 1039 1477 majestatis
1089 1420 1151 1460 eum
1167 1405 1291 1476 angustis
1304 1405 1434 1477 paludum
1449 1406 1517 1462 loeis
1530 1406 1690 1464 fortissimis
1711 1425 1831 1464 suorum
1848 1413 1885 1464 la·

239 1488 331 1560 gladio
349 1492 510 1562 suppliciter
532 1494 670 1566 efflagitat.
696 1497 755 1553 ilex
787 1505 890 1564 autem,
914 1508 946 1554 ut
973 1516 1039 1555 con·
1089 1497 1173 1551 certis
1186 1496 1335 1552 sustentari
1349 1504 1499 1567 oporteret.
1514 1497 1714 1569 Erantinejns
1729 1501 1885 1572 expeditio·

239 1589 367 1636 sueverat
379 1581 511 1640 Ecclesiis
534 1587 740 1658 promptissime
754 1589 902 1659 opitulari,
925 1605 1038 1644 euersam
1089 1599 1123 1639 ne
1146 1600 1238 1642 eomes
1261 1593 1416 1657 praepotens
1436 1586 1613 1646 flandrensis
1633 1592 1767 1655 Carolus,
1791 1607 1884 1650 eones
1980 1646 1981 1655 ,

238 1671 286 1728 Dei
303 1681 463 1745 gratanter,
483 1678 529 1733 sed
545 1688 705 1750 sumptuose
731 1695 886 1747 assumens,
901 1683 965 1752 qnia
981 1697 1039 1737 rer·
1088 1675 1292 1747 studegavensis
1311 1675 1521 1742 Fulco,oomes
1533 1679 1695 1748 Britannia,
1719 1684 1884 1742 trilmtar'ius
1980 1662 1981 1739 ]

238 1763 281 1820 bis
296 1774 323 1822 et
338 1766 489 1836 majestatis
505 1785 561 1824 sum
572 1771 661 1842 sigillo
677 1783 821 1843 tyrannum
838 1775 1038 1846 corrigerenon
1088 1765 1282 1838 1151ῑῦ111111
1297 1767 1450 1827 [1011ῑὶ1111
1463 1769 1829 1838 Nortbmanniaexercitns,
1839 1775 1884 1831 b·
1980 1790 1981 1797 ’

237 1854 326 1922 valet,
342 1855 414 1912 facto
426 1865 568 1914 maturans
584 1860 717 1918 militares
732 1863 836 1936 colligit
847 1865 929 1930 vires,
947 1875 1038 1922 mouet
1087 1859 1883 1934 101115111011110111111111(11111111111111111ῑᾰίίωῐῖ19-
1980 1852 1981 1855 ¹

238 1944 266 2002 in
284 1947 438 2005 Aluerniaru
458 1953 678 2015 recalcitrantem
703 1954 844 2026 copiosum
866 1956 1036 2013 Francorum
1087 1950 1196 2020 palliam
1212 1951 1373 2021 perdomare
1382 1951 1546 2009 sufficerent.
1561 1952 1712 2010 Transiens
1723 1957 1822 2028 ihqrte
1839 1959 1884 2013 sl-

237 2042 401 2097 cxercitum.
427 2041 479 2099 Cui
508 2043 644 2100 Bituricae
667 2046 741 2118 (519)
757 2047 931 2114 adventanti,
959 2051 1037 2121 regni
1088 2040 1737 2114 1111011111ἶῶθῦθὸ1111118118,1101111111ῑῦ
1760 2051 1881 2114 ⁰⁵¹²&

237 2132 392 2202 optimates,
409 2149 501 2191 comes
512 2135 658 2193 bellicosus
672 2137 874 2209 audegavensis
885 2139 978 2206 Fuico,
990 2156 1038 2197 eo-
1087 2132 1437 2204 0111011011111111111111·
1459 2135 1527 2191 C¹¹¹¹¹
1550 2143 1638 2192 1111111
1661 2138 1792 2194 ²b⁰f¹il⁰
1811 2141 1884 2212 (3511
1980 2142 1982 2186 i

236 2239 296 2280 mes
309 2227 517 2296 potentissimus
528 2228 679 2285 Britanniae
693 2229 834 2296 Curianus,
851 2245 945 2287 comes
959 2247 1038 2302 egre·
1086 2233 1114 2280 cl
1132 2227 1259 2296 opposite
1269 2227 1373 2282 civitati
1385 2234 1478 2282 castro
1492 2226 1718 2284 Montisfetrcnni
1731 2233 1884 2288 nemean

236 2315 482 2388 giusllircrnensis
495 2318 668 2390 (Gailtotmas
681 2321 731 2395 fl)
743 2363 751 2389 ,
764 2324 897 2394 multique
907 2323 1037 2395 aliircgni
1087 2318 1247 2389 applicaret.
1263 2318 1363 2373 milites
1376 2318 1423 2388 qui
1438 2328 1558 2374 castrum
1573 2318 1723 2378 defendere
1736 2322 1883 2390 &bebere

237 2425 367 2480 proceres
382 2427 466 2466 manu
478 2427 578 2484 magna
593 2415 726 2478 militari,
743 2415 822 2486 regni
839 2415 976 2470 debitores
989 2431 1037 2469 oe·

237 2509 363 2568 currunt,
381 2504 408 2557 in
424 2504 557 2560 alvernos
568 2505 695 2576 injuriam
712 2505 840 2562 Ecclesiae
855 2514 882 2561 et
899 2506 974 2576 regni
992 2506 1037 2559 ul-

237 2594 307 2650 cisci
323 2592 495 2651 festinantes.
518 2594 633 2651 'ferram
648 2597 740 2667 itaque
763 2597 886 2652 hostium
910 2594 1038 2666 depopu-

238 2687 347 2750 lantes,
362 2701 425 2741 eum
439 2686 544 2742 civitati
562 2685 783 2744 claromontensi
808 2688 1035 2759 propinquarent,
1057 2695 1060 2699 ’

236 2776 347 2832 direrni
362 2775 490 2846 praesidio
504 2777 641 2842 civitatis,
658 2779 722 2847 quia
735 2779 888 2849 peroptime
902 2784 962 2833 erat
976 2793 1037 2832 mn-

236 2866 306 2930 nita,
324 2867 427 2921 relictis
443 2867 582 2922 montanis
597 2867 769 2923 acutissimis
785 2867 906 2923 castellis
918 2883 947 2923 se
962 2881 1039 2922 com·

238 2959 382 3013 miserunt.
408 2955 485 3013 Unde
500 2955 598 3012 Franci
616 2958 741 3014 consulte
767 2973 861 3014 eorum
882 2956 1038 3013 deridentes

237 3049 441 3120 simplicitatem
454 3089 462 3114 ,
477 3049 552 3104 etad
567 3050 663 3106 urbem
678 3049 788 3106 tendere
805 3049 980 3113 differentes,
1005 3055 1034 3103 nt
1048 3068 1073 3133 ο
1088 3059 1163 3107 etum
1177 3053 1260 3122 ejus,
1277 3051 1306 3106 in
1319 3051 1427 3106 eineres
1450 3051 1584 3108 dissolvit.
1601 3053 1635 3107 Et
1655 3055 1751 3126 prima
1777 3059 1884 3128 quidun
1980 3064 1981 3069 ’

237 3148 284 3194 ant
299 3140 438 3195 ciuitatem
459 3139 643 3204 dimitterent,
668 3155 703 3195 ne
727 3139 841 3195 castella
866 3140 1033 3207 amitternum

236 3232 317 3287 arrisi
330 3239 521 3296 remanerent,
537 3233 649 3288 interim
672 3232 802 3288 victualia
825 3239 1034 3294 consumerent,

237 3317 271 3378 ad
287 3333 408 3380 castrum
422 3312 606 3397 peroptimum
620 3321 738 3379 Pontum
753 3325 863 3380 nomine
884 3339 968 3396 super
982 3323 1035 3379 iiu-

237 3413 312 3472 rium
337 3413 451 3470 iliterim
471 3415 654 3470 diverterunt.
672 3413 722 3470 Ubi
740 3415 956 3485 circumquaque
974 3421 1035 3470 ten-

235 3505 307 3560 toria
322 3504 452 3578 figentes,
469 3521 546 3576 acque
570 3505 651 3576 plana
667 3512 694 3560 et
720 3504 806 3560 ardua
821 3503 976 3576 diripiunt,
993 3506 1036 3574 gi·

1087 2407 1254 2464 franeorum
1263 2409 1415 2465 mirabilem
1428 2411 1577 2466 exereitum
1585 2413 1819 2470 suisdissimilenr
1830 2414 1883 2470 for·
1980 2444 1981 2447 ¹

1087 2498 1241 2565 midantes,
1266 2499 1415 2555 loricarum
1435 2508 1463 2555 et
1481 2502 1618 2572 galearum
1639 2520 1810 2576 repercusso
1828 2509 1882 2566 scie
1980 2518 1982 2587 ,

1087 2591 1260 2661 splendorem
1282 2590 1461 2657 admirantes,
1477 2595 1535 2649 solo
1549 2596 1610 2651 uisu
1626 2597 1751 2662 tarent,
1765 2607 1795 2656 et
1808 2609 1880 2656 exte·
1980 2592 1981 2599 ¹

1088 2683 1187 2738 riorcm
1196 2682 1347 2738 refutantes
1358 2683 1555 2741 iuunnnitatem
1564 2687 1592 2740 iu
1602 2695 1681 2744 turre
1689 2696 1718 2743 et
1726 2691 1885 2762 turrispro·
1980 2662 1981 2737 f

1087 2773 1193 2839 cinctu,
1211 2773 1256 2830 uix
1270 2775 1353 2828 etiam
1367 2774 1435 2828 inibi
1454 2791 1485 2830 se
1498 2779 1674 2832 coutulerunt
1688 2779 1780 2852 (oet).
1794 2783 1886 2852 Appii·

1087 2867 1159 2922 citus
1174 2873 1265 2921 autern
1279 2866 1460 2923 immunitatis
1475 2869 1577 2924 relictae
1590 2870 1722 2927 domibus
1734 2873 1885 2928 flammico-

1088 2976 1150 3017 maie
1166 2960 1253 3031 iguis,
1271 2959 1405 3031 quidquid
1419 2970 1478 3016 erat
1492 2971 1591 3032 praeter
1610 2964 1712 3018 turrim
1726 2971 1758 3020 et
1777 2967 1884 3036 pretim

1085 3144 1130 3198 die
1146 3140 1256 3214 propter
1266 3150 1427 3201 estuantem
1444 3141 1571 3200 incendio
1586 3146 1679 3201 subito
1691 3147 1885 3216 villamesca
1980 3140 1981 3217 ξ

1084 3235 1203 3290 tentoria
1222 3234 1352 3306 figentes,
1374 3242 1505 3304 sequente
1526 3235 1600 3290 intus
1618 3235 1668 3308 [al.
1680 3237 1772 3312 intro]
1790 3241 1882 3311 mpitis
1980 3228 1981 3235 ¹

1084 3324 1202 3381 darnnris
1215 3327 1418 3397 reportavimus
1432 3324 1480 3398 [ut.
1496 3327 1731 3401 reportaveruntl.
1747 3327 1810 3385 Rex
1823 3345 1885 3385 rere
1980 3352 1981 3377 ³

1084 3431 1192 3472 sunrrno
1207 3431 1287 3474 mane
1301 3417 1354 3471 hoe
1378 3432 1433 3470 nuo
1452 3416 1525 3472 facto
1551 3425 1579 3473 et
1593 3434 1643 3474 cos
1660 3422 1846 3478 contristarit
1859 3433 1887 3478 et

1085 3523 1136 3563 uos
1149 3508 1331 3575 exhilaravit,
1346 3509 1488 3579 quoniam,
1505 3525 1567 3564 cum
1581 3514 1703 3566 tentoria
1717 3522 1819 3568 noem
1833 3531 1885 3568 nna

236 3605 335 3668 gantea
366 3597 481 3652 audacia
516 3599 617 3653 uoelum
647 3595 759 3652 tendere
791 3596 935 3661 ridentur,
968 3595 1034 3650 darm
1084 3597 1118 3653 de
1130 3608 1207 3668 parte
1218 3599 1287 3654 turri
1301 3600 1506 3671 propinquiora,
1523 3603 1609 3656 multo
1620 3603 1716 3668 bello,
1732 3607 1885 3662 arabissa-

236 3689 421 3746 munitissima
442 3689 577 3744 montium
606 3688 749 3743 cacumina
775 3685 945 3757 praeripiunt,
965 3701 1034 3757 prae·
1084 3691 1217 3762 pittacum
1235 3701 1262 3748 et
1281 3694 1437 3763 jaculorum
1447 3695 1660 3761 emissionibus,
1677 3699 1717 3753 ita
1741 3701 1828 3756 etiam
1846 3709 1884 3767 ut,

237 3780 288 3836 das
304 3796 360 3836 non
375 3786 482 3836 tantum
491 3795 633 3852 pecorum,
649 3779 738 3835 sedet
753 3778 920 3851 pecoralium
945 3779 1035 3834 laonii·
1085 3784 1233 3855 premissis
1249 3784 1382 3841 internos
1397 3793 1425 3841 et
1443 3787 1519 3858 ipsos
1541 3798 1714 3844 armatorum
1735 3795 1883 3863 praesidiis.

236 3886 323 3936 num,
340 3870 478 3942 superfluo
488 3870 571 3926 etiam
584 3871 714 3926 educunt.
739 3870 922 3926 instrumenta
945 3870 1036 3943 impu·
1084 3891 1135 3930 nos
1149 3875 1253 3947 clypeis
1272 3877 1375 3948 operiri
1396 3886 1553 3948 oporteret,
1569 3880 1704 3936 lacessire
1724 3892 1785 3937 tota
1808 3894 1886 3940 nou

237 3963 363 4036 gnatoria
378 3964 448 4018 turri
463 3963 587 4034 ejusdem
598 3964 702 4020 castelli
713 3964 891 4035 applicantes.
903 3977 1033 4018 saxorum
1085 3986 1139 4026 non
1152 3971 1337 4035 desisterent,
1354 3971 1519 4042 significavit
1533 3973 1646 4027 militari
1661 3975 1726 4030 viro
1738 3982 1769 4031 ee
1778 3979 1886 4048 egregie

236 4055 384 4111 molarium
408 4055 526 4124 impetu,
548 4054 711 4126 sagittarum
730 4055 863 4126 impluvio
881 4056 966 4110 multa
985 4069 1034 4113 eos
1083 4059 1181 4116 baroni
1190 4059 1531 4117 dmalricodellouteforti
1545 4062 1668 4134 (555),ιιι
1678 4066 1723 4121 eis
1731 4081 1767 4120 cx
1777 4068 1886 4137 obiitque
1980 4070 1981 4073 ’

235 4153 329 4216 strage
340 4145 373 4200 ad
385 4144 551 4201 deditionem
574 4145 751 4216 compellunt.
770 4146 831 4213 Qaro
858 4145 952 4201 audito
964 4185 971 4209 ,
985 4146 1032 4216 qui
1084 4148 1887 4225 insidiasponens,neprocinctumimpunercgrcdercutur
1980 4154 1981 4235 i

236 4235 375 4294 ciuitatem
392 4236 631 4307 ¹tenelianttimore
645 4235 890 4308 'perculsi,simiie
910 4243 1034 4308 antgra·
1085 4241 1235 4313 provideat.
1266 4240 1319 4309 Qui
1342 4243 1444 4298 talibus
1467 4243 1570 4299 callens
1596 4243 1624 4297 in
1651 4245 1787 4300 tentoriis
1802 4247 1884 4317 (3551,

237 4330 299 4384 rins
320 4327 386 4400 quid
408 4336 621 4400 exspectantes,
656 4329 748 4401 fugam
771 4337 885 4400 parant,
923 4329 1034 4386 ciuitate
1084 4331 1169 4385 sumit
1193 4345 1287 4395 arana,
1302 4345 1406 4402 eosque
1419 4345 1553 4401 equiorum
1572 4331 1721 4388 velocitate
1730 4349 1767 4388 ex
1777 4335 1887 4404 oblique
1980 4356 1981 4383 i

234 4426 348 4490 exeunt,
359 4435 474 4492 eamque
487 4421 561 4492 regis
571 4420 687 4477 arbitrio
697 4421 899 4493 derelinquunt.
914 4419 970 4478 Rex
983 4437 1032 4477 an-
1048 4411 1071 4466 Ι)
1084 4422 1240 4478 uostriseos
1248 4421 1469 4492 impedientibus,
1479 4421 1619 4491 inopinate
1625 4422 1766 4492 quosdam
1774 4422 1886 4477 inruet
1980 4422 1981 4491 i

236 4521 291 4568 tem
306 4520 334 4568 et
345 4510 401 4568 Deo
424 4510 575 4569 Ecclesiam
587 4552 594 4579 ,
606 4520 633 4569 et
648 4512 722 4568 ciero
737 4520 847 4580 turres,
863 4519 891 4568 ct
904 4513 1035 4585 episeopo
1085 4515 1134 4586 pit,
1146 4513 1203 4585 regi
1215 4513 1341 4569 celeriter
1352 4513 1477 4569 remittit.
1488 4507 1539 4578 Qui
1556 4527 1620 4567 eum
1632 4511 1732 4567 redimi
1747 4529 1782 4570 se
1802 4515 1887 4568 multo
1980 4518 1981 4521 ’

231 4593 393 4668 civitaten,
408 4618 476 4675 pace
491 4604 564 4660 inter
587 4618 636 4660 eos
649 4611 676 4660 et
690 4605 821 4660 comitem
835 4610 1034 4660 etsaeramen·
1085 4612 1224 4678 rogarent,
1250 4605 1366 4675 imperat
1389 4618 1438 4660 eos
1463 4602 1621 4672 errrancari;
1643 4617 1764 4660 maneos
1793 4613 1885 4660 auten

234 4696 273 4751 tis
291 4701 319 4750 et
333 4694 460 4752 obsidum
475 4695 677 4767 multiplicitate
694 4694 918 4760 dimata,rictor
932 4695 960 4749 in
973 4709 1034 4750 om·
1085 4711 1192 4768 pugnos
1213 4697 1242 4750 in
1266 4696 1366 4767 pugnis
1389 4695 1542 4752 referentes
1565 4695 1643 4750 intus
1660 4697 1750 4751 sociis
1775 4699 1885 4751 remitti

229 4785 318 4842 nibus
344 4785 474 4840 restituit.
496 4784 597 4840 ilerum
616 4791 770 4856 temporum
807 4783 896 4841 lustro
922 4795 1034 4856 peraeto
1085 4785 1191 4854 Quibus
1205 4787 1296 4841 caeteri
1312 4788 1400 4842 territi
1415 4786 1546 4856 deinceps
1556 4801 1609 4841 nos
1621 4786 1735 4856 quietos
1748 4787 1884 4843 sinebm
1980 4842 1981 4849 ,

226 4877 294 4946 ten.
307 4875 398 4946 11111,
413 4891 475 4931 eum
491 4876 673 4932 direruorum
687 4878 819 4932 comitum
839 4877 942 4949 perlida
958 4877 1033 4950 (5511)
1084 4879 1208 4950 Cumque
1222 4879 1412 4934 machinarum
1428 4885 1456 4934 ct
1473 4879 1724 4934 instrumentorum
1749 4887 1885 4934 mrurtm

220 4969 346 5026 llem‘tute
359 4968 512 5026 solveretur
525 4967 644 5024 recidiva
660 4969 785 5040 episcopi
801 4978 829 5026 et
844 4970 973 5027 Ecclesiae
985 4985 1032 5026 ea·
1084 4971 1245 5027 demorante
1263 4979 1322 5027 tota
1340 4970 1470 5026 alvernia
1484 4971 1620 5026 voluntati
1629 4979 1660 5027 ct
1674 4971 1799 5030 arbitrio
1807 4987 1885 5029 exer·
1980 4972 1981 5045 l

1121 5122 1195 5195 (555)
1212 5124 1346 5179 abortivo.
1369 5123 1415 5178 Sic
1433 5124 1514 5180 codd.
1527 5140 1625 5182 omnes
1638 5141 1705 5180 cnm
1720 5125 1792 5182 edit.
1808 5125 1886 5184 rua

272 5125 347 5326 §2503
367 5197 436 5252 Cum
462 5197 519 5251 hare
535 5197 619 5250 altera
642 5195 774 5250 budouiei
796 5197 870 5266 regis
896 5195 1033 5266 expeditio
1083 5195 1270 5265 legendumne
1286 5196 1369 5249 orlico
1383 5196 1463 5266 quasi
1480 5195 1513 5249 nd
1526 5205 1599 5261 crte,
1614 5197 1643 5252 id
1659 5205 1705 5252 est
1718 5199 1758 5252 ab
1771 5200 1886 5260 oriente,

236 5266 264 5322 in
298 5283 411 5324 ruernos
422 5267 508 5338 priori
517 5267 639 5336 quinque
650 5267 742 5328 annis,
752 5283 801 5322 sen
813 5268 897 5321 fristra
907 5267 966 5332 ,inm
976 5281 1034 5336 per·
1083 5272 1115 5319 ut
1129 5273 1206 5320 notat
1221 5264 1331 5320 freber.

1131 5336 1193 5406 551)
1212 5336 1293 5403 erat.
1309 5335 1390 5391 codd.
1408 5335 1460 5392 sili
1474 5351 1501 5390 re
1520 5335 1701 5392 contelerunt.
1717 5335 1777 5393 Sed
1788 5337 1821 5394 in
1832 5351 1886 5411 tq.

234 5423 329 5466 comes
357 5423 430 5464 anuo
446 5407 530 5472 1117,
555 5407 599 5462 die
613 5406 631 5460 1
647 5405 736 5462 llartii
751 5407 924 5471 interfectus,
941 5407 1033 5476 sequi·
1083 5407 1100 5462 5
1138 5408 1221 5462 drot
1237 5406 1304 5460 inibi
1321 5407 1449 5461 restituta
1461 5413 1513 5460 est.

236 5487 282 5536 tur
305 5479 380 5534 illam
401 5493 463 5532 cum
485 5493 557 5533 aiano
576 5475 664 5545 1111,
681 5478 762 5533 istam
781 5493 934 5536 ratmanno
960 5475 1031 5533 1116
1118 5479 1183 5620 1555
1209 5477 1248 5531 De
1261 5475 1437 5546 Mentesani.
1454 5475 1500 5531 Sic
1514 5475 1596 5531 codd.
1609 5491 1686 5534 omn.
1701 5476 1773 5541 Ed..
1787 5495 1818 5536 t.

366 5125 510 5181 Bituricae.
525 5123 571 5180 Sic
583 5123 662 5181 codd.
676 5139 751 5181 omn.
767 5124 830 5186 Ed..
846 5125 981 5181 Bituricis.

236 5352 296 5395 neto
311 5338 490 5398 successerit,
504 5339 584 5407 eique
597 5335 754 5392 interfuerit
764 5337 880 5393 Carolus
897 5336 1033 5392 Flandriae

234 5548 455 5620 eonaponendam
469 5563 541 5604 csse.

272 5621 346 5688 (551)
365 5616 442 5688 Apud
455 5616 566 5680 Freher,
579 5617 702 5688 perfidio.

269 5689 344 5758 1551)
364 5688 478 5778 luquat.
495 5687 576 5746 codd.
592 5687 745 5743 maltorum.

1130 5548 1182 5604 556
1208 5547 1294 5604 Codd.
1311 5547 1469 5602 intemtoriia
1486 5555 1514 5603 et
1531 5549 1727 5617 tatemerem
1751 5550 1826 5606 forte
1841 5563 1886 5620 ptr
1980 5598 1981 5619 ,

1082 5619 1289 5684 intentamenta,
1304 5628 1334 5673 ut
1348 5618 1429 5673 babet
1440 5614 1553 5672 Freber.
1980 5624 1981 5645 i
