3967 6334
231 361 288 424 dii
737 357 889 419 nonnurt
908 359 1010 416 rtltnt
1031 357 1060 416 S.
1081 357 1116 416 il.
1137 357 1169 416 Ε.
1189 353 1396 418 cibnthhtta
1810 351 1869 418 ’900

231 480 305 536 siam
316 476 451 543 audierit,
466 477 544 549 jubet
556 477 659 532 habere
678 476 751 531 sicut
770 476 911 531 ethnicum
931 481 959 531 et
977 489 1031 545 pn-
1044 479 1068 537 A
1082 471 1161 529 llude
1179 471 1311 530 Dominus
1329 489 1386 528 nou
1407 481 1463 529 tam
1481 471 1533 530 sibi
1553 485 1669 538 carens,
1688 485 1774 544 quam
1793 473 1870 530 uehi

232 573 384 631 blicanum.
414 571 562 644 Apostolus
590 569 706 643 (ιιαιιιι.
729 585 816 634 ιιιιι,
840 569 891 641 ιιι)
918 583 1028 640 quoque
1079 565 1248 637 providens,
1275 565 1420 638 magnifica
1440 580 1491 622 sua
1518 565 1591 621 sileri
1617 565 1743 620 mandat.
1773 562 1870 622 Paulus

232 664 380 736 quemdam
394 663 477 734 200
488 662 568 732 cujus
580 661 677 716 sordes
691 661 837 731 patebant,
851 660 908 714 imo
919 671 1029 730 quoque
1083 664 1175 712 auteur
1196 673 1257 728 qure
1277 658 1329 713 sibi
1343 658 1462 730 gloriose
1475 658 1663 729 contigerant,
1683 657 1871 728 ignorantilus

233 754 384 826 putebant,
396 753 474 823 jubet
487 753 597 807 tradere
612 750 721 806 Satanae
734 748 841 817 (lGor.
853 766 882 815 v,
896 748 942 822 5).
957 746 1029 816 Quid
1080 749 1189 806 caeteris
1203 750 1263 821 ipse
1276 749 1455 821 propalabat,
1471 764 1526 805 uon
1540 749 1574 804 ab
1588 749 1747 804 hominibus
1761 747 1871 819 moriam

230 853 277 902 est
290 845 400 902 tradere
414 843 540 909 Saturam
558 843 611 900 nisi
624 842 881 899 excommunicaret
893 839 1029 896 Nimirum
1080 857 1223 912 quaereus,
1236 856 1332 896 rerum
1347 841 1420 912 quo-l
1436 840 1470 896 de
1487 841 1642 912 apostolatu
1655 855 1726 906 suo,
1741 855 1821 894 suana
1840 839 1871 896 al

231 937 278 993 vir
297 938 405 1002 malus,
425 937 490 992 licet
511 938 548 992 sit
565 935 707 1007 putridum
724 936 752 990 in
771 950 887 1006 corpore
900 933 1030 990 Ecclesiae
1078 933 1229 1005 perniciem
1244 933 1335 989 minus
1348 934 1417 990 bene
1429 933 1593 989 sentiebant.
1613 931 1754 1000 Quantum
1768 948 1834 1004 ergo
1845 935 1871 990 in

234 1027 404 1092 membrum,
429 1035 551 1083 attamen
575 1028 642 1082 dum
662 1026 784 1098 quolibet
799 1027 881 1082 modo
901 1025 1031 1081 Ecclesia
1078 1033 1107 1082 te
1119 1033 1172 1091 est,
1187 1035 1233 1080 tua
1246 1025 1314 1081 bene
1328 1033 1404 1096 gesta
1414 1026 1497 1082 celari
1508 1033 1671 1096 optes;cum
1684 1027 1821 1090 rern,nisi
1832 1041 1874 1098 pa-

232 1119 389 1176 membrum
403 1127 464 1189 est,
479 1121 597 1191 quodam
608 1118 702 1174 modo
716 1120 786 1176 bene
799 1119 883 1190 gestis
901 1117 1031 1174 Ecclesiae
1078 1119 1186 1186 tetiant,
1201 1119 1360 1177 scandalum
1374 1121 1402 1176 iu
1417 1127 1445 1176 te
1453 1119 1573 1176 loturum
1579 1121 1782 1192 est,qnaeprins
1790 1122 1873 1177 taceri

233 1213 354 1284 impetus
368 1212 477 1268 &tanae
492 1213 656 1268 retardatur.
673 1209 773 1268 Verum
786 1227 820 1267 ex
838 1226 893 1282 qno
912 1223 1031 1281 euange-
1077 1213 1205 1278 uolebas,
1219 1213 1323 1268 invitus
1334 1212 1391 1283 jam
1404 1227 1521 1270 reseres.
1535 1212 1637 1268 lucitas
1648 1228 1749 1268 ranam
1762 1213 1874 1286 gloriam

233 1305 290 1362 lica
304 1307 486 1362 anathematis
501 1304 571 1360 laice
586 1321 601 1359 a
616 1308 679 1359 sinu
696 1304 794 1360 matris
813 1302 943 1359 Ecclesiae
960 1316 1032 1374 prae·
1081 1303 1874 1371 lormidans,reaerertamen,fratrumsalutemdesiderans.

234 1398 348 1464 ciditur,
363 1397 431 1453 illud
444 1397 582 1452 tantillum
603 1397 666 1453 sitae
685 1396 759 1468 quod
778 1395 899 1452 obtinuit
920 1396 950 1451 in
968 1410 1032 1451 cor·
1104 1397 1188 1453 illala
1203 1398 1376 1470 quoquerita
1399 1403 1515 1452 uocatur
1528 1398 1584 1463 uia,
1600 1398 1731 1469 qnoniam
1746 1397 1795 1470 qui
1816 1413 1876 1454 mm

233 1503 321 1562 pore,
346 1499 504 1562 separatum
522 1490 628 1560 perdit,
648 1505 680 1545 ac
701 1505 751 1561 per
766 1489 819 1544 hoc
838 1489 904 1545 dum
920 1496 1033 1545 excom·
1080 1499 1283 1566 persequuntur
1294 1491 1434 1564 gehennae]
1443 1491 1576 1548 incendiis
1591 1491 1779 1558 intrudentur,
1794 1507 1876 1563 qnam

235 1583 403 1647 municatur,
430 1583 542 1638 Satanae
561 1581 695 1649 traditur,
719 1581 849 1655 quoniam
869 1581 955 1637 libera
974 1580 1032 1651 jam
1082 1600 1145 1641 cum
1159 1585 1260 1656 possis,
1275 1583 1330 1639 nisi
1340 1583 1512 1648 manilestes,
1524 1582 1580 1639 beo
1591 1583 1687 1655 utique
1702 1584 1808 1656 placari
1822 1599 1876 1638 uon

236 1681 373 1746 potestate
391 1676 503 1745 proprio
516 1674 573 1745 jam
586 1675 649 1745 jure
663 1674 698 1729 ab
712 1673 871 1730 adversario
891 1672 1031 1745 fatigatur,
1080 1683 1172 1748 potes.
1185 1675 1274 1744 Quare
1283 1673 1370 1729 revela
1382 1674 1497 1730 Domino
1510 1675 1580 1729 niam
1591 1683 1664 1728 tuom
1676 1673 1767 1746 (Psoi.
1783 1689 1876 1736 anri,

234 1777 285 1824 ιιιιι
304 1768 444 1840 corporali
463 1768 582 1823 caesione
602 1767 764 1823 uexandus:
786 1765 859 1838 quod
882 1764 964 1820 tiebat
985 1763 1033 1820 ubi
1083 1767 1123 1841 5),
1140 1773 1336 1839 noncupans,
1350 1767 1506 1823 eedtotam.
1524 1765 1632 1836 Totam,
1646 1777 1676 1824 ut
1692 1767 1877 1822 nibilmemo-

235 1860 339 1917 Paulus
361 1860 470 1916 Satanae
487 1860 636 1928 tradebat'3
657 1865 705 1914 aut
724 1857 859 1930 spirituali
880 1856 958 1928 plaga
977 1855 1031 1912 loe-
1049 1827 1132 1916 Brire
1143 1866 1304 1932 suggestum
1316 1857 1481 1916 abscondas.
1496 1857 1584 1928 'lapte
1595 1859 1667 1914 enim
1680 1873 1712 1915 se
1725 1873 1785 1914 non
1798 1859 1878 1914 modo

237 1953 364 2016 dandus,
384 1951 458 2023 quod
472 1950 595 2022 quotidie
609 1949 640 2005 ιιι
652 1949 719 2004 dum
732 1949 855 2004 Ecclesia
872 1962 1032 2004 excommu-
1081 1943 1245 2009 venialium.
1255 1965 1349 2006 rerum
1365 1952 1445 2006 etlam
1461 1950 1657 2006 damnabilium
1670 1950 1775 2022 ingerit
1798 1949 1879 2006 turba

238 2047 322 2103 nicat.
348 2043 605 2100 lireommunica'tio
630 2049 720 2100 antem
745 2041 903 2113 hujusmodi
921 2055 983 2113 quae
1003 2043 1033 2098 in
1080 2045 1235 2117 culparum,
1248 2045 1303 2100 illis
1316 2043 1363 2114 qui
1377 2042 1489 2100 desidie
1502 2041 1691 2114 socordiaque
1704 2057 1760 2098 usu
1775 2039 1879 2098 lacina-

237 2145 342 2194 eertam
365 2135 395 2192 ιιι
415 2151 579 2209 personam,
600 2150 658 2191 non
677 2135 754 2208 prius
775 2134 833 2190 lieri
851 2133 931 2190 debet
949 2147 1032 2205 quam
1079 2153 1144 2194 rum
1162 2137 1355 2208 manciparunt
1363 2135 1547 2205 {ministeriis
1570 2141 1602 2190 ut
1626 2142 1674 2191 aut
1698 2135 1785 2193 nimis
1798 2135 1880 2208 2oe

236 2229 373 2294 diffinite,
387 2238 415 2287 et
431 2243 487 2286 uon
502 2229 676 2300 suspicione,
698 2228 722 2285 is
740 2228 788 2299 qui
806 2227 920 2283 sceleris
941 2227 1034 2298 argui·
1080 2227 1206 2297 dilllcile,
1220 2236 1391 2301 autprorsus
1409 2227 1540 2284 reddatur
1557 2227 1737 2302 impossibile,
1756 2229 1880 2302 singulo-

235 2329 296 2388 tur,
320 2322 495 2377 anathemate
517 2321 617 2393 dignus
641 2320 849 2391 perpendatur:
872 2319 928 2374 imo
949 2330 1034 2389 quam
1082 2335 1144 2376 rum
1157 2319 1313 2376 cernendo
1324 2319 1454 2392 prosequi
1464 2319 1592 2376 vitiorum
1601 2321 1713 2376 nomina
1735 2329 1766 2378 et
1783 2337 1880 2378 nnme-

237 2414 427 2471 molestantes
447 2426 525 2469 more
537 2419 652 2468 vocatus
664 2411 880 2467 ecclesiasticum
894 2406 1035 2465 subteriu·
1080 2427 1140 2470 ros,
1155 2411 1369 2485 Offensamergo
1390 2425 1499 2468 omnem
1514 2412 1606 2468 animo
1617 2423 1812 2470 occurrentem
1835 2429 1880 2470 sa.

236 2504 311 2575 gerit
333 2503 402 2575 jus:
428 2502 503 2559 unde
525 2501 659 2557 Dominus
680 2516 743 2557 eum
763 2501 812 2572 qui
831 2506 862 2556 te
878 2515 930 2556 nec
943 2499 1034 2557 solum
1081 2505 1188 2564 oerdoti
1200 2504 1306 2578 detege,
1319 2518 1385 2562 cum
1394 2517 1513 2560 mterore
1526 2501 1616 2562 lateus
1630 2512 1704 2560 tuam
1718 2521 1769 2577 per
1793 2507 1880 2577 negli-

236 2595 346 2668 primo,
361 2609 414 2652 nec
426 2609 519 2650 coram
531 2593 652 2650 testibus
664 2593 797 2658 secundo,
812 2593 869 2649 imo
881 2607 933 2649 nec
945 2592 1035 2663 ipsam
1083 2597 1201 2671 gentiam
1215 2612 1297 2670 qnam
1326 2597 1407 2668 plura
1426 2603 1519 2654 tacere
1540 2610 1597 2652 uon
1620 2596 1750 2664 tacenda,
1779 2612 1881 2670 rugans

239 2683 394 2742 Ecclesiam
409 2684 491 2740 tetlit
505 2690 666 2754 arguentem
684 2681 819 2748 audierit,
834 2681 914 2754 iubet
934 2681 1036 2740 habere
1085 2687 1170 2746 ileum
1183 2687 1355 2760 ignorantias
1364 2693 1428 2745 tuas
1438 2703 1473 2744 ne
1482 2687 1646 2744 meminerit.
1654 2687 1792 2744 Nimirum
1802 2705 1881 2760 gene·

182 2772 195 2794 “
238 2778 312 2834 sicut
325 2776 466 2832 ethnicum
480 2782 508 2831 et
521 2775 709 2846 publicanum.
730 2774 827 2832 llerito
843 2789 910 2847 ergo
925 2774 974 2846 qui
990 2781 1036 2830 to·
1083 2781 1169 2838 ralem
1182 2795 1244 2838 esse
1258 2787 1367 2853 oportet
1381 2779 1528 2852 cordisque
1542 2781 1796 2853 compunctionem
1808 2781 1881 2838 orie

237 2871 293 2927 tica
312 2876 449 2934 uocatus,
473 2868 556 2924 matri
578 2867 776 2924 satisfaciendo
797 2882 855 2925 non
879 2866 1034 2934 auscultat,
1082 2883 1139 2942 que
1160 2867 1372 2928 conlessioncm.
1389 2867 1468 2928 Unde
1480 2869 1634 2942 Propheta:
1650 2871 1881 2927 delicturum

238 2961 383 3033 genitricis
407 2959 531 3032 gremio,
552 2958 711 3016 obstinatia
728 2959 809 3030 culpa
833 2974 864 3016 se
886 2958 1033 3016 abalienat.
1084 2963 1216 3034 cognitam
1230 2961 1388 3033 illiseriet
1409 2961 1560 3033 injustitias
1581 2979 1654 3019 meos
1676 2981 1730 3019 nou
1754 2965 1881 3020 maesti

240 3053 403 3110 Abalienato
417 3059 509 3109 antem
523 3052 660 3124 usquead
674 3051 926 3108 reconciliationem
939 3058 1037 3107 aucto-
1085 3053 1174 3128 (Paul.
1184 3070 1259 3121 xxxi,
1269 3053 1308 3128 5).
1317 3053 1408 3122 Quare
1418 3053 1713 3114 delictumtuumadeo
1725 3055 1881 3116 conflanda

239 3147 322 3203 ritate
334 3145 628 3203 excommunicationis
642 3145 856 3201 communicatio
866 3147 957 3203 omnis
969 3145 1037 3202 lide-
1086 3147 1224 3222 cognitum
1240 3146 1336 3213 iacias,
1347 3149 1384 3218 ζιιι
1403 3146 1567 3218 iniustitiam
1585 3157 1661 3204 tuam
1680 3149 1711 3204 in
1726 3151 1806 3206 nullo
1822 3151 1885 3206 abs-

238 3237 362 3309 liumque
375 3243 491 3308 negatur
504 3238 693 3302 consortium,
707 3236 815 3292 ratione
827 3235 1034 3306 hujuscemodi,
1086 3241 1200 3298 condas.
1221 3238 1250 3296 st
1264 3239 1338 3298 enlm
1358 3241 1458 3296 vulnus
1476 3241 1518 3297 rel
1545 3255 1647 3308 unum,
1669 3239 1732 3312 ejus
1755 3242 1883 3298 reinrmi·

240 3335 273 3385 ιιι
285 3330 350 3385 binc
359 3329 476 3401 collegio
496 3335 655 3384 sanctornm
673 3328 826 3401 expulsus,
846 3328 911 3385 inde
929 3329 957 3384 ri
976 3328 1037 3386 lla-
1086 3332 1327 3392 danscruditatem
1345 3335 1420 3390 celas
1438 3333 1555 3400 medico,
1576 3334 1640 3390 licet
1658 3341 1760 3391 caetera
1781 3335 1883 3408 plenis-

240 3435 354 3476 monum
365 3421 463 3476 crebra
475 3420 537 3492 plus
548 3419 630 3476 solito
642 3428 757 3477 rexatus
770 3421 917 3478 erubescat
930 3421 1037 3493 sibique
1086 3425 1155 3482 sime
1168 3425 1261 3482 sanari
1282 3425 1463 3498 contingeret,
1480 3441 1571 3482 noune
1596 3425 1670 3498 quod
1689 3435 1820 3496 superat
1834 3441 1882 3482 saa

239 3514 356 3577 timeat,
379 3519 463 3584 atque
476 3514 513 3567 ita
532 3513 698 3591 inpressitate
717 3514 836 3584 quadam
858 3515 1035 3586 compulsus,
1086 3514 1266 3570 incuratione
1280 3515 1465 3586 perniciosum
1481 3514 1552 3572 locet
1563 3513 1710 3588 [sortaine
1726 3517 1881 3580 curatione,

242 3607 278 3662 ad
299 3619 394 3678 pacem
413 3604 573 3677 confugiat,
593 3605 765 3663 descendeus
785 3606 979 3679 Babyloniam,
999 3607 1037 3663 ibi
1083 3613 1130 3670 sel
1144 3613 1327 3677 incuratione,
1343 3612 1426 3667 unioo
1447 3611 1560 3686 rerbo]?
1577 3611 1625 3669 sed
1646 3611 1779 3684 quamuis
1802 3613 1883 3670 eorde

240 3696 413 3755 liberandus.
426 3695 520 3768 Neque
532 3697 605 3754 enim
625 3697 769 3771 presbyter
787 3698 932 3764 Ecclesia,
954 3699 1038 3755 mini-
1083 3705 1164 3777 prius
1174 3704 1298 3760 contrito
1310 3702 1389 3760 rinus
1403 3701 1533 3760 interiora
1547 3717 1674 3776 premens
1689 3705 1750 3760 oria
1766 3711 1884 3777 pom

243 3797 343 3848 steret
356 3803 491 3861 organum
510 3805 677 3863 quemquam
696 3792 733 3847 ab
749 3791 873 3849 Ecclesia
890 3799 1036 3866 segregat,
1086 3797 1151 3855 dum
1162 3795 1337 3854 confessione
1349 3796 1513 3861 evomueris,
1528 3795 1676 3852 evomitum
1686 3803 1785 3853 autem
1805 3799 1883 3854 ιιιιι-

244 3883 299 3940 nisi
324 3883 479 3939 intentione
500 3881 568 3949 tali,
589 3889 621 3938 ut
641 3883 783 3941 meliorem
808 3885 938 3954 reducat,
960 3900 1038 3943 more
1087 3887 1225 3956 iaciendo,
1255 3886 1330 3944 atui
1351 3887 1453 3943 ricinia
1477 3885 1692 3960 propulsaveris,
1716 3889 1812 3946 morbi
1828 3889 1884 3961 jara

243 3976 368 4050 hpostoli
381 3976 546 4033 sceleratum
559 3976 649 4032 uirum
662 3978 776 4035 tradens
791 3976 915 4046 Satanae,
930 3984 962 4033 ιιι
980 3978 1039 4052 spi·
1086 3979 1287 4038 consuetudine
1313 3977 1515 4052 quodammodo
1537 3979 1682 4052 levigatus,
1703 3979 1884 4038 nihilominus

242 4071 315 4126 ritus
328 4069 422 4126 salvus
436 4069 473 4125 sit
491 4069 520 4124 ln
537 4068 583 4125 die
593 4069 700 4141 judicii.
715 4068 843 4143 Alioquin
857 4071 881 4129 si
896 4069 958 4128 ideo
971 4087 1039 4127 ana-
1086 4081 1182 4132 tamen
1194 4089 1259 4132 reus
1276 4075 1392 4140 teneris,
1406 4073 1536 4145 quoniam
1554 4087 1570 4128 a
1581 4073 1673 4144 culpa,
1689 4073 1759 4132 licet
1772 4077 1884 4132 uendi

242 4159 418 4227 thematiaat,
440 4169 470 4216 ut
490 4163 721 4218 anathematizato
742 4164 814 4220 male
836 4165 933 4229 cedat,
959 4169 1038 4238 prius
1087 4167 1208 4234 miseris,
1224 4164 1345 4222 nondum
1359 4181 1391 4222 es
1400 4165 1553 4231 absolutus,
1564 4165 1653 4222 donec
1663 4167 1686 4223 si
1698 4183 1788 4238 quarn
1797 4167 1884 4226 adhue

244 4259 326 4310 nocet
339 4254 391 4311 sibi
404 4269 487 4325 quarn
502 4254 557 4310 alii.
575 4253 753 4312 inathemate
771 4261 864 4312 tamen
881 4257 1038 4315 nullatenus
1088 4259 1272 4330 amplecteris,
1286 4257 1395 4314 atillam
1406 4257 1543 4328 deponere
1553 4257 1682 4328 coeperis.
1694 4256 1786 4340 Plape
1795 4261 1884 4319 sciens

243 4347 411 4419 obligantur,
432 4345 480 4418 qui
501 4346 540 4401 ita
560 4347 797 4404 anathematizatis
816 4351 1036 4416 communicant,
1086 4345 1277 4418 poenitentiam
1290 4345 1383 4402 cordis
1406 4344 1508 4416 absque
1530 4338 1706 4400 contessione
1735 4347 1797 4401 oris
1816 4361 1884 4402 nnn·

244 4449 276 4497 ιιι
291 4441 325 4497 ab
346 4441 402 4496 illis
413 4439 476 4512 jure
490 4440 657 4496 conditionis
670 4439 820 4513 disgregari
840 4458 896 4497 non
909 4443 1036 4500 debeant.
1088 4453 1170 4510 qnam
1184 4439 1291 4505 ualere3
1305 4436 1507 4493 consessionem
1521 4447 1612 4494 autem
1625 4438 1735 4511 absque
1749 4441 1884 4511 paenitea-

282 4533 404 4592 hlterum
418 4547 526 4605 quoque
541 4547 628 4604 genus
640 4533 897 4590 excommunicandi
906 4542 967 4601 est,
979 4552 1036 4591 non
1051 4543 1074 4600 1)
1088 4530 1125 4586 tia
1140 4545 1248 4601 semper
1262 4528 1462 4585 infructuosam
1472 4545 1543 4586 esse.

246 4623 316 4679 adeo
338 4624 437 4679 diriore
453 4623 557 4696 paginae
573 4631 679 4690 notum,
697 4630 886 4682 verumtamen
904 4628 1037 4684 ecclesia·
1123 4621 1176 4690 Qui
1194 4637 1257 4680 rere
1269 4622 1427 4694 utiliterque
1442 4621 1597 4688 confltetur,
1609 4621 1644 4687 is,
1657 4634 1801 4694 proutres
1812 4633 1883 4695 gesta

247 4715 324 4771 eticae
335 4715 527 4771 consuetudini
539 4715 601 4786 (cai
615 4715 746 4788 refragari
757 4716 800 4774 las
810 4733 867 4774 non
878 4717 939 4792 est)
951 4722 1040 4778 notis-
1086 4721 1141 4779 ιιι,
1153 4721 1344 4786 persequatur,
1350 4727 1401 4769 ¹¹⁶⁰
1412 4714 1482 4768 ῑιιῑιι
1492 4727 1574 4784 quam
1587 4728 1633 4768 Μ
1646 4727 1679 4768 ⁸⁰
1688 4713 1788 4780 ΝΜ,
1798 4717 1883 4786 imfi-

247 4806 349 4862 sunum
359 4845 367 4872 ,
378 4807 544 4878 quoiujnn
556 4809 673 4863 tamnuer
684 4808 774 4873 illata,
785 4809 895 4877 nortis,
906 4813 1039 4882 quoniam
1088 4807 1212 4862 tudinem
1228 4821 1307 4862 suam
1321 4813 1476 4876 exaggeret,
1489 4819 1540 4861 nee
1552 4803 1640 4876 ipsam
1653 4805 1816 4862 abhorrens
1826 4821 1885 4861 ttr-

248 4899 420 4964 nosciuutur‚
437 4899 692 4966 nominibus,soce
705 4904 841 4972 preconis
856 4901 961 4960 teritur.
974 4903 1040 4964 llaec
1089 4897 1186 4954 borum
1207 4897 1377 4968 appositione
1397 4903 1519 4952 excuset.
1541 4894 1725 4967 Contemptus
1748 4911 1833 4970 supra
1858 4897 1886 4952 id

248 4991 432 5048 anathematis
441 4991 548 5063 species
562 4999 617 5047 tam
632 5007 647 5046 a
662 4992 750 5063 prima
763 5001 806 5049 est
816 4993 941 5060 diversa,
955 5011 1040 5068 quam
1089 4991 1162 5064 quod
1175 5007 1283 5064 equum
1297 4998 1351 5059 est,
1363 4993 1391 5048 in
1407 4991 1491 5048 altero
1501 4992 1646 5065 expetitur,
1663 4993 1693 5047 in
1705 4993 1799 5049 altero
1809 4995 1886 5048 tiase-

249 5083 286 5137 ab
308 5083 383 5137 illius
397 5082 564 5153 proprietate
576 5082 753 5153 cognoscitur
767 5084 867 5141 aliena.
883 5083 947 5142 llaec
965 5086 1041 5142 enim
1090 5092 1145 5150 tur,
1158 5084 1186 5139 iu
1210 5092 1328 5157 utroque
1349 5093 1439 5142 autem
1464 5085 1566 5142 ueritas
1586 5085 1774 5158 periclitatur.
1797 5085 1886 5154 Quare

248 5174 381 5246 quoniam
398 5188 498 5229 nomen
516 5189 571 5230 non
589 5174 734 5246 exprimit,
756 5175 802 5230 cni
819 5178 1041 5234 communionem
1090 5177 1220 5251 quidquid
1230 5178 1369 5250 deliquisti
1384 5179 1542 5246 annunties,
1557 5185 1585 5235 et
1598 5187 1681 5250 prout
1690 5177 1837 5250 deliquisti
1848 5179 1884 5233 ita

249 5267 344 5331 tollat,
356 5266 455 5330 nescit,
469 5266 525 5321 imo
537 5266 605 5321 nulli
616 5265 697 5322 tollit.
711 5265 792 5324 'iales
802 5281 952 5340 eorumque
964 5285 1041 5326 com-
1090 5271 1254 5336 annunties;
1267 5271 1338 5328 hanc
1352 5279 1451 5328 metam
1465 5287 1516 5328 nec
1530 5277 1687 5344 praetereas,
1702 5287 1758 5328 uec
1767 5272 1836 5328 eitra
1845 5287 1886 5326 re·

250 5359 337 5432 plices
350 5367 413 5430 post
425 5358 654 5415 comminationes
668 5361 850 5419 anathematis
860 5363 1042 5420 anathemati·
1091 5379 1202 5421 maneas
1215 5363 1302 5437 magis
1316 5363 1461 5436 altinusque
1471 5379 1548 5431 care,
1570 5361 1644 5437 quod
1658 5369 1715 5429 est,
1742 5373 1772 5420 et
1793 5364 1885 5434 cairus

250 5459 351 5506 rantur
363 5451 398 5506 ad
411 5453 624 5507 correctionem.
649 5451 679 5507 Si
696 5453 797 5524 corrigi
814 5455 973 5527 negligunt,
988 5455 1042 5530 ipsi
1091 5453 1167 5515 modi
1184 5465 1237 5523 est,
1248 5473 1407 5530 exsequere.
1417 5457 1582 5531 Plerumque
1594 5457 1667 5516 enim
1680 5457 1758 5530 quod
1781 5460 1810 5516 in
1824 5475 1886 5530 ges-

251 5543 1042 5621 augmentantsibidamnationem,nisilortepriusquam
1092 5550 1167 5606 tione
1180 5549 1281 5623 negotii
1295 5550 1440 5622 contingit,
1453 5556 1531 5624 gesto
1547 5551 1656 5622 negotio
1671 5557 1720 5606 aut
1744 5551 1884 5622 pnnlst,

251 5632 317 5691 hinc
328 5637 445 5701 abeant,
458 5635 574 5692 llornirm
588 5639 660 5700 uam
675 5652 752 5695 suam
768 5639 898 5696 revelent.
1093 5654 1140 5702 aut
1150 5654 1254 5700 reatum
1269 5641 1402 5715 adiungit.
1419 5641 1536 5699 Ratione
1548 5657 1614 5714 ergo
1625 5641 1673 5698 tali
1686 5659 1693 5697 ε
1705 5639 1805 5697 heta
1828 5639 1884 5696 be-

305 5728 392 5800 Opern
406 5729 475 5785 toan
487 5731 530 5785 aia
544 5741 621 5796 aaut,
638 5732 702 5802 quio
716 5731 751 5786 ad
766 5732 851 5788 Deam
864 5732 993 5806 dirigunt.
1094 5737 1164 5791 mino
1178 5737 1247 5792 mam
1262 5744 1345 5804 tunm,
1355 5744 1382 5791 et
1392 5749 1469 5806 spera
1480 5737 1507 5792 ia
1516 5751 1557 5802 eo,
1570 5745 1596 5791 et
1609 5735 1664 5806 ipse
1692 5735 1775 5808 saciet
1793 5733 1882 5808 (rra.

288 5819 352 5877 llaee
362 5823 421 5887 ria,
431 5830 463 5879 ut
474 5821 720 5894 superbieritetnr,
732 5838 796 5881 raro
806 5831 848 5882 est
858 5825 1040 5910 predicanda.
1094 5843 1188 5906 ¹araur,
1200 5827 1237 5901 6).
1250 5827 1317 5886 Nam
1332 5827 1436 5900 quitali
1448 5829 1528 5886 modo
1549 5827 1622 5900 riam
1645 5827 1760 5908 revelat,
1775 5828 1884 5886 uia·
