3967 6334
64 400 152 458 733
583 397 855 458 SENTENTIAM!
868 398 959 490 Lililil
978 399 1080 459 OCTO.
1090 433 1125 470 ·.··
1138 400 1203 457 Llli.
1225 400 1269 457 lli.
1694 402 1747 459 lut

59 533 152 573 una
175 521 210 572 ct
230 513 326 570 cadem
342 514 468 572 subsistit
482 530 516 572 ex
532 530 576 582 ca,
590 505 707 586 quaeest
727 531 780 572 una
794 515 823 571 in
836 515 899 572 Tri·
912 524 937 582 Α
950 515 1010 572 Νοιι
1035 524 1127 574 tamen
1145 517 1316 574 contentiose
1341 514 1517 586 negandum,
1542 531 1637 572 verum
1659 533 1747 590 neque

57 610 187 665 nitate
212 620 331 677 persona
357 613 385 662 et
411 606 581 662 humanitate
607 615 747 676 assurnpta
771 607 895 679 integre:
948 609 1122 681 impudenter
1135 607 1314 668 asserendum
1330 613 1416 678 puto,
1439 606 1484 662 illa
1500 622 1609 678 quoque
1632 623 1747 679 corpora

55 714 163 772 ergo
179 695 312 752 subsistit
331 711 366 750 ex
386 710 504 767 persona
522 711 578 751 nna
597 705 625 753 et
646 695 809 752 substantiis
830 697 898 751 dua·
946 701 1012 757 talis
1025 701 1166 758 nascitura
1183 699 1398 772 complexionis,
1415 706 1446 754 ut
1462 699 1554 755 minus
1568 707 1632 770 apta
1645 699 1746 760 rationi

58 793 171 848 butt:
196 795 228 844 ei
240 787 305 858 altit
319 788 374 844 5⁵¹²
393 802 510 859 uertunt
527 803 584 843 ”011
603 795 647 844 0⁵1
664 787 824 852 lnttffltiat
843 786 899 842 1ῑὶῦί
946 791 1113 858 tardiorem,
1135 793 1241 864 aptiora
1264 807 1395 863 processu
1421 792 1577 862 reciperent
1599 792 1745 850 acriorem.

58 899 158 940 cum
175 897 234 939 sua
248 881 419 949 substantia,
441 896 497 953 qua
518 880 633 952 reliquis
647 880 754 936 duabus
767 893 898 950 persona-
947 882 1016 942 lllud
1029 893 1121 942 tamen
1135 893 1166 940 ut
1180 901 1237 941 non
1250 901 1328 956 aeque
1347 885 1421 940 aliud
1436 885 1618 953 crediderim,
1642 887 1748 960 qualis·

59 975 159 1029 liter
182 981 231 1027 est
245 971 341 1037 unita,
355 979 522 1042 estquoque
536 970 714 1040 illapersona
734 968 818 1024 trium
832 968 899 1027 sub·
946 991 1058 1048 cunque
1071 977 1225 1049 complexio
1246 975 1327 1044 ieret,
1346 981 1477 1048 parrulos
1497 985 1576 1035 aetate
1600 978 1674 1036 haud
1689 980 1748 1035 olb-

61 1063 281 1122 stantiarum.
947 1065 1057 1130 ciente,
1073 1073 1101 1120 et
1116 1080 1198 1137 posse
1219 1073 1247 1122 et
1266 1067 1338 1122 scire
1359 1073 1545 1137 competenter
1563 1085 1593 1126 se
1612 1077 1744 1126 tractare.

400 1151 516 1210 CAPUT
532 1149 604 1208 lllll.
946 1155 1017 1213 llam
1036 1157 1059 1214 si
1079 1157 1239 1213 animalium
1262 1158 1364 1214 letibus
1386 1159 1444 1216 haec
1465 1159 1495 1215 in
1518 1169 1648 1232 promptu
1669 1170 1744 1226 sunt,

64 1247 209 1303 Proeter
234 1253 369 1315 pecorum
394 1253 419 1300 et
441 1245 620 1326 ignorantiam
640 1253 749 1300 eoeteroa
777 1242 898 1300 Christus
947 1249 1158 1320 quantomagis
1180 1249 1339 1317 bominum,
1366 1257 1431 1306 tunc
1455 1253 1609 1323 praesertim
1636 1255 1746 1326 quando

380 1313 471 1369 '‘m'‘
495 1313 622 1384 desem
947 1341 1022 1396 nulla
1036 1340 1106 1396 soret
1116 1342 1196 1412 culpa
1210 1343 1282 1398 unde
1293 1341 1415 1414 prodiret
1430 1345 1572 1402 stoliditas
1586 1354 1634 1400 aut
1645 1348 1747 1417 poenai

117 1427 216 1502 (¹81)
242 1427 376 1484 Domirms
404 1437 500 1484 noster
525 1435 556 1482 ut
579 1443 673 1484 reram
698 1429 899 1485 humanitatem
948 1432 1070 1503 alioquin
1083 1439 1163 1490 natos
1177 1432 1313 1499 educare,
1337 1435 1499 1506 parentibus
1513 1435 1615 1493 laudum
1631 1445 1705 1494 esset
1718 1447 1747 1495 et

70 1531 254 1595 aptamque
268 1519 460 1592 Redemptioni
480 1528 652 1586 assumeret,
675 1519 781 1576 debitos
801 1520 900 1575 huma-
948 1523 1060 1580 anxium
1084 1543 1092 1579 :
1115 1525 1188 1596 quod
1201 1525 1294 1597 utique
1314 1527 1342 1581 in
1360 1541 1471 1597 poenam
1492 1529 1746 1600 transgressoribus

71 1615 177 1672 nitati
194 1613 302 1685 absque
317 1620 430 1684 peccato
442 1612 567 1670 deiectus
581 1628 637 1668 non
654 1613 802 1668 recusarit.
825 1610 900 1668 Inter
947 1616 1074 1688 contigit,
1088 1631 1144 1672 non
1157 1622 1255 1672 natura
1271 1616 1345 1674 lecit.
1361 1616 1419 1673 llac
1430 1633 1540 1690 quoque
1551 1635 1637 1676 cansa
1650 1620 1679 1675 in
1693 1621 1745 1677 do-

71 1722 167 1779 quos
188 1705 377 1777 ignorantiam
391 1705 513 1761 nondum
527 1705 600 1761 natis
612 1705 752 1776 propriam
770 1704 900 1762 Christus
948 1707 1008 1764 lore
1021 1709 1141 1780 pariunt,
1154 1723 1234 1781 quos,
1254 1710 1308 1764 nisi
1323 1709 1511 1777 offendissent,
1529 1713 1556 1767 in
1572 1711 1746 1783 jucunditate

74 1802 128 1855 ita
150 1799 295 1863 innatus,
317 1805 392 1853 utet
410 1812 479 1867 puer
497 1803 579 1852 natus
597 1796 754 1866 suscepisse
770 1795 898 1862 ridetur,
950 1799 1101 1868 aluissent,
1117 1800 1145 1854 in
1161 1802 1252 1871 quiete
1265 1801 1455 1871 peperissent,
1475 1802 1571 1874 utique
1590 1804 1743 1874 parrulos:

74 1899 243 1964 quatenus
270 1890 425 1962 ignorantia
452 1889 583 1961 paulatim
611 1895 738 1960 tempore
765 1896 898 1945 consueto
914 1884 1014 1946 Bnam
1030 1891 1211 1962 quantitatem
1231 1892 1388 1964 grandaevi,
1404 1895 1529 1965 angustia
1551 1894 1688 1965 quomodo
1702 1910 1746 1950 ca-

78 1981 262 2046 imminuta,
280 1981 339 2038 suis
357 1979 492 2054 sapientia
505 1980 637 2052 gradibus
652 1981 899 2052 successerit,!nisi
949 1985 1028 2051 peret
1043 1981 1134 2034 uteri?

78 2075 172 2146 quod
193 2074 303 2128 bomini
324 2072 381 2129 lieo
399 2072 478 2128 unito
493 2073 586 2128 omnia
600 2073 718 2130 celerius
737 2073 900 2145 pleniusque
984 2068 1058 2142 Ergo
1073 2085 1125 2126 nec
1136 2070 1284 2127 creationis
1299 2070 1435 2137 humanm,
1455 2087 1506 2128 nec
1525 2073 1612 2144 ipsius
1623 2073 1746 2131 infantiae

81 2168 269 2223 adventasse
289 2165 421 2222 credibile
444 2171 497 2221 est.
525 2163 604 2221 linde
627 2171 655 2221 et
678 2163 812 2222 duodenis
836 2179 899 2220 cum
949 2159 1021 2216 ratio
1036 2161 1176 2233 requirere
1189 2161 1307 2230 ridetur,
1328 2170 1358 2218 ut
1376 2179 1443 2234 puer
1457 2162 1548 2231 lesus,
1565 2167 1666 2237 quippe
1681 2183 1746 2238 pec-

82 2259 267 2316 doctoribus
289 2257 389 2328 legitur
411 2256 586 2328 disputasse;
609 2254 683 2312 ana
708 2256 783 2312 enim
807 2263 897 2312 teste:
947 2253 1005 2309 cati
1019 2269 1126 2322 exsors,
1141 2253 1284 2326 pueriliter
1294 2255 1400 2310 inscius
1411 2256 1573 2312 exstitisset.
1588 2257 1656 2312 Nam
1671 2259 1745 2330 qudd

85 2351 267 2421 Proficiebat
281 2349 426 2419 supientia,
441 2357 529 2413 utute,
541 2356 567 2402 et
578 2349 668 2418 pratia
681 2345 752 2418 apud
770 2345 856 2402 Deum
873 2356 900 2403 et
948 2345 1024 2400 salus
1034 2345 1174 2401 hominum
1187 2360 1242 2400 non
1256 2345 1285 2400 in
1300 2345 1444 2416 sapientia,
1455 2335 1551 2402 rerum
1563 2349 1647 2403 multa
1662 2365 1746 2422 egue-

86 2441 172 2512 apad
193 2441 313 2495 ιιοηιιιιει
332 2437 413 2512 (Luc.
436 2453 472 2503 ιι,
491 2436 552 2509 52).
579 2436 631 2505 Qui
650 2444 741 2494 autem
765 2438 900 2508 sapientia
947 2437 985 2492 rit
997 2437 1140 2509 sapientia,
1152 2437 1318 2493 cuidubium
1332 2439 1395 2493 esti
1413 2437 1491 2494 Unde
1504 2440 1745 2511 patetbumanita·

86 2533 277 2606 proficiebat,
294 2531 382 2603 magis
402 2530 545 2603 magisque
563 2529 593 2584 in
607 2545 641 2584 ea
655 2528 822 2586 abundabat.
846 2527 899 2588 Ubi
947 2537 1004 2584 tem
1016 2527 1109 2596 Verbi,
1124 2544 1158 2585 ex
1170 2535 1287 2600 utroque
1301 2537 1386 2594 statu,
1401 2537 1457 2584 tam
1471 2530 1517 2586 illo
1532 2531 1579 2602 qui
1595 2538 1660 2588 ante
1678 2547 1746 2604 prar-

88 2633 194 2682 autem
208 2624 344 2696 sapientia
357 2623 468 2688 crescit,
485 2621 639 2694 ignorantia
648 2622 805 2678 necessario
818 2621 900 2677 diuti-
948 2621 1145 2677 varicationcm
1159 2619 1270 2687 eilulsit,
1292 2637 1373 2692 quam
1393 2628 1488 2678 nostro
1502 2623 1549 2694 qui
1560 2630 1623 2694 post
1638 2634 1745 2680 reatum

90 2715 214 2773 nuenda
240 2717 402 2789 praecessit:
424 2714 556 2771 nimirum
579 2712 749 2769 teneritatem
777 2711 901 2772 infantiae
948 2711 1086 2778 defloruit,
1102 2719 1230 2768 neutrum
1244 2712 1432 2769 contrahendo
1452 2720 1558 2780 toturn,
1572 2717 1747 2789 contraxisse

92 2809 232 2864 comitari
252 2807 367 2864 decebat
385 2806 586 2879 ignorantiam,
600 2820 633 2861 ac
653 2819 717 2862 cum
730 2805 899 2861 incremento
949 2811 1064 2874 partem.
1080 2801 1209 2858 Nostram
1227 2804 1299 2859 euim
1325 2802 1424 2859 samem
1442 2811 1524 2876 atque
1546 2804 1744 2877 fatigationem,

94 2901 204 2965 aetatis,
225 2900 381 2956 increscere
394 2897 566 2968 sapientiam.
949 2894 1011 2952 aliis
1025 2909 1133 2966 qnoque
1146 2894 1310 2966 quibusdam
1325 2895 1428 2953 nostris
1440 2911 1501 2952 curn
1512 2896 1677 2963 defectibus,
1692 2913 1745 2955 no·

136 2989 200 3046 Nisi
219 2991 308 3062 magis
323 2989 489 3046 credendum
504 2998 547 3044 est
564 3003 679 3058 puerum
692 2983 749 3042 lieo
764 2987 897 3058 plenum,
949 2993 1035 3044 stram
1047 2986 1166 3058 suscepit
1177 2987 1393 3058 passibilitatem,
1406 2997 1436 3042 ut
1445 2989 1539 3045 multis
1552 2989 1746 3048 afflictionibus

95 3082 160 3152 janu
174 3088 243 3138 tunc
260 3097 371 3154 quoquc
389 3082 496 3152 plenam
508 3083 603 3154 prmioe
622 3091 648 3139 et
665 3083 785 3137 ueritatis
805 3080 897 3154 (loon.
948 3085 1058 3144 tortus,
1077 3078 1170 3134 multis
1184 3094 1235 3136 nos
1256 3087 1418 3136 exoneraret
1441 3083 1582 3152 peccatis;
1604 3090 1686 3155 atque
1708 3084 1747 3139 ita

99 3189 125 3239 r,
145 3173 212 3245 tl),
228 3182 360 3245 tanquam
379 3173 512 3244 repletum
533 3174 634 3246 spiritu
657 3175 799 3247 sapientiae
812 3182 841 3231 et
860 3175 900 3231 in-
949 3174 998 3246 qui
1018 3189 1068 3246 pro
1082 3173 1216 3230 iratribus
1230 3189 1364 3246 passurus
1386 3176 1553 3240 accedebat,
1575 3176 1745 3233 conformem

100 3265 248 3332 tellectus,
274 3264 373 3337 spiritu
399 3264 509 3321 consilii
531 3272 560 3322 et
587 3263 773 3330 fortitudinis,
798 3265 897 3336 spiritu
911 3227 935 3288 c
948 3281 979 3321 se
989 3265 1132 3330 iratribus,
1149 3273 1179 3318 ut
1193 3265 1321 3336 cognatio
1336 3265 1509 3332 claresceret,
1525 3267 1680 3326 exhibebat.
1691 3266 1747 3324 db-

101 3359 229 3414 scientiae
244 3365 272 3414 et
285 3357 412 3429 pietatis,
426 3358 526 3428 spiritu
546 3371 654 3428 quoque
666 3357 775 3413 timoris
788 3355 898 3412 Domini
946 3355 1050 3412 nuebat
1064 3363 1156 3411 tamen
1177 3353 1304 3412 lrumanae
1322 3357 1520 3429 assumptionis
1542 3359 1684 3429 expressio
1703 3359 1749 3414 iu·

105 3449 180 3523 (lan.
194 3465 233 3516 rr,
248 3450 293 3523 ιιι
312 3458 343 3506 ut
356 3465 438 3521 quem
452 3447 525 3505 licus
538 3450 568 3504 in
585 3464 669 3505 unam
683 3449 737 3505 sibi
751 3462 897 3520 personam
946 3444 1124 3517 quinamenta
1135 3445 1250 3515 peccati,
1262 3453 1362 3502 etcum
1373 3455 1486 3518 peceato
1496 3445 1616 3504 iomitem
1627 3450 1746 3520 peccati,

107 3543 278 3614 assumpsit,
310 3542 384 3599 illico
406 3541 481 3598 omni
502 3541 670 3613 plenitudine
689 3540 784 3613 gratiae
806 3540 894 3611 reple·
947 3535 1144 3608 insipientiam.
1158 3535 1408 3594 Utrumrisborum
1423 3537 1559 3596 Salvatori
1571 3541 1747 3613 ascripseris,

107 3637 200 3702 verit,
218 3636 357 3708 indignum
370 3634 474 3692 ducens
488 3641 570 3690 tantae
584 3633 727 3705 dignitatis
743 3632 896 3696 bominem,
947 3630 1029 3686 saluti
1048 3629 1223 3702 derogaveris
1243 3647 1250 3686 ε
1269 3645 1333 3686 narn
1353 3647 1404 3687 nec
1420 3639 1548 3703 peccator
1563 3642 1674 3704 peccate
1694 3633 1749 3690 tol·

110 3727 163 3800 qui
182 3735 209 3784 et
220 3727 326 3784 dicatur
345 3725 428 3793 Deus,
444 3733 472 3782 et
491 3725 544 3791 sit,
564 3723 661 3794 quovis
681 3722 833 3779 decolorari
847 3722 897 3777 ‹le-
947 3722 1014 3789 lere,
1031 3737 1084 3778 neo
1098 3725 1190 3779 minus
1207 3721 1328 3793 prudens
1345 3724 1463 3780 salutem
1477 3724 1620 3781 vindicare
1634 3725 1749 3781 valeret.

112 3818 198 3886 iectu3
207 3828 301 3890 preter
313 3834 384 3890 quos
396 3823 444 3873 aut
455 3818 526 3872 ratio
539 3813 746 3886 Redemptionis
760 3814 892 3886 postulat,
949 3813 1064 3872 Omnem
1078 3829 1143 3886 crgo
1156 3815 1338 3886 ignorantiam
1353 3815 1589 3887 quemadmodum·
1598 3821 1627 3870 et
1639 3827 1751 3870 ornnem

115 3919 164 3966 aut
176 3911 320 3967 necessitas
331 3909 511 3965 humanitatis
521 3907 660 3978 importat.
679 3903 733 3961 Sed
743 3904 899 3976 ignorantia
949 3908 1068 3978 culpam,
1092 3907 1174 3962 homo
1191 3905 1334 3972 Christus,
1357 3907 1458 3980 quippe
1473 3906 1565 3972 Deus,
1590 3905 1751 3962 recusabat.

25 3986 28 4075 ¹,
117 4002 263 4068 infantilis,
277 4002 300 4060 si
320 4001 389 4058 nibil
409 4002 536 4056 nocitura
557 3998 747 4068 Redemptioni
765 3997 900 4053 conceda-
949 3997 1029 4055 Unde
1042 4013 1093 4070 pro
1107 3999 1188 4055 nobis
1204 4005 1335 4071 tanquam
1348 3998 1486 4056 mediator
1499 3999 1603 4054 trinam
1619 3997 1754 4067 majesta·

28 4075 33 4220 x
120 4095 313 4166 tur,quomodo
326 4094 444 4150 ualitura
457 4091 669 4157 monstrabitur,
680 4103 763 4162 quam
778 4088 899 4144 bumana
948 4099 1005 4150 tem
1019 4091 1205 4163 interpellans,
1218 4093 1297 4163 juxta
1319 4089 1484 4163 Apostolum
1507 4112 1514 4147 :
1539 4087 1697 4145 Exauditae
1714 4089 1756 4140 est

32 4225 35 4278 p
120 4186 225 4256 exigere
242 4194 334 4240 natura
354 4199 410 4239 non
427 4181 554 4238 videtur?
575 4181 677 4252 quippe
700 4178 854 4250 intelligens
872 4187 900 4235 et
948 4193 1054 4256 propter
1071 4201 1149 4239 suum
1164 4185 1337 4240 reuerentiam
1349 4183 1429 4257 (aaa.
1451 4201 1478 4250 v,
1494 4183 1532 4256 7).
1556 4181 1675 4237 Poenam
1691 4190 1759 4247 ergo

122 4274 272 4346 prudensin
286 4274 371 4330 Adam
387 4280 489 4330 creata.
523 4269 578 4328 Sed
596 4268 692 4335 dices,
711 4267 899 4339 forepuruuiia
949 4291 984 4332 ex
998 4273 1079 4330 nobis
1100 4274 1222 4346 aceepit,
1243 4289 1332 4346 poenae
1348 4282 1441 4330 autem
1464 4287 1576 4330 causam
1593 4271 1759 4340 meatum.

125 4365 239 4420 naturale
248 4366 307 4420 nibil
319 4366 423 4419 omniuo
438 4365 515 4419 scire.
527 4361 629 4419 Verum
643 4377 677 4417 ex
687 4361 768 4432 culpa
783 4367 846 4415 nata
859 4359 901 4414 ri·
950 4366 1056 4438 peccati
1070 4380 1179 4438 quoque
1191 4363 1316 4422 effectum
1330 4366 1532 4434 ignorantiam,
1550 4369 1694 4430 tanquam
1709 4351 1761 4406 de-

127 4457 203 4514 detur
218 4456 316 4514 inscitia
330 4471 412 4512 :narn
430 4457 494 4512 licet
508 4471 609 4526 corpus
624 4461 754 4525 aggravat
768 4451 899 4516 animam,
950 4465 1142 4531 generaturam
1154 4458 1310 4520 habentem,
1332 4458 1490 4514 recusabat.
1506 4455 1612 4512 ilerum
1626 4461 1667 4502 ex
1675 4441 1771 4512 primu

42 4556 43 4567 ¹
130 4548 455 4620 aggravandofflautem
462 4548 551 4604 reddit
561 4544 901 4617 tamsordidamquamin-
915 4573 937 4630 D
951 4550 1089 4606 creatione
1100 4549 1247 4620 puritatem
1261 4547 1377 4603 sortitus
1391 4555 1456 4615 est,
1473 4555 1502 4606 et
1513 4533 1777 4620 perspicacitatem

132 4643 226 4708 sciam
248 4642 459 4714 aggravationem
473 4639 630 4711 huiusmodi
650 4639 747 4694 uitium
771 4636 901 4709 praerari·
951 4642 981 4699 in
995 4649 1127 4712 utraque3
1143 4639 1243 4696 creatis
1264 4639 1395 4695 omnibus
1407 4648 1466 4696 tam
1487 4633 1662 4713 preclarior
1691 4627 1785 4690 <listm

134 4734 255 4798 cationis,
274 4750 325 4789 non
339 4741 437 4789 natura
458 4732 548 4804 parit;
567 4731 688 4802 alioquin
712 4745 813 4800 corpus
833 4729 903 4784 bene
951 4732 1060 4796 melior,
1076 4745 1131 4786 nun
1146 4730 1235 4786 solum
1251 4727 1365 4799 quando
1383 4730 1508 4799 adultus,
1527 4737 1631 4788 rerum
1651 4717 1690 4768 ²²
1707 4709 1791 4759 ²⁸²*

52 4894 53 4901 ἵ
135 4831 245 4880 creatum
256 4824 319 4881 unde
333 4825 501 4882 insensatum
520 4823 646 4880 redderet
666 4821 813 4893 spiritum?
831 4817 903 4874 lma·
952 4825 1034 4893 quadr
1048 4826 1140 4876 natus.
1161 4815 1237 4873 Unde
1252 4817 1280 4871 in
1294 4817 1406 4888 psalmo
1424 4822 1459 4877 ad
1473 4821 1559 4879 lteum
1573 4805 1707 4872 directo
1727 4801 1797 4842 ser-

139 4916 220 4988 ginem
234 4915 291 4983 liei,
314 4917 451 4980 animam,
474 4915 559 4972 totius
579 4914 732 4987 iniquitatis
753 4914 901 4978 sinceram,
952 4910 1175 4969 moneait:1ie
1196 4917 1286 4964 uentre
1303 4911 1403 4968 matris
1420 4931 1486 4971 meo
1507 4915 1577 4970 Deus
1594 4907 1690 4960 mm
1715 4897 1751 4936 ⁶⁸
1774 4883 1806 4927 ‘¹⁸

140 5008 207 5065 unde
221 5010 288 5080 quasi
305 5009 508 5074 irrationalem,
532 5009 655 5065 omnium
675 5023 767 5064 rerum
786 5004 902 5062 insciam
953 5005 1041 5079 (Ptol.
1057 5021 1115 5068 ιιι,
1128 5001 1182 5074 ιι).
1198 5001 1233 5056 Et
1243 5001 1310 5057 item
1332 5021 1339 5058 ε
1362 5003 1431 5075 Spes
1447 5025 1507 5064 mea
1519 5007 1551 5062 ot
1568 4984 1730 5058 uteribus
1751 4979 1815 5065 ruu-

143 5099 196 5155 iteri
206 5100 362 5172 contingeret,
372 5115 434 5154 cunr
442 5099 565 5170 quadam
578 5098 747 5154 irrationalia
758 5112 808 5153 suo
819 5109 902 5152 sensu
953 5098 1002 5151 tria
1023 5111 1087 5150 meu
1101 5091 1200 5166 (ibid).
1233 5089 1306 5149 llire
1320 5099 1349 5148 et
1370 5095 1506 5154 inusitate
1521 5094 1638 5166 sapiens
1669 5070 1716 5124 0²
1746 5063 1832 5186 ⁹¹⁰³.

62 5231 64 5262 ,
144 5198 288 5257 nascuntur,
306 5189 333 5246 in
351 5205 407 5262 quo
426 5189 578 5247 crescentia
591 5189 723 5262 paulatim
744 5201 905 5260 promoven·
952 5187 1069 5251 exstitit,
1088 5183 1136 5254 qui
1149 5183 1183 5238 de
1197 5189 1301 5238 ventre
1314 5185 1420 5241 matris
1436 5185 1524 5244 Deum
1539 5191 1622 5242 suum
1646 5153 1841 5278 ‘efflem-

63 5264 64 5267 '
146 5279 423 5348 turtllndebomines,
443 5281 496 5338 nisi
511 5289 687 5354 peccassent,
712 5278 842 5336 credibile
860 5284 904 5335 est
953 5279 1007 5340 rit;
1028 5277 1062 5332 ab
1081 5274 1213 5330 uberibus
1229 5287 1312 5344 spem
1331 5289 1415 5330 suam
1428 5275 1486 5334 lieo
1501 5273 1611 5332 inlinit:
1631 5246 1772 5346 T⁰'‚¹¹⁰
1795 5325 1850 5367 m-

149 5373 266 5429 nascendo
277 5381 315 5429 aut
327 5389 423 5431 secum
434 5389 469 5430 ex
483 5380 562 5429 utero
580 5380 741 5445 apportare,
757 5377 806 5426 aut
819 5370 844 5426 si
858 5384 905 5440 op
953 5369 1018 5439 pelis
1033 5366 1124 5421 nutius
1135 5364 1259 5434 effectus,
1272 5373 1380 5434 quanto
1396 5381 1455 5435 prce
1470 5367 1525 5422 iilis
1544 5338 1771 5432 digerentffl‘

150 5465 242 5536 pressio
253 5466 309 5522 uteri
320 5465 347 5521 id
360 5481 415 5522 non
429 5465 550 5531 sineret,
568 5466 613 5521 rel
624 5471 769 5521 nascentes
782 5463 905 5534 recipere
954 5476 1013 5515 men
1022 5456 1186 5512 hereditavit
1207 5453 1314 5526 (Heba.
1330 5470 1352 5520 1,
1370 5455 1413 5528 l).
1718 5499 1867 5556 'cum’

72 5574 73 5588 ¹
153 5571 223 5612 nsum
239 5557 341 5625 radonis,
362 5572 474 5613 accessu
495 5557 584 5612 atatis
605 5554 823 5628 promovendum
848 5567 905 5608 non
988 5549 1122 5616 Quoniam
1132 5561 1200 5619 ergo
1212 5543 1312 5609 Deus,
1334 5545 1444 5618 licique
1460 5545 1546 5602 Filius
1560 5546 1603 5599 est
1620 5535 1658 5588 et
1683 5515 1735 5572 ὼ
1769 5581 1875 5651 ajor-

155 5645 254 5703 iortasse
264 5647 322 5718 quod
334 5665 365 5704 ex
377 5645 509 5704 brevitate
519 5649 641 5718 corporis
655 5646 794 5703 tardiores
804 5643 905 5700 existe·
953 5645 1057 5711 quanto
1072 5637 1177 5709 angelis
1192 5641 1241 5692 cst
1262 5635 1388 5699 melior,
1405 5641 1484 5691 tanto
1498 5633 1606 5690 constat
1633 5620 1675 5673 θ’·
1710 5609 1763 5656 ”³

156 5746 223 5804 rent,
242 5756 316 5795 rerum
334 5739 405 5812 quod
428 5739 600 5797 attendentes
622 5739 731 5812 singula
756 5737 903 5793 discerent.
955 5728 1035 5787 Urnle
1049 5728 1152 5785 homini
1167 5725 1416 5796 assurnptolicns
1426 5726 1505 5797 juxta
1514 5712 1718 5792 impletam
1747 5703 1760 5739 ²
1788 5671 1870 5731 om

92 6249 96 6309 l

190 5849 250 5927 tter)
264 5851 363 5926 rapsa,
383 5868 427 5921 m,
446 5852 509 5912 rra.
526 5853 618 5910 rara.
