3967 6334
261 333 314 393 659
757 334 909 394 nouanti
927 339 1030 396 aucti
1050 342 1079 399 S.
1098 343 1131 400 ll.
1153 344 1185 403 E.
1213 344 1424 403 cenomanis
1805 368 1839 429 gg

296 446 362 504 Gar.
382 443 503 504 xxxiii.
519 444 644 501 Perfecta
662 445 745 501 etiam
757 449 880 507 charitas
895 452 968 507 inter
980 466 1052 523 quos
1067 456 1185 517 aetiam
1200 474 1262 513 cum
1277 465 1368 515 actum
1385 474 1439 515 non
1453 460 1552 531 pariat,
1566 459 1677 521 dicitur.
1690 464 1720 523 Et
1729 481 1783 541 quaa
1792 494 1842 539 qq,

260 544 431 615 reperiatur,
456 540 621 604 ostenditur,
640 540 695 597 uisi
708 549 735 596 ct
748 542 808 613 ipsa
825 543 921 610 cadat,
938 559 994 599 non
1008 552 1052 598 ta·
1102 554 1165 605 tuos
1184 548 1317 607 Dominus
1338 551 1532 619 suscitaverit,
1548 562 1576 609 et
1594 555 1651 621 ubi,
1664 564 1844 635 etquumodo,n

260 652 325 694 men
338 634 456 691 excidat.
472 632 506 687 Dt
517 632 591 705 quod
603 648 666 687 cum
680 632 759 705 lugit,
776 634 896 690 radicem
910 636 1051 707 relinquit,
1103 657 1153 697 cur
1166 642 1216 698 sic.

261 729 334 787 unde
356 733 484 799 peccator
503 726 606 781 redeat.
621 724 656 780 Et
669 727 742 796 quod
756 736 864 783 nonest
875 729 990 785 alienus.
1005 729 1053 785 Li·
1138 733 1203 791 Car.
1219 733 1298 791 libll.
1319 735 1374 791 Cur
1390 746 1519 808 quartum
1539 746 1677 795 mortuum
1690 740 1799 806 Dominus
1808 770 1846 815 ang

260 829 305 877 cet
326 820 401 875 enim
419 818 530 886 titubet,
546 834 602 875 non
621 820 736 875 corruit.
753 820 787 874 Et
801 828 892 877 utrum
906 822 1051 879 damnare-
1103 827 1256 893 suscitavit,
1267 827 1368 883 dicitur
1382 837 1488 900 postea.
1504 829 1538 883 Et
1551 829 1622 887 unde
1636 834 1720 891 omnis
1732 840 1796 911 culpa
1804 861 1846 916 paq

260 919 317 977 tur,
332 913 357 969 si
368 914 477 967 interim
492 920 654 969 moreretur.
669 913 703 967 Et
713 914 747 971 de
759 915 821 985 ejus
835 915 942 972 merito.
1101 917 1269 989 baptismum
1293 919 1468 977 damnatione
1489 921 1574 991 digna
1589 922 1731 993 judicatur.
1749 929 1777 985 Et
1787 934 1813 991 de
1825 954 1847 993 ω

295 1004 361 1061 Car.
382 1003 440 1061 XL.
457 1003 591 1061 Subditur
605 1004 772 1077 depereatis
787 1007 1002 1065 damnabilibus.
1018 1007 1052 1063 Et
1102 1011 1149 1081 qui
1163 1010 1287 1067 habitum
1301 1012 1476 1084 delinquendi
1490 1014 1602 1070 omnino
1613 1031 1668 1071 nou
1682 1017 1762 1085 babet,
1774 1034 1795 1079 er
1806 1028 1847 1087 idq

260 1095 334 1167 qvod
346 1096 471 1167 quaedam
482 1111 577 1152 eorum
591 1105 656 1152 suut
670 1097 698 1153 in
709 1098 1052 1171 mentesstantumAEtquod
1103 1116 1120 1155 a
1141 1101 1213 1157 malo
1235 1101 1370 1158 tardatur.
1394 1102 1427 1157 Et
1438 1103 1499 1160 ideo
1518 1105 1566 1176 qui
1588 1114 1663 1162 totus
1683 1106 1849 1187 tentabitur,

260 1205 414 1247 consensus
434 1189 548 1260 majoris
562 1196 606 1245 est
618 1191 715 1261 culpae,
730 1206 813 1262 quam
828 1192 1004 1263 negligentia.
1019 1191 1053 1249 Et
1103 1194 1162 1249 sola
1174 1194 1339 1267 prepeditus
1351 1197 1525 1255 necessitate.
1538 1199 1573 1253 Et
1585 1200 1658 1271 quod
1668 1201 1773 1271 perlecta
1781 1210 1849 1267 volun

260 1296 322 1351 quae
344 1281 508 1353 negligentia
529 1280 720 1352 redarguatur.
741 1281 775 1337 Et
789 1283 869 1354 cujus
897 1299 967 1353 opus
990 1284 1053 1354 plus
1102 1294 1156 1353 tas,
1183 1303 1233 1359 pro
1258 1288 1331 1344 iacto
1354 1297 1506 1360 reputatur.
1527 1290 1561 1347 m
1583 1293 1658 1359 quod
1679 1297 1851 1361 extrinsecae

260 1380 416 1427 accusatur.
440 1370 475 1426 Et
492 1372 602 1442 quando
622 1372 660 1427 sit
673 1388 750 1429 mors
767 1376 795 1428 in
814 1374 908 1439 domo,
922 1376 950 1429 iu
962 1381 1052 1445 porta,
1104 1380 1173 1436 bene
1190 1387 1218 1437 et
1232 1382 1303 1437 male
1315 1381 1418 1455 agitur.
1434 1381 1468 1439 Et
1479 1384 1550 1441 unde
1562 1398 1662 1441 nomeu
1676 1394 1851 1463 utrumquem·

259 1467 289 1522 in
302 1468 421 1524 tumulo.
1103 1473 1181 1530 titur.

294 1560 359 1617 Cra.
383 1559 450 1617 titt.
466 1559 609 1629 Quomodo
626 1561 708 1617 etiam
730 1562 904 1633 negligentia]
917 1578 992 1620 mors
1004 1562 1051 1629 sit,

685 1809 858 1868 lNClPlUNT
875 1806 1180 1867 PRAENOTleDNES
1195 1804 1321 1863 SEXTAE
1339 1806 1475 1865 euntis,

295 1930 360 1986 Gar.
385 1925 405 1983 l.
431 1926 461 1983 ln
484 1938 561 1985 senta
589 1935 667 1999 parte
689 1928 830 1993 scribitur,
857 1928 971 1983 alteram
991 1934 1089 1989 essen
1138 1912 1208 1979 Can.
1227 1922 1273 1980 ill,
1297 1922 1400 1991 Quinto
1421 1923 1455 1981 de
1478 1923 1534 1981 lilio
1548 1926 1632 1981 matri
1645 1926 1854 2000 conjugatarum

260 2023 509 2080 considerationem
533 2028 597 2077 ante
618 2020 803 2092 baptismum,
828 2020 941 2077 alteram
964 2028 1051 2092 post:
1103 2030 1157 2086 qne
1171 2016 1339 2085 parentelam
1357 2016 1510 2088 ignorante.

260 2124 334 2185 aute,
353 2115 427 2170 utin
443 2112 537 2169 fomite
556 2113 671 2183 peccati.
688 2112 721 2167 Et
735 2114 873 2185 quomodo
887 2122 950 2184 post
961 2114 1052 2184 impu·
1138 2106 1204 2163 Car.
1229 2105 1286 2163 llll.
1307 2106 1468 2164 ostenditur
1487 2109 1570 2165 etiam
1593 2110 1717 2181 exemplo
1729 2117 1856 2187 consangui-

259 2212 343 2261 tatur.
357 2204 390 2259 Et
403 2204 470 2276 quid
478 2202 576 2260 alliciat
588 2204 675 2261 virtus
689 2205 828 2276 baptismi.
1103 2214 1218 2257 aeorum
1237 2200 1395 2273 ignoranter
1418 2201 1640 2273 conjugatorum,
1665 2204 1772 2276 aliisque
1787 2209 1856 2264 multis

294 2295 360 2353 Car.
383 2294 417 2351 ll.
431 2295 500 2350 Dina
515 2312 545 2351 se
560 2295 640 2351 nobis
654 2295 726 2350 bona
739 2297 783 2352 vel
795 2296 868 2351 mala
886 2294 988 2352 inierre
1004 2295 1053 2351 ad·
1103 2292 1203 2359 modis,
1226 2292 1292 2348 dum
1316 2294 1425 2351 animus
1446 2308 1503 2349 non
1517 2302 1560 2351 est
1571 2294 1724 2367 'deceptus,
1742 2313 1801 2370 opus
1819 2316 1857 2357 non

258 2390 363 2461 iicitur.
386 2388 420 2443 Et
439 2389 588 2459 quomodo.
610 2387 644 2443 Et
660 2403 710 2444 cur
724 2389 784 2460 ipsa
798 2369 952 2444 dominatur
968 2403 1052 2443 unum
1103 2402 1164 2444 esse
1185 2387 1346 2459 malignum,
1370 2394 1398 2443 et
1418 2402 1592 2452 econverso,
1609 2403 1689 2445 meus
1702 2389 1857 2463 sordidaopu

259 2493 288 2539 ct
300 2483 429 2538 alterum.
441 2479 475 2537 m
487 2490 579 2537 utrum
591 2481 627 2538 sit
640 2481 805 2553 culpabilius
819 2496 903 2553 prava
913 2481 1052 2544 voluntas,
1102 2480 1190 2537 vitiat.
1213 2478 1291 2548 Quod
1314 2480 1386 2537 sicut
1408 2480 1580 2551 qualitatem,
1602 2481 1642 2537 ita
1661 2497 1695 2538 ex
1708 2483 1783 2540 corde
1797 2486 1859 2541 tuit

260 2588 297 2629 an
315 2574 376 2645 ejus
398 2572 521 2629 ell'cctus.
544 2572 578 2627 Et
592 2573 626 2629 de
636 2573 791 2644 ignorantia
804 2588 865 2644 quae
878 2579 984 2627 reatum
998 2586 1053 2627 non
1103 2570 1293 2643 quantitatem.

259 2664 356 2719 trabit.
371 2662 406 2718 Et
418 2662 493 2735 quod
504 2663 632 2719 bomines
641 2671 669 2719 et
679 2663 775 2719 bestiae
788 2663 884 2719 eadem
893 2663 1054 2734 plerumque
1138 2663 1202 2720 Car.
1228 2661 1296 2718 lllll.
1312 2662 1450 2730 Quaeritur
1463 2664 1547 2721 etiarn
1559 2682 1613 2737 qua
1627 2667 1734 2725 ratione
1748 2684 1779 2724 er
1790 2684 1860 2740 supra

261 2756 446 2811 committunt.
462 2754 511 2811 llis
525 2756 692 2821 criminalia,
708 2756 763 2811 illis
774 2756 921 2810 naturalia.
937 2755 971 2809 Et
984 2771 1053 2827 quo-
1103 2756 1185 2812 dictis
1202 2755 1346 2812 eventibus
1357 2763 1385 2811 et
1394 2756 1532 2813 similibus
1547 2758 1684 2829 predicti,
1698 2768 1725 2815 et
1738 2759 1858 2830 hujusmodi

261 2848 383 2905 modoet
397 2849 432 2904 de
446 2849 500 2905 illis
513 2862 584 2919 quos
598 2858 697 2904 natura
711 2864 795 2906 sensu
808 2848 934 2919 privavit.
1103 2847 1220 2903 debeant
1237 2847 1355 2918 iudicari
1371 2848 1473 2913 nocivi,
1489 2857 1516 2904 et
1530 2850 1604 2921 quod
1623 2866 1682 2906 non
1704 2851 1861 2907 rationibuset

297 2940 362 2996 Gar.
388 2937 432 2997 ill.
447 2939 585 3007 Quaeritur
598 2941 680 2995 etiam
695 2940 767 2996 sicut
781 2939 949 3004 bominibus,
964 2940 1054 2997 brutis
1104 2941 1235 3011 exemplis
1261 2940 1408 2996 evincitur.
1432 2938 1467 2994 Et
1490 2940 1564 3011 quod
1582 2941 1657 2997 bona
1671 2942 1766 3001 dimitti
1777 2942 1861 2999 nonde

261 3032 332 3088 nibil
345 3033 505 3104 imputatur,
521 3042 615 3088 utrum
628 3032 721 3089 minus
737 3033 889 3104 imputetur
901 3032 995 3088 minus
1006 3048 1054 3103 pe·
1104 3030 1195 3097 beant,
1211 3032 1276 3087 licet
1290 3032 1353 3087 inde
1366 3031 1439 3086 mala
1454 3032 1626 3103 proveniant.

261 3125 334 3180 ritis.
357 3124 391 3179 Et
405 3124 440 3180 de
453 3124 609 3196 ignorantia
625 3132 732 3190 nostra,
744 3132 770 3180 et
784 3124 845 3194 ejus
856 3124 965 3180 ellectu.
976 3123 1011 3179 Et
1021 3124 1055 3181 de
1140 3123 1204 3180 Car.
1226 3121 1295 3178 lllV.
1322 3122 1427 3179 Deinde
1446 3123 1601 3181 ostenditur
1623 3124 1760 3195 quomodo
1776 3132 1861 3180 eventus

263 3217 426 3288 simpliciori
450 3218 542 3273 turba.
569 3216 603 3271 tit
626 3216 661 3273 de
683 3232 716 3273 eo
740 3218 815 3287 quod
839 3216 972 3273 Dominus
991 3218 1053 3273 ait:
1107 3232 1137 3273 se
1163 3216 1281 3273 babeant
1301 3232 1365 3288 erga
1386 3216 1449 3272 illos
1472 3218 1545 3274 uude
1567 3217 1705 3289 originem
1724 3216 1863 3273 trabuntbt

262 3310 345 3367 Omni
359 3312 402 3365 cai
413 3310 526 3365 maltum
541 3318 591 3377 ert,
606 3310 720 3364 maltum
735 3310 768 3364 ab
782 3327 812 3365 eo
825 3318 967 3381 queretur.
1067 3298 1090 3359 C
1105 3310 1178 3383 quod
1203 3310 1263 3365 sine
1276 3308 1392 3364 crimine
1404 3308 1514 3365 illorum
1529 3310 1691 3381 contingere
1704 3308 1809 3381 possint,
1820 3309 1863 3363 dili

297 3400 364 3459 Car.
383 3399 428 3455 Ν.
453 3396 558 3456 Dicitur
571 3400 654 3455 etiam
669 3398 778 3456 tudaeos
792 3416 848 3455 non
861 3399 1003 3463 excusari,
1021 3412 1055 3454 eo
1105 3410 1200 3475 genter
1209 3402 1412 3472 evincitur‚per
1420 3402 1591 3459 necessarios
1600 3398 1862 3459 ususmanducandict

264 3494 340 3565 quod
359 3494 388 3549 in
406 3493 547 3549 Christum
569 3507 625 3547 nou
645 3494 770 3549 credunt.
786 3492 820 3547 Et
834 3498 926 3548 utrum
939 3491 1055 3563 gentiles
1105 3492 1270 3559 dormiendi,
1284 3502 1312 3549 et
1323 3509 1371 3564 per
1385 3493 1534 3549 ruricolam
1546 3493 1593 3564 qui
1607 3493 1717 3549 laborat
1729 3490 1861 3551 necesaria

263 3593 441 3643 excusentur.
457 3586 493 3643 Et
503 3601 539 3641 aa
549 3584 605 3641 Deo
620 3586 792 3657 displiceant.
1105 3596 1136 3642 ut
1157 3586 1260 3641 victum
1274 3593 1387 3657 quaerat.
1401 3584 1435 3639 Et
1449 3585 1524 3657 quod
1535 3585 1661 3657 neglecto
1675 3584 1740 3657 quid
1753 3582 1863 3640 infortunii

299 3678 364 3735 car.
390 3676 424 3733 t.
458 3678 593 3749 Adjicitur
613 3678 696 3735 etiam
715 3677 899 3749 ignorantiam
919 3696 953 3737 ex
974 3682 1055 3753 culpa
1104 3679 1191 3751 possit
1210 3679 1388 3749 coritiugere‚
1410 3678 1485 3749 quod
1506 3694 1572 3733 usus
1597 3678 1683 3734 audet
1704 3686 1732 3734 et
1751 3677 1823 3741 ratio,
1837 3674 1864 3729 sic

264 3770 425 3827 defensione
448 3785 551 3827 carere.
576 3765 611 3824 Et
625 3771 691 3841 quid
711 3771 799 3843 ipsius
813 3780 840 3827 et
854 3772 1002 3830 oblivionis
1020 3775 1056 3830 sit
1111 3772 1245 3843 agendum
1258 3771 1367 3843 quando
1384 3771 1466 3826 etiam
1479 3769 1686 3827 dimittendum.

263 3874 359 3917 causa.
375 3860 409 3916 Et
429 3861 493 3933 qnid
512 3862 687 3918 comitentur.
719 3862 753 3917 Et
762 3864 873 3936 quando
886 3866 1007 3921 veniant.
1022 3867 1055 3921 Et
1140 3863 1205 3921 (iar.
1229 3862 1288 3919 xv,
1309 3863 1416 3918 Dicitur
1430 3864 1512 3918 etiam
1527 3862 1638 3934 quando
1653 3858 1865 3933 negligentiaole

263 3957 374 4026 quando
387 3956 495 4012 abeant.
510 3954 544 4011 Et
562 3963 624 4011 utra
634 3957 787 4029 ignorantia
798 3958 885 4029 magis
899 3959 935 4014 sit
947 3975 1005 4027 rea,
1020 3976 1056 4017 an
1104 3960 1201 4013 riatur.
1225 3956 1258 4011 Et
1278 3955 1388 4028 quando
1408 3955 1525 4027 poenalis
1548 3954 1716 4026 ignorantia.
1737 3952 1768 4007 Et
1784 3948 1865 4023 quando

264 4050 406 4114 exalieno,
422 4065 457 4104 au
468 4064 502 4105 ex
517 4048 704 4121 propri02vitio
714 4050 874 4121 procedens.
887 4050 921 4105 Et
934 4052 969 4108 de
981 4052 1057 4123 igno-
1106 4050 1261 4106 inllrmitas.
1286 4048 1319 4103 Et
1343 4046 1455 4119 quando
1476 4048 1536 4118 ipsa
1559 4048 1596 4103 sit
1615 4062 1676 4103 rea.
1691 4044 1724 4100 Et
1737 4043 1830 4117 quaudo
1840 4042 1864 4096 sit

263 4141 355 4196 rautla
374 4141 497 4212 gentium
515 4148 543 4196 et
563 4139 793 4197 Christianorum.
809 4141 842 4197 Et
853 4149 945 4197 utrum
960 4150 1055 4214 gentes
1106 4141 1242 4198 absoluta.
1258 4139 1292 4194 Et
1308 4141 1380 4196 uude
1394 4141 1453 4197 baec
1467 4139 1614 4197 infirmitas
1626 4146 1656 4195 et
1669 4137 1813 4209 ignorantia
1823 4148 1864 4188 cve

262 4245 299 4287 cx
317 4232 473 4288 nescienter
487 4230 573 4303 gestis
592 4231 710 4287 debcant
723 4234 859 4290 accusari.
874 4232 909 4288 Et
921 4232 955 4290 de
969 4235 1056 4305 irnpe-
1106 4234 1195 4289 uiant.
1212 4234 1246 4289 Et
1260 4234 1334 4306 quod
1348 4233 1390 4289 dis
1402 4232 1495 4289 obviat
1509 4232 1597 4304 gratia
1611 4231 1728 4287 Cbristi.
1744 4229 1775 4285 Et
1786 4232 1865 4297 enpust

262 4322 327 4379 ritia
344 4339 380 4379 ex
402 4322 503 4379 actuali
525 4324 607 4395 culpa
627 4330 656 4380 et
678 4324 807 4396 originali
828 4334 857 4381 et
878 4328 949 4383 mole
963 4326 1055 4383 caune
1106 4323 1187 4381 iidem
1200 4330 1339 4388 maneant,
1361 4331 1444 4379 etan
1464 4328 1624 4378 noceantur
1639 4316 1863 4395 paenaevelculpe.

263 4414 438 4487 procedente.
1106 4416 1140 4471 Et
1164 4414 1238 4471 unde
1253 4417 1329 4471 liant.
1342 4414 1375 4469 Et
1385 4415 1524 4486 quomodo
1537 4414 1620 4469 bomo
1631 4413 1740 4485 primus
1752 4412 1785 4467 sit
1793 4410 1864 4469 betas.

299 4508 365 4563 Gna.
390 4505 435 4563 vt.
456 4507 570 4573 Dicitur,
595 4516 700 4579 postca,
725 4508 798 4566 uude
815 4511 959 4580 proveniat
975 4512 1055 4583 igno·
1106 4517 1134 4565 et
1147 4508 1310 4580 peccaverit,
1326 4515 1354 4564 et
1364 4507 1401 4564 sit
1415 4509 1539 4579 punitus.

264 4599 365 4654 rautia.
396 4600 450 4671 10
473 4600 507 4654 lit
519 4600 593 4656 unde
606 4610 777 4673 aggravetur.
793 4601 827 4656 Et
839 4603 913 4674 quod
928 4604 1055 4661 dilleren-
1145 4600 1211 4657 Can.
1236 4599 1306 4657 illl.
1322 4599 1460 4671 Adjicitur
1475 4600 1659 4671 ignorantiam
1674 4604 1703 4653 et
1713 4592 1865 4651 inlirmitatrn

266 4692 355 4747 rentia
367 4699 411 4747 est
423 4691 494 4747 inter
507 4689 710 4770 bereditarium
723 4700 751 4749 et
764 4694 916 4765 proprium,
931 4702 958 4751 et
971 4696 1055 4751 etiam
1106 4709 1201 4767 peenas
1211 4709 1283 4763 esse,
1298 4710 1354 4749 non
1367 4696 1474 4766 culpas.
1490 4693 1524 4749 Et
1535 4691 1675 4764 quomodo
1688 4691 1718 4745 in
1732 4702 1777 4745 cas
1789 4682 1865 4739 incida

266 4784 340 4840 inter
354 4785 475 4855 propria.
492 4783 525 4839 Et
539 4785 573 4841 de
588 4785 755 4841 baereditatis
768 4785 928 4843 infirmitate
940 4796 968 4843 et
978 4804 1054 4843 com·
1106 4792 1161 4841 tur.
1183 4784 1217 4839 Et
1236 4783 1375 4857 quomodo
1387 4785 1471 4840 borno
1485 4792 1614 4855 gravatus
1626 4798 1661 4838 er
1678 4780 1789 4853 origiue,
1801 4770 1867 4844 lepti·

265 4877 401 4949 plerionis
419 4875 606 4947 corruptione,
622 4884 649 4932 et
662 4877 747 4932 animi
762 4878 952 4935 dissolutione.
1106 4886 1196 4933 matur
1218 4876 1283 4933 dum
1302 4884 1441 4947 peccater
1458 4892 1498 4933 se.
1515 4874 1547 4930 Et
1561 4889 1612 4931 cur
1629 4874 1771 4929 bominum
1783 4868 1831 4922 datr
1843 4862 1866 4917 sit

300 4970 366 5026 Cae.
381 4968 439 5026 vlt.
455 4968 558 5026 Deinde
572 4970 674 5028 diversi
689 4986 772 5028 casus
786 4972 1009 5044 interponuntur,
1024 4980 1055 5029 ut
1106 4970 1252 5035 hebetudo,
1267 4976 1295 5027 et
1317 4970 1460 5042 aegritudo.
1482 4967 1517 5022 Et
1529 4967 1564 5023 de
1579 4965 1740 5037 ignorantia
1756 4954 1867 5033 proveniri

264 5063 426 5120 sistendatur
439 5063 521 5119 bomo
534 5061 710 5134 judicandus,
729 5079 786 5119 non
800 5065 952 5121 secuudum
963 5065 1055 5137 operis
1107 5062 1243 5134 culpabit
1257 5078 1318 5135 quae
1327 5077 1384 5117 non
1398 5061 1435 5116 sit
1445 5059 1625 5116 exsecrabilis
1638 5053 1799 5128 ignorantia.
1809 5042 1866 5103 Die

266 5165 411 5223 eventum,
438 5156 487 5213 sed
511 5155 662 5212 secundum
687 5158 788 5213 mentis
814 5158 994 5229 propositum.
1020 5156 1054 5213 m
1105 5156 1260 5228 ignorantia
1283 5162 1310 5209 et
1332 5152 1493 5208 infirmitate
1517 5157 1580 5207 ante
1600 5142 1866 5237 baptismumetvrttL

266 5250 356 5321 primo
373 5248 407 5306 de
420 5250 580 5321 parentibus
593 5265 677 5320 opere
689 5250 737 5306 lllii
751 5250 915 5308 interiectis.
1141 5248 1205 5305 Car.
1229 5243 1310 5302 xvii.
1333 5244 1436 5301 Deinde
1452 5244 1555 5299 dicitur
1571 5256 1655 5297 omne
1676 5252 1762 5311 genus
1774 5232 1867 5287 animo

301 5340 366 5398 Car.
389 5338 457 5397 Vlll.
484 5340 611 5398 Secundo
633 5341 779 5409 deservo,
801 5350 920 5399 vocante
943 5341 1055 5398 domino
1107 5339 1151 5394 nis
1174 5354 1236 5395 esse
1258 5354 1273 5393 a
1296 5336 1362 5402 Deo,
1378 5344 1405 5393 et
1421 5350 1483 5407 quae
1503 5336 1586 5399 mala,
1601 5340 1628 5389 et
1643 5329 1720 5404 quod
1734 5316 1868 5419 nomentio

265 5434 357 5492 cultro
369 5433 521 5490 interiecto.
1107 5430 1232 5501 sequitur
1254 5429 1371 5513 etdmale
1384 5426 1602 5499 comprehendit,
1617 5424 1693 5481 Deus
1707 5415 1867 5479 ueneratus

301 5526 367 5582 (lar.
378 5526 424 5583 lx.
436 5525 532 5582 'lertio
541 5526 576 5583 de
589 5527 672 5583 lilioa
687 5533 776 5585 matre
783 5527 886 5584 nutrici
894 5526 1053 5594 commisso,
1144 5526 1209 5583 Cra.
1223 5510 1315 5582 ilvltt.
1331 5522 1436 5581 Dehinc
1453 5520 1608 5581 ostenditur
1621 5516 1762 5591 quomodo
1777 5512 1815 5569 bis
1825 5516 1867 5579 Ψ

266 5623 298 5676 ot
309 5617 449 5690 inopinato
463 5616 615 5674 infortunio
628 5627 747 5676 mortuo.
1108 5620 1180 5679 male
1193 5618 1396 5691 prosequimur,
1413 5616 1487 5674 Deus
1498 5616 1571 5673 viam
1585 5618 1664 5686 paret
1682 5594 1868 5681 aequitabit

303 5708 369 5765 Car.
390 5708 423 5765 lc
449 5708 553 5777 Quarto
566 5710 601 5767 de
620 5712 719 5771 aurito
734 5713 834 5773 ancilla
847 5712 883 5771 ab
895 5726 981 5771 uxore
994 5726 1057 5787 sap
1108 5712 1246 5785 quomodo
1259 5711 1442 5784 possidemus.
1466 5708 1500 5764 Et
1523 5723 1559 5763 au
1582 5705 1666 5762 iaciat
1680 5702 1752 5761 Deus
1767 5700 1793 5757 ia
1810 5688 1868 5749 nobs

266 5799 356 5871 posita
368 5800 521 5858 nescienter
533 5800 641 5860 buente
1109 5801 1302 5875 ignorantiam,
1325 5808 1352 5857 et
1368 5797 1566 5857 infirmitatem.
1588 5786 1621 5851 u
1642 5792 1787 5866 quomodo·
1804 5784 1868 5841 [ΗΠ
