<?xml version="1.0" encoding="UTF-8"?>
<!DOCTYPE html PUBLIC "-//W3C//DTD XHTML 1.0 Transitional//EN"
    "http://www.w3.org/TR/xhtml1/DTD/xhtml1-transitional.dtd">
<html xmlns="http://www.w3.org/1999/xhtml" xml:lang="en" lang="en">
 <head>
  <title>
</title>
<meta http-equiv="Content-Type" content="text/html;charset=utf-8" />
  <meta name='ocr-system' content='tesseract 3.04.00' />
  <meta name='ocr-capabilities' content='ocr_page ocr_carea ocr_par ocr_line ocrx_word'/>
</head>
<body>
  <div class='ocr_page' id='page_1' title='image "./patrologiaecurs141migngoog_0425.png"; bbox 0 0 3967 6334; ppageno 0'>
   <div class='ocr_carea' id='block_1_1' title="bbox 87 315 1722 382">
    <p class='ocr_par' dir='ltr' id='par_1_1' title="bbox 87 315 1722 382">
     <span class='ocr_line' id='line_1_1' title="bbox 87 315 1722 382; baseline 0.001 -2"><span class='ocrx_word' id='word_1_1' title='bbox 87 322 138 380; x_wconf 82' lang='lat' dir='ltr'><strong>tit</strong></span> <span class='ocrx_word' id='word_1_2' title='bbox 562 315 832 376; x_wconf 71' lang='lat' dir='ltr'><strong>SENTEthhiiUil</strong></span> <span class='ocrx_word' id='word_1_3' title='bbox 845 319 935 376; x_wconf 84' lang='lat' dir='ltr'><strong>tiititl</strong></span> <span class='ocrx_word' id='word_1_4' title='bbox 954 318 1055 376; x_wconf 81' lang='lat' dir='ltr'><strong>OCTO.</strong></span> <span class='ocrx_word' id='word_1_5' title='bbox 1076 347 1111 360; x_wconf 62' lang='lat'><strong>—*</strong></span> <span class='ocrx_word' id='word_1_6' title='bbox 1130 315 1192 376; x_wconf 83' lang='lat' dir='ltr'><strong>iis.</strong></span> <span class='ocrx_word' id='word_1_7' title='bbox 1216 317 1247 378; x_wconf 73' lang='lat' dir='ltr'><strong>i.</strong></span> <span class='ocrx_word' id='word_1_8' title='bbox 1670 323 1722 382; x_wconf 72' lang='lat' dir='ltr'><strong>Bi!</strong></span> 
     </span>
    </p>
   </div>
   <div class='ocr_carea' id='block_1_2' title="bbox 68 433 1724 5682">
    <p class='ocr_par' dir='ltr' id='par_1_2' title="bbox 68 433 1724 5682">
     <span class='ocr_line' id='line_1_2' title="bbox 382 433 1722 511; baseline 0.004 -19"><span class='ocrx_word' id='word_1_9' title='bbox 382 433 498 492; x_wconf 80' lang='lat' dir='ltr'><strong>carot</strong></span> <span class='ocrx_word' id='word_1_10' title='bbox 516 435 584 493; x_wconf 71' lang='lat' dir='ltr'><strong>xiv,</strong></span> <span class='ocrx_word' id='word_1_11' title='bbox 895 449 919 507; x_wconf 71' lang='grc' dir='ltr'><strong>Α</strong></span> <span class='ocrx_word' id='word_1_12' title='bbox 936 438 989 496; x_wconf 88' lang='lat' dir='ltr'><strong>Sed</strong></span> <span class='ocrx_word' id='word_1_13' title='bbox 1011 439 1077 494; x_wconf 95' lang='lat' dir='ltr'><strong>dum</strong></span> <span class='ocrx_word' id='word_1_14' title='bbox 1094 437 1216 510; x_wconf 83' lang='lat' dir='ltr'><strong>iiiejoco</strong></span> <span class='ocrx_word' id='word_1_15' title='bbox 1234 437 1365 508; x_wconf 82' lang='lat' dir='ltr'><strong>baptizat,</strong></span> <span class='ocrx_word' id='word_1_16' title='bbox 1386 437 1438 494; x_wconf 89' lang='lat' dir='ltr'><strong>istc</strong></span> <span class='ocrx_word' id='word_1_17' title='bbox 1464 435 1536 493; x_wconf 88' lang='lat' dir='ltr'><strong>serio</strong></span> <span class='ocrx_word' id='word_1_18' title='bbox 1557 437 1722 511; x_wconf 87' lang='lat' dir='ltr'><strong>baptizatur,</strong></span> 
     </span>
     <span class='ocr_line' id='line_1_3' title="bbox 87 529 1721 622; baseline -0.001 -18"><span class='ocrx_word' id='word_1_19' title='bbox 87 550 161 618; x_wconf 82' lang='lat' dir='ltr'><strong>Quid</strong></span> <span class='ocrx_word' id='word_1_20' title='bbox 174 552 334 619; x_wconf 74' lang='lat' dir='ltr'><strong>baptismus,</strong></span> <span class='ocrx_word' id='word_1_21' title='bbox 347 548 412 618; x_wconf 77' lang='lat' dir='ltr'><strong>qaid</strong></span> <span class='ocrx_word' id='word_1_22' title='bbox 433 548 550 620; x_wconf 80' lang='lat' dir='ltr'><strong>Spiritus</strong></span> <span class='ocrx_word' id='word_1_23' title='bbox 561 561 670 606; x_wconf 78' lang='lat' dir='ltr'><strong>tenetes</strong></span> <span class='ocrx_word' id='word_1_24' title='bbox 685 552 763 622; x_wconf 71' lang='lat' dir='ltr'><strong>efficit</strong></span> <span class='ocrx_word' id='word_1_25' title='bbox 790 559 816 605; x_wconf 87' lang='lat' dir='ltr'><strong>et</strong></span> <span class='ocrx_word' id='word_1_26' title='bbox 839 550 884 605; x_wconf 81' lang='lat' dir='ltr'><strong>ic·</strong></span> <span class='ocrx_word' id='word_1_27' title='bbox 933 532 1000 602; x_wconf 90' lang='lat' dir='ltr'><strong>qnid</strong></span> <span class='ocrx_word' id='word_1_28' title='bbox 1011 530 1075 586; x_wconf 57' lang='grc' dir='ltr'><strong>ἨΜΘ</strong></span> <span class='ocrx_word' id='word_1_29' title='bbox 1084 530 1192 602; x_wconf 61' lang='lat' dir='ltr'>1³0?le</span> <span class='ocrx_word' id='word_1_30' title='bbox 1207 529 1304 585; x_wconf 63' lang='lat' dir='ltr'>N⁰¹1¹¹e</span> <span class='ocrx_word' id='word_1_31' title='bbox 1318 529 1392 600; x_wconf 63' lang='lat'><strong>(1⁰⁰⁶</strong></span> <span class='ocrx_word' id='word_1_32' title='bbox 1406 529 1440 584; x_wconf 64' lang='lat'><strong>³1¹</strong></span> <span class='ocrx_word' id='word_1_33' title='bbox 1455 544 1486 585; x_wconf 69' lang='lat'><strong>⁵0</strong></span> <span class='ocrx_word' id='word_1_34' title='bbox 1497 530 1616 600; x_wconf 57' lang='lat' dir='ltr'><strong>Destinet</strong></span> <span class='ocrx_word' id='word_1_35' title='bbox 1644 531 1721 598; x_wconf 65' lang='lat' dir='ltr'><strong>s²⁰i²v</strong></span> 
     </span>
     <span class='ocr_line' id='line_1_4' title="bbox 239 619 1723 693; baseline 0.003 -20"><span class='ocrx_word' id='word_1_36' title='bbox 239 619 364 689; x_wconf 74' lang='lat' dir='ltr'><strong>prismae,</strong></span> <span class='ocrx_word' id='word_1_37' title='bbox 378 621 510 691; x_wconf 79' lang='lat' dir='ltr'><strong>quomodo</strong></span> <span class='ocrx_word' id='word_1_38' title='bbox 522 622 558 677; x_wconf 79' lang='lat' dir='ltr'><strong>cit</strong></span> <span class='ocrx_word' id='word_1_39' title='bbox 582 623 732 678; x_wconf 79' lang='lat' dir='ltr'><strong>institutas.</strong></span> <span class='ocrx_word' id='word_1_40' title='bbox 933 623 998 678; x_wconf 92' lang='lat' dir='ltr'><strong>dum</strong></span> <span class='ocrx_word' id='word_1_41' title='bbox 1017 635 1093 676; x_wconf 88' lang='lat' dir='ltr'><strong>more</strong></span> <span class='ocrx_word' id='word_1_42' title='bbox 1105 620 1294 676; x_wconf 88' lang='lat' dir='ltr'><strong>ecclesiastico</strong></span> <span class='ocrx_word' id='word_1_43' title='bbox 1306 619 1445 675; x_wconf 80' lang='lat' dir='ltr'>lavacrum</span> <span class='ocrx_word' id='word_1_44' title='bbox 1460 620 1585 693; x_wconf 80' lang='lat' dir='ltr'><strong>suscipit,</strong></span> <span class='ocrx_word' id='word_1_45' title='bbox 1598 620 1661 677; x_wconf 87' lang='lat' dir='ltr'><strong>licet</strong></span> <span class='ocrx_word' id='word_1_46' title='bbox 1677 623 1723 680; x_wconf 88' lang='lat' dir='ltr'><strong>ille</strong></span> 
     </span>
     <span class='ocr_line' id='line_1_5' title="bbox 124 710 1723 787; baseline 0.002 -20"><span class='ocrx_word' id='word_1_47' title='bbox 124 711 198 784; x_wconf 67' lang='lat'><strong>(229)</strong></span> <span class='ocrx_word' id='word_1_48' title='bbox 214 710 299 768; x_wconf 80' lang='lat' dir='ltr'><strong>Recte</strong></span> <span class='ocrx_word' id='word_1_49' title='bbox 311 727 376 783; x_wconf 86' lang='lat' dir='ltr'><strong>ergo</strong></span> <span class='ocrx_word' id='word_1_50' title='bbox 389 712 418 766; x_wconf 89' lang='lat' dir='ltr'><strong>in</strong></span> <span class='ocrx_word' id='word_1_51' title='bbox 431 714 622 770; x_wconf 80' lang='lat' dir='ltr'><strong>remissionem</strong></span> <span class='ocrx_word' id='word_1_52' title='bbox 634 724 810 787; x_wconf 87' lang='lat' dir='ltr'><strong>peccatorum</strong></span> <span class='ocrx_word' id='word_1_53' title='bbox 837 729 883 770; x_wconf 87' lang='lat' dir='ltr'><strong>oa·</strong></span> <span class='ocrx_word' id='word_1_54' title='bbox 933 714 961 769; x_wconf 92' lang='lat' dir='ltr'><strong>in</strong></span> <span class='ocrx_word' id='word_1_55' title='bbox 971 714 1023 768; x_wconf 94' lang='lat' dir='ltr'><strong>boc</strong></span> <span class='ocrx_word' id='word_1_56' title='bbox 1034 711 1154 770; x_wconf 90' lang='lat' dir='ltr'><strong>offendat</strong></span> <span class='ocrx_word' id='word_1_57' title='bbox 1168 711 1242 784; x_wconf 94' lang='lat' dir='ltr'><strong>quod</strong></span> <span class='ocrx_word' id='word_1_58' title='bbox 1253 711 1377 768; x_wconf 88' lang='lat' dir='ltr'><strong>irrisorie</strong></span> <span class='ocrx_word' id='word_1_59' title='bbox 1390 713 1474 778; x_wconf 83' lang='lat' dir='ltr'><strong>lavat,</strong></span> <span class='ocrx_word' id='word_1_60' title='bbox 1489 719 1656 770; x_wconf 91' lang='lat' dir='ltr'><strong>cumtamen</strong></span> <span class='ocrx_word' id='word_1_61' title='bbox 1677 730 1723 770; x_wconf 91' lang='lat' dir='ltr'><strong>re-</strong></span> 
     </span>
     <span class='ocr_line' id='line_1_6' title="bbox 86 805 1723 880; baseline 0.002 -20"><span class='ocrx_word' id='word_1_62' title='bbox 86 808 188 878; x_wconf 90' lang='lat' dir='ltr'><strong>ptisma</strong></span> <span class='ocrx_word' id='word_1_63' title='bbox 203 806 333 872; x_wconf 90' lang='lat' dir='ltr'><strong>sumitur,</strong></span> <span class='ocrx_word' id='word_1_64' title='bbox 350 806 452 877; x_wconf 87' lang='lat' dir='ltr'><strong>quoda</strong></span> <span class='ocrx_word' id='word_1_65' title='bbox 465 823 546 877; x_wconf 87' lang='lat' dir='ltr'><strong>poena</strong></span> <span class='ocrx_word' id='word_1_66' title='bbox 560 810 666 878; x_wconf 90' lang='lat' dir='ltr'><strong>peccati</strong></span> <span class='ocrx_word' id='word_1_67' title='bbox 682 809 774 872; x_wconf 89' lang='lat' dir='ltr'><strong>solvit,</strong></span> <span class='ocrx_word' id='word_1_68' title='bbox 786 815 813 864; x_wconf 94' lang='lat' dir='ltr'><strong>et</strong></span> <span class='ocrx_word' id='word_1_69' title='bbox 837 809 884 862; x_wconf 87' lang='lat' dir='ltr'><strong>ab·</strong></span> <span class='ocrx_word' id='word_1_70' title='bbox 932 809 1025 880; x_wconf 87' lang='lat' dir='ltr'><strong>gulam</strong></span> <span class='ocrx_word' id='word_1_71' title='bbox 1043 805 1201 878; x_wconf 88' lang='lat' dir='ltr'><strong>baptizandi</strong></span> <span class='ocrx_word' id='word_1_72' title='bbox 1220 821 1276 860; x_wconf 91' lang='lat' dir='ltr'><strong>non</strong></span> <span class='ocrx_word' id='word_1_73' title='bbox 1296 807 1420 863; x_wconf 80' lang='lat' dir='ltr'><strong>excedat.</strong></span> <span class='ocrx_word' id='word_1_74' title='bbox 1438 805 1485 863; x_wconf 92' lang='lat' dir='ltr'><strong>Sic</strong></span> <span class='ocrx_word' id='word_1_75' title='bbox 1498 808 1596 878; x_wconf 89' lang='lat' dir='ltr'><strong>siquis</strong></span> <span class='ocrx_word' id='word_1_76' title='bbox 1611 816 1723 879; x_wconf 88' lang='lat' dir='ltr'><strong>peccata</strong></span> 
     </span>
     <span class='ocr_line' id='line_1_7' title="bbox 88 896 1723 963; baseline 0.003 -11"><span class='ocrx_word' id='word_1_77' title='bbox 88 898 211 952; x_wconf 88' lang='lat' dir='ltr'><strong>solutum</strong></span> <span class='ocrx_word' id='word_1_78' title='bbox 219 896 354 961; x_wconf 86' lang='lat' dir='ltr'><strong>insinuat,</strong></span> <span class='ocrx_word' id='word_1_79' title='bbox 368 903 396 951; x_wconf 91' lang='lat' dir='ltr'><strong>et</strong></span> <span class='ocrx_word' id='word_1_80' title='bbox 411 897 544 954; x_wconf 76' lang='lat' dir='ltr'><strong>vitamet</strong></span> <span class='ocrx_word' id='word_1_81' title='bbox 561 897 614 953; x_wconf 92' lang='lat' dir='ltr'><strong>lide</strong></span> <span class='ocrx_word' id='word_1_82' title='bbox 627 905 720 954; x_wconf 83' lang='lat' dir='ltr'><strong>natam</strong></span> <span class='ocrx_word' id='word_1_83' title='bbox 732 897 880 953; x_wconf 90' lang='lat' dir='ltr'><strong>confortat.</strong></span> <span class='ocrx_word' id='word_1_84' title='bbox 933 899 1109 956; x_wconf 83' lang='lat' dir='ltr'><strong>confitentem</strong></span> <span class='ocrx_word' id='word_1_85' title='bbox 1134 898 1264 956; x_wconf 77' lang='lat' dir='ltr'><strong>sacerdos</strong></span> <span class='ocrx_word' id='word_1_86' title='bbox 1287 899 1411 963; x_wconf 89' lang='lat' dir='ltr'><strong>irrideat,</strong></span> <span class='ocrx_word' id='word_1_87' title='bbox 1425 899 1605 956; x_wconf 90' lang='lat' dir='ltr'><strong>nihilominus</strong></span> <span class='ocrx_word' id='word_1_88' title='bbox 1629 907 1723 962; x_wconf 89' lang='lat' dir='ltr'><strong>tamen</strong></span> 
     </span>
     <span class='ocr_line' id='line_1_8' title="bbox 88 987 1723 1068; baseline 0.003 -24"><span class='ocrx_word' id='word_1_89' title='bbox 88 991 142 1056; x_wconf 81' lang='lat' dir='ltr'><strong>Qui</strong></span> <span class='ocrx_word' id='word_1_90' title='bbox 154 1004 220 1061; x_wconf 85' lang='lat' dir='ltr'><strong>ergo</strong></span> <span class='ocrx_word' id='word_1_91' title='bbox 236 987 370 1059; x_wconf 90' lang='lat' dir='ltr'><strong>Spiritum</strong></span> <span class='ocrx_word' id='word_1_92' title='bbox 382 998 512 1044; x_wconf 91' lang='lat' dir='ltr'><strong>sanctum</strong></span> <span class='ocrx_word' id='word_1_93' title='bbox 524 991 622 1060; x_wconf 82' lang='lat' dir='ltr'><strong>recipit</strong></span> <span class='ocrx_word' id='word_1_94' title='bbox 648 990 800 1062; x_wconf 88' lang='lat' dir='ltr'><strong>perfidem,</strong></span> <span class='ocrx_word' id='word_1_95' title='bbox 818 1006 882 1046; x_wconf 91' lang='lat' dir='ltr'><strong>eum</strong></span> <span class='ocrx_word' id='word_1_96' title='bbox 932 993 1013 1049; x_wconf 90' lang='lat' dir='ltr'><strong>irriso</strong></span> <span class='ocrx_word' id='word_1_97' title='bbox 1025 996 1098 1048; x_wconf 87' lang='lat' dir='ltr'><strong>recte</strong></span> <span class='ocrx_word' id='word_1_98' title='bbox 1110 992 1246 1058; x_wconf 89' lang='lat' dir='ltr'><strong>consulat,</strong></span> <span class='ocrx_word' id='word_1_99' title='bbox 1256 1006 1321 1048; x_wconf 90' lang='lat' dir='ltr'><strong>reus</strong></span> <span class='ocrx_word' id='word_1_100' title='bbox 1332 993 1450 1050; x_wconf 81' lang='lat' dir='ltr'><strong>discrete</strong></span> <span class='ocrx_word' id='word_1_101' title='bbox 1462 991 1596 1049; x_wconf 88' lang='lat' dir='ltr'><strong>confitens</strong></span> <span class='ocrx_word' id='word_1_102' title='bbox 1607 993 1723 1068; x_wconf 81' lang='lat' dir='ltr'><strong>diligen-</strong></span> 
     </span>
     <span class='ocr_line' id='line_1_9' title="bbox 88 1081 1721 1156; baseline 0.004 -20"><span class='ocrx_word' id='word_1_103' title='bbox 88 1083 177 1152; x_wconf 84' lang='lat' dir='ltr'><strong>magis</strong></span> <span class='ocrx_word' id='word_1_104' title='bbox 190 1081 296 1137; x_wconf 88' lang='lat' dir='ltr'><strong>obtinet</strong></span> <span class='ocrx_word' id='word_1_105' title='bbox 310 1082 338 1135; x_wconf 93' lang='lat' dir='ltr'><strong>in</strong></span> <span class='ocrx_word' id='word_1_106' title='bbox 355 1082 573 1152; x_wconf 76' lang='lat' dir='ltr'><strong>regeneratione,</strong></span> <span class='ocrx_word' id='word_1_107' title='bbox 586 1084 723 1154; x_wconf 74' lang='lat' dir='ltr'><strong>praecipue</strong></span> <span class='ocrx_word' id='word_1_108' title='bbox 736 1083 882 1139; x_wconf 90' lang='lat' dir='ltr'><strong>habiturus</strong></span> <span class='ocrx_word' id='word_1_109' title='bbox 933 1091 1029 1156; x_wconf 91' lang='lat' dir='ltr'><strong>terque</strong></span> <span class='ocrx_word' id='word_1_110' title='bbox 1039 1081 1212 1141; x_wconf 75' lang='lat' dir='ltr'><strong>satisfaciens</strong></span> <span class='ocrx_word' id='word_1_111' title='bbox 1225 1098 1241 1138; x_wconf 92' lang='lat' dir='ltr'><strong>a</strong></span> <span class='ocrx_word' id='word_1_112' title='bbox 1253 1089 1332 1139; x_wconf 82' lang='lat' dir='ltr'><strong>reatu</strong></span> <span class='ocrx_word' id='word_1_113' title='bbox 1352 1081 1532 1140; x_wconf 84' lang='lat' dir='ltr'><strong>nihilominus</strong></span> <span class='ocrx_word' id='word_1_114' title='bbox 1559 1083 1721 1147; x_wconf 79' lang='lat' dir='ltr'><strong>absolvitur.</strong></span> 
     </span>
     <span class='ocr_line' id='line_1_10' title="bbox 87 1173 1724 1249; baseline 0 -19"><span class='ocrx_word' id='word_1_115' title='bbox 87 1175 214 1231; x_wconf 90' lang='lat' dir='ltr'><strong>eumdem</strong></span> <span class='ocrx_word' id='word_1_116' title='bbox 226 1176 254 1230; x_wconf 93' lang='lat' dir='ltr'><strong>in</strong></span> <span class='ocrx_word' id='word_1_117' title='bbox 265 1173 484 1240; x_wconf 88' lang='lat' dir='ltr'><strong>confirmatione,</strong></span> <span class='ocrx_word' id='word_1_118' title='bbox 496 1176 549 1231; x_wconf 93' lang='lat' dir='ltr'><strong>boc</strong></span> <span class='ocrx_word' id='word_1_119' title='bbox 561 1192 680 1248; x_wconf 91' lang='lat' dir='ltr'><strong>namque</strong></span> <span class='ocrx_word' id='word_1_120' title='bbox 693 1184 736 1233; x_wconf 92' lang='lat' dir='ltr'><strong>cst</strong></span> <span class='ocrx_word' id='word_1_121' title='bbox 750 1176 882 1249; x_wconf 90' lang='lat' dir='ltr'><strong>Spiritum</strong></span> <span class='ocrx_word' id='word_1_122' title='bbox 932 1175 1034 1233; x_wconf 85' lang='lat' dir='ltr'><strong>Contra</strong></span> <span class='ocrx_word' id='word_1_123' title='bbox 1048 1176 1071 1231; x_wconf 92' lang='lat' dir='ltr'><strong>si</strong></span> <span class='ocrx_word' id='word_1_124' title='bbox 1088 1177 1150 1246; x_wconf 91' lang='lat' dir='ltr'><strong>quis</strong></span> <span class='ocrx_word' id='word_1_125' title='bbox 1163 1175 1298 1231; x_wconf 89' lang='lat' dir='ltr'><strong>catholice</strong></span> <span class='ocrx_word' id='word_1_126' title='bbox 1311 1190 1360 1245; x_wconf 87' lang='lat' dir='ltr'><strong>per</strong></span> <span class='ocrx_word' id='word_1_127' title='bbox 1373 1175 1466 1231; x_wconf 87' lang='lat' dir='ltr'><strong>omnia</strong></span> <span class='ocrx_word' id='word_1_128' title='bbox 1479 1175 1610 1246; x_wconf 89' lang='lat' dir='ltr'><strong>baptizat,</strong></span> <span class='ocrx_word' id='word_1_129' title='bbox 1632 1176 1724 1247; x_wconf 89' lang='lat' dir='ltr'><strong>bapti·</strong></span> 
     </span>
     <span class='ocr_line' id='line_1_11' title="bbox 84 1267 1724 1340; baseline 0.003 -19"><span class='ocrx_word' id='word_1_130' title='bbox 84 1270 169 1337; x_wconf 71' lang='lat' dir='ltr'><strong>qrrasi</strong></span> <span class='ocrx_word' id='word_1_131' title='bbox 182 1267 348 1339; x_wconf 90' lang='lat' dir='ltr'><strong>quibusdam</strong></span> <span class='ocrx_word' id='word_1_132' title='bbox 360 1267 492 1339; x_wconf 91' lang='lat' dir='ltr'><strong>gradibus</strong></span> <span class='ocrx_word' id='word_1_133' title='bbox 503 1269 655 1340; x_wconf 84' lang='lat' dir='ltr'><strong>suscipere,</strong></span> <span class='ocrx_word' id='word_1_134' title='bbox 668 1283 717 1340; x_wconf 91' lang='lat' dir='ltr'><strong>per</strong></span> <span class='ocrx_word' id='word_1_135' title='bbox 732 1275 882 1339; x_wconf 86' lang='lat' dir='ltr'><strong>augmenta</strong></span> <span class='ocrx_word' id='word_1_136' title='bbox 933 1269 1038 1326; x_wconf 85' lang='lat' dir='ltr'><strong>raudus</strong></span> <span class='ocrx_word' id='word_1_137' title='bbox 1049 1275 1143 1325; x_wconf 89' lang='lat' dir='ltr'><strong>&#39;autem</strong></span> <span class='ocrx_word' id='word_1_138' title='bbox 1158 1269 1283 1325; x_wconf 90' lang='lat' dir='ltr'><strong>irrisorio</strong></span> <span class='ocrx_word' id='word_1_139' title='bbox 1294 1270 1388 1326; x_wconf 90' lang='lat' dir='ltr'><strong>animo</strong></span> <span class='ocrx_word' id='word_1_140' title='bbox 1400 1269 1526 1336; x_wconf 82' lang='lat' dir='ltr'><strong>accedat,</strong></span> <span class='ocrx_word' id='word_1_141' title='bbox 1543 1285 1634 1327; x_wconf 91' lang='lat' dir='ltr'><strong>nonne</strong></span> <span class='ocrx_word' id='word_1_142' title='bbox 1662 1272 1724 1328; x_wconf 87' lang='lat' dir='ltr'><strong>irri-</strong></span> 
     </span>
     <span class='ocr_line' id='line_1_12' title="bbox 88 1357 1723 1434; baseline 0.003 -21"><span class='ocrx_word' id='word_1_143' title='bbox 88 1360 244 1430; x_wconf 88' lang='lat' dir='ltr'><strong>promoreri</strong></span> <span class='ocrx_word' id='word_1_144' title='bbox 258 1361 337 1416; x_wconf 70' lang='lat' dir='ltr'><strong>bonae</strong></span> <span class='ocrx_word' id='word_1_145' title='bbox 348 1361 421 1415; x_wconf 74' lang='lat' dir='ltr'><strong>ritae.</strong></span> <span class='ocrx_word' id='word_1_146' title='bbox 434 1357 513 1416; x_wconf 87' lang='lat' dir='ltr'><strong>Unde</strong></span> <span class='ocrx_word' id='word_1_147' title='bbox 529 1359 662 1432; x_wconf 89' lang='lat' dir='ltr'><strong>Spiritum</strong></span> <span class='ocrx_word' id='word_1_148' title='bbox 674 1376 731 1416; x_wconf 93' lang='lat' dir='ltr'><strong>non</strong></span> <span class='ocrx_word' id='word_1_149' title='bbox 744 1361 829 1417; x_wconf 89' lang='lat' dir='ltr'><strong>semel</strong></span> <span class='ocrx_word' id='word_1_150' title='bbox 839 1360 881 1415; x_wconf 92' lang='lat' dir='ltr'><strong>di·</strong></span> <span class='ocrx_word' id='word_1_151' title='bbox 932 1361 974 1416; x_wconf 91' lang='lat' dir='ltr'><strong>sio</strong></span> <span class='ocrx_word' id='word_1_152' title='bbox 988 1362 1060 1416; x_wconf 90' lang='lat' dir='ltr'><strong>sicut</strong></span> <span class='ocrx_word' id='word_1_153' title='bbox 1071 1360 1145 1416; x_wconf 90' lang='lat' dir='ltr'><strong>fictio</strong></span> <span class='ocrx_word' id='word_1_154' title='bbox 1162 1377 1220 1416; x_wconf 87' lang='lat' dir='ltr'><strong>rem</strong></span> <span class='ocrx_word' id='word_1_155' title='bbox 1240 1361 1404 1416; x_wconf 86' lang='lat' dir='ltr'><strong>sacramenti</strong></span> <span class='ocrx_word' id='word_1_156' title='bbox 1424 1362 1509 1430; x_wconf 89' lang='lat' dir='ltr'><strong>tollit;</strong></span> <span class='ocrx_word' id='word_1_157' title='bbox 1524 1362 1615 1434; x_wconf 90' lang='lat' dir='ltr'><strong>ipsum</strong></span> <span class='ocrx_word' id='word_1_158' title='bbox 1629 1371 1723 1421; x_wconf 90' lang='lat' dir='ltr'><strong>tamen</strong></span> 
     </span>
     <span class='ocr_line' id='line_1_13' title="bbox 87 1450 1724 1528; baseline 0.002 -17"><span class='ocrx_word' id='word_1_159' title='bbox 87 1455 186 1526; x_wconf 83' lang='lat' dir='ltr'><strong>scipuli</strong></span> <span class='ocrx_word' id='word_1_160' title='bbox 211 1461 403 1525; x_wconf 90' lang='lat' dir='ltr'><strong>acceperunt:</strong></span> <span class='ocrx_word' id='word_1_161' title='bbox 430 1450 550 1525; x_wconf 88' lang='lat' dir='ltr'><strong>Spiritus</strong></span> <span class='ocrx_word' id='word_1_162' title='bbox 574 1455 702 1510; x_wconf 92' lang='lat' dir='ltr'><strong>nimirum</strong></span> <span class='ocrx_word' id='word_1_163' title='bbox 732 1470 782 1527; x_wconf 92' lang='lat' dir='ltr'><strong>per</strong></span> <span class='ocrx_word' id='word_1_164' title='bbox 801 1456 881 1512; x_wconf 83' lang='lat' dir='ltr'><strong>fidem</strong></span> <span class='ocrx_word' id='word_1_165' title='bbox 932 1456 1135 1510; x_wconf 87' lang='lat' dir='ltr'><strong>sacramentum</strong></span> <span class='ocrx_word' id='word_1_166' title='bbox 1155 1453 1252 1509; x_wconf 89' lang='lat' dir='ltr'><strong>tollere</strong></span> <span class='ocrx_word' id='word_1_167' title='bbox 1279 1453 1389 1524; x_wconf 86' lang='lat' dir='ltr'><strong>nequit?</strong></span> <span class='ocrx_word' id='word_1_168' title='bbox 1412 1453 1567 1526; x_wconf 90' lang='lat' dir='ltr'><strong>baptizatus</strong></span> <span class='ocrx_word' id='word_1_169' title='bbox 1583 1471 1648 1528; x_wconf 80' lang='lat' dir='ltr'><strong>ergo</strong></span> <span class='ocrx_word' id='word_1_170' title='bbox 1666 1471 1724 1514; x_wconf 89' lang='lat' dir='ltr'><strong>nott</strong></span> 
     </span>
     <span class='ocr_line' id='line_1_14' title="bbox 86 1543 1724 1621; baseline 0.004 -21"><span class='ocrx_word' id='word_1_171' title='bbox 86 1545 218 1609; x_wconf 77' lang='lat' dir='ltr'><strong>vivificat,</strong></span> <span class='ocrx_word' id='word_1_172' title='bbox 234 1547 263 1602; x_wconf 91' lang='lat' dir='ltr'><strong>in</strong></span> <span class='ocrx_word' id='word_1_173' title='bbox 273 1547 411 1618; x_wconf 88' lang='lat' dir='ltr'><strong>baptismo</strong></span> <span class='ocrx_word' id='word_1_174' title='bbox 421 1553 520 1602; x_wconf 91' lang='lat' dir='ltr'><strong>contra</strong></span> <span class='ocrx_word' id='word_1_175' title='bbox 530 1547 596 1602; x_wconf 79' lang='lat' dir='ltr'><strong>vitia</strong></span> <span class='ocrx_word' id='word_1_176' title='bbox 609 1548 759 1612; x_wconf 88' lang='lat' dir='ltr'><strong>confortat,</strong></span> <span class='ocrx_word' id='word_1_177' title='bbox 772 1549 800 1603; x_wconf 92' lang='lat' dir='ltr'><strong>in</strong></span> <span class='ocrx_word' id='word_1_178' title='bbox 814 1565 882 1605; x_wconf 87' lang='lat' dir='ltr'><strong>con·</strong></span> <span class='ocrx_word' id='word_1_179' title='bbox 931 1544 1081 1600; x_wconf 90' lang='lat' dir='ltr'><strong>mundatus</strong></span> <span class='ocrx_word' id='word_1_180' title='bbox 1092 1543 1209 1600; x_wconf 90' lang='lat' dir='ltr'><strong>videtur.</strong></span> <span class='ocrx_word' id='word_1_181' title='bbox 1229 1543 1274 1601; x_wconf 87' lang='lat' dir='ltr'><strong>Sic</strong></span> <span class='ocrx_word' id='word_1_182' title='bbox 1293 1547 1358 1602; x_wconf 89' lang='lat' dir='ltr'><strong>lieet</strong></span> <span class='ocrx_word' id='word_1_183' title='bbox 1374 1547 1437 1618; x_wconf 92' lang='lat' dir='ltr'><strong>quis</strong></span> <span class='ocrx_word' id='word_1_184' title='bbox 1463 1546 1623 1621; x_wconf 83' lang='lat' dir='ltr'><strong>eonjugium</strong></span> <span class='ocrx_word' id='word_1_185' title='bbox 1642 1548 1724 1620; x_wconf 87' lang='lat' dir='ltr'><strong>quasi</strong></span> 
     </span>
     <span class='ocr_line' id='line_1_15' title="bbox 87 1636 1724 1711; baseline 0 -19"><span class='ocrx_word' id='word_1_186' title='bbox 87 1637 244 1693; x_wconf 80' lang='lat' dir='ltr'><strong>firmatione</strong></span> <span class='ocrx_word' id='word_1_187' title='bbox 259 1637 294 1693; x_wconf 87' lang='lat' dir='ltr'><strong>ad</strong></span> <span class='ocrx_word' id='word_1_188' title='bbox 303 1639 373 1694; x_wconf 87' lang='lat' dir='ltr'><strong>bene</strong></span> <span class='ocrx_word' id='word_1_189' title='bbox 381 1637 518 1710; x_wconf 83' lang='lat' dir='ltr'><strong>agendum</strong></span> <span class='ocrx_word' id='word_1_190' title='bbox 527 1644 614 1709; x_wconf 86' lang='lat' dir='ltr'><strong>aptat.</strong></span> <span class='ocrx_word' id='word_1_191' title='bbox 628 1637 711 1696; x_wconf 84' lang='lat' dir='ltr'><strong>Fides</strong></span> <span class='ocrx_word' id='word_1_192' title='bbox 725 1655 801 1696; x_wconf 91' lang='lat' dir='ltr'><strong>more</strong></span> <span class='ocrx_word' id='word_1_193' title='bbox 818 1655 882 1711; x_wconf 78' lang='lat' dir='ltr'><strong>poe-</strong></span> <span class='ocrx_word' id='word_1_194' title='bbox 931 1636 998 1692; x_wconf 93' lang='lat' dir='ltr'><strong>ludo</strong></span> <span class='ocrx_word' id='word_1_195' title='bbox 1007 1636 1187 1702; x_wconf 86' lang='lat' dir='ltr'><strong>contraxerit,</strong></span> <span class='ocrx_word' id='word_1_196' title='bbox 1202 1637 1288 1692; x_wconf 90' lang='lat' dir='ltr'><strong>nihilo</strong></span> <span class='ocrx_word' id='word_1_197' title='bbox 1303 1639 1390 1710; x_wconf 88' lang='lat' dir='ltr'><strong>magis</strong></span> <span class='ocrx_word' id='word_1_198' title='bbox 1410 1643 1503 1692; x_wconf 89' lang='lat' dir='ltr'><strong>tamen</strong></span> <span class='ocrx_word' id='word_1_199' title='bbox 1526 1636 1584 1692; x_wconf 93' lang='lat' dir='ltr'><strong>ludi</strong></span> <span class='ocrx_word' id='word_1_200' title='bbox 1604 1637 1724 1709; x_wconf 77' lang='lat' dir='ltr'><strong>obiectio</strong></span> 
     </span>
     <span class='ocr_line' id='line_1_16' title="bbox 87 1727 1723 1802; baseline -0.001 -16"><span class='ocrx_word' id='word_1_201' title='bbox 87 1731 210 1786; x_wconf 73' lang='lat' dir='ltr'><strong>nitentia</strong></span> <span class='ocrx_word' id='word_1_202' title='bbox 223 1731 350 1798; x_wconf 90' lang='lat' dir='ltr'><strong>suscitat,</strong></span> <span class='ocrx_word' id='word_1_203' title='bbox 364 1731 520 1802; x_wconf 84' lang='lat' dir='ltr'><strong>baptismus</strong></span> <span class='ocrx_word' id='word_1_204' title='bbox 534 1746 611 1788; x_wconf 91' lang='lat' dir='ltr'><strong>more</strong></span> <span class='ocrx_word' id='word_1_205' title='bbox 622 1729 808 1788; x_wconf 89' lang='lat' dir='ltr'><strong>confessionis</strong></span> <span class='ocrx_word' id='word_1_206' title='bbox 835 1748 882 1789; x_wconf 90' lang='lat' dir='ltr'><strong>sa·</strong></span> <span class='ocrx_word' id='word_1_207' title='bbox 931 1728 1090 1799; x_wconf 84' lang='lat' dir='ltr'><strong>conjugium</strong></span> <span class='ocrx_word' id='word_1_208' title='bbox 1119 1727 1217 1784; x_wconf 89' lang='lat' dir='ltr'><strong>initum</strong></span> <span class='ocrx_word' id='word_1_209' title='bbox 1244 1728 1393 1802; x_wconf 81' lang='lat' dir='ltr'><strong>separabit.</strong></span> <span class='ocrx_word' id='word_1_210' title='bbox 1418 1727 1464 1784; x_wconf 88' lang='lat' dir='ltr'><strong>Sic</strong></span> <span class='ocrx_word' id='word_1_211' title='bbox 1487 1743 1552 1800; x_wconf 85' lang='lat' dir='ltr'><strong>ergo</strong></span> <span class='ocrx_word' id='word_1_212' title='bbox 1569 1729 1633 1786; x_wconf 88' lang='lat' dir='ltr'><strong>binc</strong></span> <span class='ocrx_word' id='word_1_213' title='bbox 1659 1731 1723 1786; x_wconf 89' lang='lat' dir='ltr'><strong>inde</strong></span> 
     </span>
     <span class='ocr_line' id='line_1_17' title="bbox 86 1794 1722 1894; baseline 0.003 -20"><span class='ocrx_word' id='word_1_214' title='bbox 86 1827 145 1885; x_wconf 91' lang='lat' dir='ltr'><strong>nat,</strong></span> <span class='ocrx_word' id='word_1_215' title='bbox 160 1819 333 1876; x_wconf 88' lang='lat' dir='ltr'><strong>confirmatio</strong></span> <span class='ocrx_word' id='word_1_216' title='bbox 345 1835 422 1876; x_wconf 90' lang='lat' dir='ltr'><strong>more</strong></span> <span class='ocrx_word' id='word_1_217' title='bbox 432 1818 630 1876; x_wconf 80' lang='lat' dir='ltr'><strong>satisfactionis</strong></span> <span class='ocrx_word' id='word_1_218' title='bbox 641 1828 758 1893; x_wconf 88' lang='lat' dir='ltr'><strong>vegetat.</strong></span> <span class='ocrx_word' id='word_1_219' title='bbox 775 1819 879 1888; x_wconf 86' lang='lat' dir='ltr'><strong>Primo,</strong></span> <span class='ocrx_word' id='word_1_220' title='bbox 896 1794 990 1876; x_wconf 67' lang='grc' dir='ltr'><strong>Βιοιι</strong></span> <span class='ocrx_word' id='word_1_221' title='bbox 1004 1821 1132 1894; x_wconf 88' lang='lat' dir='ltr'><strong>baptismi</strong></span> <span class='ocrx_word' id='word_1_222' title='bbox 1148 1824 1219 1876; x_wconf 86' lang='lat' dir='ltr'><strong>actio</strong></span> <span class='ocrx_word' id='word_1_223' title='bbox 1233 1821 1354 1878; x_wconf 85' lang='lat' dir='ltr'><strong>irrisorie</strong></span> <span class='ocrx_word' id='word_1_224' title='bbox 1368 1823 1467 1894; x_wconf 88' lang='lat' dir='ltr'><strong>agitur,</strong></span> <span class='ocrx_word' id='word_1_225' title='bbox 1479 1829 1588 1879; x_wconf 90' lang='lat' dir='ltr'><strong>tantum</strong></span> <span class='ocrx_word' id='word_1_226' title='bbox 1600 1823 1668 1880; x_wconf 92' lang='lat' dir='ltr'><strong>ordo</strong></span> <span class='ocrx_word' id='word_1_227' title='bbox 1677 1839 1722 1880; x_wconf 90' lang='lat' dir='ltr'><strong>sa-</strong></span> 
     </span>
     <span class='ocr_line' id='line_1_18' title="bbox 86 1912 1723 1986; baseline 0.001 -17"><span class='ocrx_word' id='word_1_228' title='bbox 86 1921 150 1986; x_wconf 90' lang='lat' dir='ltr'><strong>post</strong></span> <span class='ocrx_word' id='word_1_229' title='bbox 160 1921 278 1969; x_wconf 90' lang='lat' dir='ltr'><strong>mortem</strong></span> <span class='ocrx_word' id='word_1_230' title='bbox 289 1916 396 1982; x_wconf 90' lang='lat' dir='ltr'><strong>vivum;</strong></span> <span class='ocrx_word' id='word_1_231' title='bbox 420 1913 552 1978; x_wconf 90' lang='lat' dir='ltr'><strong>secundo,</strong></span> <span class='ocrx_word' id='word_1_232' title='bbox 566 1921 629 1983; x_wconf 90' lang='lat' dir='ltr'><strong>post</strong></span> <span class='ocrx_word' id='word_1_233' title='bbox 651 1915 811 1985; x_wconf 71' lang='lat' dir='ltr'><strong>languorem</strong></span> <span class='ocrx_word' id='word_1_234' title='bbox 835 1930 882 1970; x_wconf 89' lang='lat' dir='ltr'><strong>sa·</strong></span> <span class='ocrx_word' id='word_1_235' title='bbox 932 1913 1066 1968; x_wconf 76' lang='lat' dir='ltr'><strong>crementi</strong></span> <span class='ocrx_word' id='word_1_236' title='bbox 1076 1912 1128 1968; x_wconf 89' lang='lat' dir='ltr'><strong>rite</strong></span> <span class='ocrx_word' id='word_1_237' title='bbox 1137 1919 1369 1978; x_wconf 85' lang='lat' dir='ltr'><strong>teneatur,curea</strong></span> <span class='ocrx_word' id='word_1_238' title='bbox 1381 1929 1442 1984; x_wconf 85' lang='lat' dir='ltr'><strong>quae</strong></span> <span class='ocrx_word' id='word_1_239' title='bbox 1454 1929 1539 1986; x_wconf 86' lang='lat' dir='ltr'><strong>perse</strong></span> <span class='ocrx_word' id='word_1_240' title='bbox 1550 1923 1723 1970; x_wconf 83' lang='lat' dir='ltr'><strong>sacramento</strong></span> 
     </span>
     <span class='ocr_line' id='line_1_19' title="bbox 85 2005 1723 2080; baseline 0.001 -18"><span class='ocrx_word' id='word_1_241' title='bbox 85 2021 165 2076; x_wconf 88' lang='lat' dir='ltr'><strong>num;</strong></span> <span class='ocrx_word' id='word_1_242' title='bbox 179 2010 271 2074; x_wconf 91' lang='lat' dir='ltr'><strong>tertio,</strong></span> <span class='ocrx_word' id='word_1_243' title='bbox 288 2014 351 2080; x_wconf 92' lang='lat' dir='ltr'><strong>post</strong></span> <span class='ocrx_word' id='word_1_244' title='bbox 365 2006 484 2064; x_wconf 91' lang='lat' dir='ltr'><strong>salutem</strong></span> <span class='ocrx_word' id='word_1_245' title='bbox 498 2007 654 2063; x_wconf 89' lang='lat' dir='ltr'><strong>robustum.</strong></span> <span class='ocrx_word' id='word_1_246' title='bbox 684 2005 737 2072; x_wconf 81' lang='lat' dir='ltr'><strong>Qui</strong></span> <span class='ocrx_word' id='word_1_247' title='bbox 759 2022 880 2079; x_wconf 77' lang='lat' dir='ltr'><strong>ergoet</strong></span> <span class='ocrx_word' id='word_1_248' title='bbox 932 2006 1000 2062; x_wconf 89' lang='lat' dir='ltr'><strong>nihil</strong></span> <span class='ocrx_word' id='word_1_249' title='bbox 1014 2005 1144 2072; x_wconf 84' lang='lat' dir='ltr'><strong>obiciunt,</strong></span> <span class='ocrx_word' id='word_1_250' title='bbox 1157 2007 1303 2077; x_wconf 75' lang='lat' dir='ltr'><strong>coniuncta</strong></span> <span class='ocrx_word' id='word_1_251' title='bbox 1314 2007 1723 2080; x_wconf 78' lang='lat' dir='ltr'><strong>exstinguantillliudnimirum</strong></span> 
     </span>
     <span class='ocr_line' id='line_1_20' title="bbox 84 2097 1723 2173; baseline -0.001 -14"><span class='ocrx_word' id='word_1_252' title='bbox 84 2102 278 2173; x_wconf 71' lang='lat' dir='ltr'><strong>sanguinibus,</strong></span> <span class='ocrx_word' id='word_1_253' title='bbox 292 2100 321 2156; x_wconf 91' lang='lat' dir='ltr'><strong>id</strong></span> <span class='ocrx_word' id='word_1_254' title='bbox 331 2107 374 2157; x_wconf 90' lang='lat' dir='ltr'><strong>est</strong></span> <span class='ocrx_word' id='word_1_255' title='bbox 387 2097 549 2172; x_wconf 87' lang='lat' dir='ltr'><strong>parentibus</strong></span> <span class='ocrx_word' id='word_1_256' title='bbox 559 2100 617 2157; x_wconf 91' lang='lat' dir='ltr'><strong>nati</strong></span> <span class='ocrx_word' id='word_1_257' title='bbox 635 2104 699 2156; x_wconf 92' lang='lat' dir='ltr'><strong>sunt</strong></span> <span class='ocrx_word' id='word_1_258' title='bbox 712 2098 747 2154; x_wconf 93' lang='lat' dir='ltr'><strong>ad</strong></span> <span class='ocrx_word' id='word_1_259' title='bbox 761 2100 879 2169; x_wconf 87' lang='lat' dir='ltr'><strong>culpam,</strong></span> <span class='ocrx_word' id='word_1_260' title='bbox 931 2105 1187 2156; x_wconf 87' lang='lat' dir='ltr'><strong>estsacramentum</strong></span> <span class='ocrx_word' id='word_1_261' title='bbox 1203 2100 1293 2169; x_wconf 86' lang='lat' dir='ltr'><strong>ipsum</strong></span> <span class='ocrx_word' id='word_1_262' title='bbox 1308 2099 1417 2168; x_wconf 84' lang='lat' dir='ltr'><strong>ridere;</strong></span> <span class='ocrx_word' id='word_1_263' title='bbox 1431 2100 1506 2156; x_wconf 93' lang='lat' dir='ltr'><strong>aliud</strong></span> <span class='ocrx_word' id='word_1_264' title='bbox 1533 2101 1600 2173; x_wconf 89' lang='lat' dir='ltr'><strong>quid</strong></span> <span class='ocrx_word' id='word_1_265' title='bbox 1629 2117 1723 2158; x_wconf 83' lang='lat' dir='ltr'><strong>sacra·</strong></span> 
     </span>
     <span class='ocr_line' id='line_1_21' title="bbox 83 2189 1724 2265; baseline 0.001 -16"><span class='ocrx_word' id='word_1_266' title='bbox 83 2193 176 2250; x_wconf 90' lang='lat' dir='ltr'><strong>denuo</strong></span> <span class='ocrx_word' id='word_1_267' title='bbox 186 2194 215 2250; x_wconf 91' lang='lat' dir='ltr'><strong>in</strong></span> <span class='ocrx_word' id='word_1_268' title='bbox 225 2210 296 2265; x_wconf 90' lang='lat' dir='ltr'><strong>aqua</strong></span> <span class='ocrx_word' id='word_1_269' title='bbox 311 2209 359 2265; x_wconf 88' lang='lat' dir='ltr'><strong>per</strong></span> <span class='ocrx_word' id='word_1_270' title='bbox 373 2191 505 2263; x_wconf 87' lang='lat' dir='ltr'><strong>Spiritum</strong></span> <span class='ocrx_word' id='word_1_271' title='bbox 517 2209 551 2249; x_wconf 86' lang='lat' dir='ltr'><strong>ex</strong></span> <span class='ocrx_word' id='word_1_272' title='bbox 571 2192 627 2250; x_wconf 85' lang='lat' dir='ltr'><strong>beo</strong></span> <span class='ocrx_word' id='word_1_273' title='bbox 641 2198 826 2249; x_wconf 88' lang='lat' dir='ltr'><strong>renascuntur</strong></span> <span class='ocrx_word' id='word_1_274' title='bbox 845 2192 881 2248; x_wconf 84' lang='lat' dir='ltr'><strong>ad</strong></span> <span class='ocrx_word' id='word_1_275' title='bbox 931 2197 1025 2246; x_wconf 88' lang='lat' dir='ltr'><strong>mento</strong></span> <span class='ocrx_word' id='word_1_276' title='bbox 1051 2199 1148 2262; x_wconf 80' lang='lat' dir='ltr'><strong>agatur</strong></span> <span class='ocrx_word' id='word_1_277' title='bbox 1174 2191 1319 2262; x_wconf 88' lang='lat' dir='ltr'><strong>inspicere.</strong></span> <span class='ocrx_word' id='word_1_278' title='bbox 1348 2189 1555 2249; x_wconf 89' lang='lat' dir='ltr'><strong>Sacramentum</strong></span> <span class='ocrx_word' id='word_1_279' title='bbox 1578 2194 1666 2251; x_wconf 89' lang='lat' dir='ltr'><strong>oculis</strong></span> <span class='ocrx_word' id='word_1_280' title='bbox 1693 2209 1724 2250; x_wconf 87' lang='lat' dir='ltr'><strong>se</strong></span> 
     </span>
     <span class='ocr_line' id='line_1_22' title="bbox 83 2281 1723 2358; baseline 0.002 -19"><span class='ocrx_word' id='word_1_281' title='bbox 83 2285 169 2339; x_wconf 75' lang='lat' dir='ltr'><strong>sitam</strong></span> <span class='ocrx_word' id='word_1_282' title='bbox 183 2291 354 2339; x_wconf 87' lang='lat' dir='ltr'><strong>:nascuntur</strong></span> <span class='ocrx_word' id='word_1_283' title='bbox 364 2290 483 2348; x_wconf 81' lang='lat' dir='ltr'><strong>setores,</strong></span> <span class='ocrx_word' id='word_1_284' title='bbox 497 2283 579 2338; x_wconf 90' lang='lat' dir='ltr'><strong>idest</strong></span> <span class='ocrx_word' id='word_1_285' title='bbox 602 2282 650 2337; x_wconf 88' lang='lat' dir='ltr'><strong>filii</strong></span> <span class='ocrx_word' id='word_1_286' title='bbox 659 2283 717 2348; x_wconf 81' lang='lat' dir='ltr'><strong>irae,</strong></span> <span class='ocrx_word' id='word_1_287' title='bbox 729 2298 881 2338; x_wconf 87' lang='lat' dir='ltr'><strong>renascun-</strong></span> <span class='ocrx_word' id='word_1_288' title='bbox 931 2281 1023 2349; x_wconf 90' lang='lat' dir='ltr'><strong>offert,</strong></span> <span class='ocrx_word' id='word_1_289' title='bbox 1034 2298 1080 2339; x_wconf 93' lang='lat' dir='ltr'><strong>res</strong></span> <span class='ocrx_word' id='word_1_290' title='bbox 1092 2283 1152 2355; x_wconf 89' lang='lat' dir='ltr'><strong>ipsa</strong></span> <span class='ocrx_word' id='word_1_291' title='bbox 1166 2295 1257 2340; x_wconf 85' lang='lat' dir='ltr'><strong>mente</strong></span> <span class='ocrx_word' id='word_1_292' title='bbox 1266 2284 1429 2358; x_wconf 83' lang='lat' dir='ltr'><strong>vestigatur.</strong></span> <span class='ocrx_word' id='word_1_293' title='bbox 1458 2284 1668 2344; x_wconf 88' lang='lat' dir='ltr'><strong>Sacramentum</strong></span> <span class='ocrx_word' id='word_1_294' title='bbox 1693 2288 1723 2342; x_wconf 89' lang='lat' dir='ltr'><strong>fit</strong></span> 
     </span>
     <span class='ocr_line' id='line_1_23' title="bbox 83 2373 1724 2448; baseline 0.001 -16"><span class='ocrx_word' id='word_1_295' title='bbox 83 2386 131 2433; x_wconf 87' lang='lat' dir='ltr'><strong>tur</strong></span> <span class='ocrx_word' id='word_1_296' title='bbox 143 2379 218 2443; x_wconf 87' lang='lat' dir='ltr'><strong>nori,</strong></span> <span class='ocrx_word' id='word_1_297' title='bbox 229 2377 258 2432; x_wconf 92' lang='lat' dir='ltr'><strong>id</strong></span> <span class='ocrx_word' id='word_1_298' title='bbox 268 2384 311 2433; x_wconf 91' lang='lat' dir='ltr'><strong>est</strong></span> <span class='ocrx_word' id='word_1_299' title='bbox 321 2377 370 2433; x_wconf 80' lang='lat' dir='ltr'><strong>filii</strong></span> <span class='ocrx_word' id='word_1_300' title='bbox 379 2375 438 2433; x_wconf 86' lang='lat' dir='ltr'><strong>bei.</strong></span> <span class='ocrx_word' id='word_1_301' title='bbox 451 2375 633 2448; x_wconf 73' lang='lat' dir='ltr'><strong>degeneratio</strong></span> <span class='ocrx_word' id='word_1_302' title='bbox 646 2381 741 2432; x_wconf 89' lang='lat' dir='ltr'><strong>tamen</strong></span> <span class='ocrx_word' id='word_1_303' title='bbox 751 2376 880 2431; x_wconf 90' lang='lat' dir='ltr'><strong>inchoata</strong></span> <span class='ocrx_word' id='word_1_304' title='bbox 931 2373 960 2429; x_wconf 90' lang='lat' dir='ltr'><strong>in</strong></span> <span class='ocrx_word' id='word_1_305' title='bbox 972 2389 1098 2446; x_wconf 89' lang='lat' dir='ltr'><strong>corpore,</strong></span> <span class='ocrx_word' id='word_1_306' title='bbox 1109 2374 1198 2430; x_wconf 89' lang='lat' dir='ltr'><strong>virtus</strong></span> <span class='ocrx_word' id='word_1_307' title='bbox 1211 2381 1303 2430; x_wconf 88' lang='lat' dir='ltr'><strong>autem</strong></span> <span class='ocrx_word' id='word_1_308' title='bbox 1315 2378 1481 2432; x_wconf 87' lang='lat' dir='ltr'><strong>sacramenti</strong></span> <span class='ocrx_word' id='word_1_309' title='bbox 1495 2376 1523 2432; x_wconf 92' lang='lat' dir='ltr'><strong>in</strong></span> <span class='ocrx_word' id='word_1_310' title='bbox 1538 2383 1638 2434; x_wconf 89' lang='lat' dir='ltr'><strong>mente.</strong></span> <span class='ocrx_word' id='word_1_311' title='bbox 1654 2377 1724 2434; x_wconf 81' lang='lat' dir='ltr'><strong>Cor-</strong></span> 
     </span>
     <span class='ocr_line' id='line_1_24' title="bbox 85 2463 1722 2542; baseline 0.001 -18"><span class='ocrx_word' id='word_1_312' title='bbox 85 2467 151 2535; x_wconf 87' lang='lat' dir='ltr'><strong>hde,</strong></span> <span class='ocrx_word' id='word_1_313' title='bbox 174 2486 245 2542; x_wconf 91' lang='lat' dir='ltr'><strong>aqua</strong></span> <span class='ocrx_word' id='word_1_314' title='bbox 258 2475 445 2542; x_wconf 83' lang='lat' dir='ltr'><strong>promovetur,</strong></span> <span class='ocrx_word' id='word_1_315' title='bbox 471 2467 637 2526; x_wconf 89' lang='lat' dir='ltr'><strong>cumulanda</strong></span> <span class='ocrx_word' id='word_1_316' title='bbox 660 2469 880 2524; x_wconf 86' lang='lat' dir='ltr'><strong>confirmatione.</strong></span> <span class='ocrx_word' id='word_1_317' title='bbox 932 2467 1104 2541; x_wconf 91' lang='lat' dir='ltr'><strong>pusdemum</strong></span> <span class='ocrx_word' id='word_1_318' title='bbox 1116 2483 1187 2539; x_wconf 90' lang='lat' dir='ltr'><strong>aqua</strong></span> <span class='ocrx_word' id='word_1_319' title='bbox 1199 2469 1316 2534; x_wconf 83' lang='lat' dir='ltr'><strong>lavatur,</strong></span> <span class='ocrx_word' id='word_1_320' title='bbox 1328 2463 1497 2526; x_wconf 81' lang='lat' dir='ltr'><strong>animarem</strong></span> <span class='ocrx_word' id='word_1_321' title='bbox 1509 2469 1613 2542; x_wconf 86' lang='lat' dir='ltr'><strong>Spiritu</strong></span> <span class='ocrx_word' id='word_1_322' title='bbox 1640 2485 1722 2526; x_wconf 91' lang='lat' dir='ltr'><strong>mun-</strong></span> 
     </span>
     <span class='ocr_line' id='line_1_25' title="bbox 121 2558 1022 2632; baseline 0.006 -18"><span class='ocrx_word' id='word_1_323' title='bbox 121 2560 175 2617; x_wconf 90' lang='lat' dir='ltr'><strong>Sed</strong></span> <span class='ocrx_word' id='word_1_324' title='bbox 193 2561 217 2616; x_wconf 79' lang='lat' dir='ltr'><strong>si</strong></span> <span class='ocrx_word' id='word_1_325' title='bbox 235 2559 347 2616; x_wconf 79' lang='lat' dir='ltr'><strong>aduente</strong></span> <span class='ocrx_word' id='word_1_326' title='bbox 359 2559 476 2631; x_wconf 74' lang='lat' dir='ltr'><strong>Spiritui</strong></span> <span class='ocrx_word' id='word_1_327' title='bbox 492 2561 579 2616; x_wconf 85' lang='lat' dir='ltr'><strong>sancti</strong></span> <span class='ocrx_word' id='word_1_328' title='bbox 593 2561 713 2616; x_wconf 74' lang='lat' dir='ltr'><strong>remissio</strong></span> <span class='ocrx_word' id='word_1_329' title='bbox 729 2558 810 2632; x_wconf 58' lang='lat' dir='ltr'><strong>15ss</strong></span> <span class='ocrx_word' id='word_1_330' title='bbox 821 2575 881 2630; x_wconf 86' lang='lat' dir='ltr'><strong>pec-</strong></span> <span class='ocrx_word' id='word_1_331' title='bbox 931 2561 1022 2619; x_wconf 91' lang='lat' dir='ltr'><strong>datur.</strong></span> 
     </span>
     <span class='ocr_line' id='line_1_26' title="bbox 81 2651 1429 2725; baseline 0.004 -18"><span class='ocrx_word' id='word_1_332' title='bbox 81 2661 217 2721; x_wconf 75' lang='lat' dir='ltr'><strong>catorum,</strong></span> <span class='ocrx_word' id='word_1_333' title='bbox 230 2655 288 2724; x_wconf 79' lang='lat' dir='ltr'><strong>ipsc</strong></span> <span class='ocrx_word' id='word_1_334' title='bbox 314 2653 421 2710; x_wconf 79' lang='lat' dir='ltr'><strong>deinum</strong></span> <span class='ocrx_word' id='word_1_335' title='bbox 438 2654 601 2725; x_wconf 80' lang='lat' dir='ltr'><strong>regeneratio</strong></span> <span class='ocrx_word' id='word_1_336' title='bbox 626 2655 707 2710; x_wconf 83' lang='lat' dir='ltr'><strong>etiam</strong></span> <span class='ocrx_word' id='word_1_337' title='bbox 724 2661 785 2708; x_wconf 81' lang='lat' dir='ltr'><strong>cate</strong></span> <span class='ocrx_word' id='word_1_338' title='bbox 805 2654 881 2709; x_wconf 84' lang='lat' dir='ltr'><strong>icoo·</strong></span> <span class='ocrx_word' id='word_1_339' title='bbox 1221 2651 1336 2710; x_wconf 82' lang='lat' dir='ltr'><strong>CAPUT</strong></span> <span class='ocrx_word' id='word_1_340' title='bbox 1358 2653 1429 2712; x_wconf 82' lang='lat' dir='ltr'><strong>livi.</strong></span> 
     </span>
     <span class='ocr_line' id='line_1_27' title="bbox 82 2743 1594 2819; baseline 0.003 -20"><span class='ocrx_word' id='word_1_341' title='bbox 82 2763 160 2800; x_wconf 82' lang='lat' dir='ltr'><strong>cram</strong></span> <span class='ocrx_word' id='word_1_342' title='bbox 182 2745 313 2801; x_wconf 80' lang='lat' dir='ltr'><strong>obtinetur</strong></span> <span class='ocrx_word' id='word_1_343' title='bbox 320 2763 330 2812; x_wconf 94' lang='lat'><strong>,·</strong></span> <span class='ocrx_word' id='word_1_344' title='bbox 355 2746 477 2818; x_wconf 77' lang='lat' dir='ltr'><strong>quidest</strong></span> <span class='ocrx_word' id='word_1_345' title='bbox 498 2743 568 2818; x_wconf 82' lang='lat' dir='ltr'><strong>quod</strong></span> <span class='ocrx_word' id='word_1_346' title='bbox 597 2744 704 2800; x_wconf 85' lang='lat' dir='ltr'><strong>fooocro</strong></span> <span class='ocrx_word' id='word_1_347' title='bbox 731 2745 881 2816; x_wconf 79' lang='lat' dir='ltr'><strong>specialiter</strong></span> <span class='ocrx_word' id='word_1_348' title='bbox 1059 2747 1317 2802; x_wconf 79' lang='lat' dir='ltr'><strong>Dcnotarnfcuocri</strong></span> <span class='ocrx_word' id='word_1_349' title='bbox 1340 2755 1365 2802; x_wconf 85' lang='lat' dir='ltr'><strong>ct</strong></span> <span class='ocrx_word' id='word_1_350' title='bbox 1391 2745 1594 2819; x_wconf 74' lang='lat' dir='ltr'><strong>significatione.</strong></span> 
     </span>
     <span class='ocr_line' id='line_1_28' title="bbox 81 2836 1724 2914; baseline 0.005 -21"><span class='ocrx_word' id='word_1_351' title='bbox 81 2839 250 2895; x_wconf 71' lang='lat' dir='ltr'><strong>ascribitur?</strong></span> <span class='ocrx_word' id='word_1_352' title='bbox 272 2838 326 2895; x_wconf 87' lang='lat' dir='ltr'><strong>Sed</strong></span> <span class='ocrx_word' id='word_1_353' title='bbox 338 2841 559 2911; x_wconf 87' lang='lat' dir='ltr'><strong>quandocunque</strong></span> <span class='ocrx_word' id='word_1_354' title='bbox 585 2839 643 2894; x_wconf 90' lang='lat' dir='ltr'><strong>baec</strong></span> <span class='ocrx_word' id='word_1_355' title='bbox 662 2839 798 2904; x_wconf 89' lang='lat' dir='ltr'><strong>accidant,</strong></span> <span class='ocrx_word' id='word_1_356' title='bbox 810 2854 880 2910; x_wconf 91' lang='lat' dir='ltr'><strong>quo-</strong></span> <span class='ocrx_word' id='word_1_357' title='bbox 968 2836 1042 2912; x_wconf 71' lang='lat' dir='ltr'><strong>(Til)</strong></span> <span class='ocrx_word' id='word_1_358' title='bbox 1060 2839 1267 2896; x_wconf 88' lang='lat' dir='ltr'><strong>Sacramentum</strong></span> <span class='ocrx_word' id='word_1_359' title='bbox 1282 2855 1347 2911; x_wconf 90' lang='lat' dir='ltr'><strong>ergo</strong></span> <span class='ocrx_word' id='word_1_360' title='bbox 1371 2841 1510 2912; x_wconf 91' lang='lat' dir='ltr'><strong>baptismi,</strong></span> <span class='ocrx_word' id='word_1_361' title='bbox 1537 2841 1612 2914; x_wconf 88' lang='lat' dir='ltr'><strong>quod</strong></span> <span class='ocrx_word' id='word_1_362' title='bbox 1634 2847 1724 2902; x_wconf 93' lang='lat' dir='ltr'><strong>totum</strong></span> 
     </span>
     <span class='ocr_line' id='line_1_29' title="bbox 82 2930 1721 3004; baseline 0.002 -18"><span class='ocrx_word' id='word_1_363' title='bbox 82 2933 160 2986; x_wconf 88' lang='lat' dir='ltr'><strong>niam</strong></span> <span class='ocrx_word' id='word_1_364' title='bbox 178 2932 302 2988; x_wconf 90' lang='lat' dir='ltr'><strong>accidere</strong></span> <span class='ocrx_word' id='word_1_365' title='bbox 317 2933 472 3004; x_wconf 90' lang='lat' dir='ltr'><strong>baptismus</strong></span> <span class='ocrx_word' id='word_1_366' title='bbox 484 2933 585 3004; x_wconf 88' lang='lat' dir='ltr'><strong>signat,</strong></span> <span class='ocrx_word' id='word_1_367' title='bbox 600 2932 698 2988; x_wconf 90' lang='lat' dir='ltr'><strong>merito</strong></span> <span class='ocrx_word' id='word_1_368' title='bbox 717 2931 752 2987; x_wconf 92' lang='lat' dir='ltr'><strong>ad</strong></span> <span class='ocrx_word' id='word_1_369' title='bbox 774 2930 880 3002; x_wconf 89' lang='lat' dir='ltr'><strong>baptis·</strong></span> <span class='ocrx_word' id='word_1_370' title='bbox 931 2931 1105 2988; x_wconf 76' lang='lat' dir='ltr'><strong>extrinsecus</strong></span> <span class='ocrx_word' id='word_1_371' title='bbox 1119 2932 1218 3002; x_wconf 87' lang='lat' dir='ltr'><strong>agitur,</strong></span> <span class='ocrx_word' id='word_1_372' title='bbox 1234 2933 1370 3004; x_wconf 84' lang='lat' dir='ltr'><strong>integram</strong></span> <span class='ocrx_word' id='word_1_373' title='bbox 1383 2932 1426 2987; x_wconf 90' lang='lat' dir='ltr'><strong>sui</strong></span> <span class='ocrx_word' id='word_1_374' title='bbox 1439 2933 1567 2990; x_wconf 89' lang='lat' dir='ltr'><strong>obtinens</strong></span> <span class='ocrx_word' id='word_1_375' title='bbox 1583 2942 1721 3000; x_wconf 89' lang='lat' dir='ltr'><strong>naturam,</strong></span> 
     </span>
     <span class='ocr_line' id='line_1_30' title="bbox 82 3020 1723 3098; baseline 0.001 -18"><span class='ocrx_word' id='word_1_376' title='bbox 82 3040 161 3080; x_wconf 92' lang='lat' dir='ltr'><strong>mum</strong></span> <span class='ocrx_word' id='word_1_377' title='bbox 175 3026 312 3096; x_wconf 87' lang='lat' dir='ltr'><strong>pertinere</strong></span> <span class='ocrx_word' id='word_1_378' title='bbox 323 3025 495 3096; x_wconf 82' lang='lat' dir='ltr'><strong>judicantur.</strong></span> <span class='ocrx_word' id='word_1_379' title='bbox 931 3023 1036 3078; x_wconf 92' lang='lat' dir='ltr'><strong>nullum</strong></span> <span class='ocrx_word' id='word_1_380' title='bbox 1045 3023 1156 3078; x_wconf 88' lang='lat' dir='ltr'><strong>omnino</strong></span> <span class='ocrx_word' id='word_1_381' title='bbox 1164 3020 1273 3078; x_wconf 89' lang='lat' dir='ltr'><strong>videtur</strong></span> <span class='ocrx_word' id='word_1_382' title='bbox 1281 3024 1421 3094; x_wconf 89' lang='lat' dir='ltr'><strong>suscipere</strong></span> <span class='ocrx_word' id='word_1_383' title='bbox 1429 3023 1633 3088; x_wconf 83' lang='lat' dir='ltr'><strong>detrimentum,</strong></span> <span class='ocrx_word' id='word_1_384' title='bbox 1642 3027 1723 3098; x_wconf 78' lang='lat' dir='ltr'><strong>quid-</strong></span> 
     </span>
     <span class='ocr_line' id='line_1_31' title="bbox 119 3112 1723 3202; baseline 0 -28"><span class='ocrx_word' id='word_1_385' title='bbox 119 3116 260 3188; x_wconf 75' lang='lat' dir='ltr'><strong>liaptisma</strong></span> <span class='ocrx_word' id='word_1_386' title='bbox 289 3127 381 3174; x_wconf 93' lang='lat' dir='ltr'><strong>autem</strong></span> <span class='ocrx_word' id='word_1_387' title='bbox 410 3133 467 3173; x_wconf 88' lang='lat' dir='ltr'><strong>non</strong></span> <span class='ocrx_word' id='word_1_388' title='bbox 495 3116 581 3172; x_wconf 87' lang='lat' dir='ltr'><strong>alium</strong></span> <span class='ocrx_word' id='word_1_389' title='bbox 600 3115 746 3187; x_wconf 88' lang='lat' dir='ltr'><strong>liquorem,</strong></span> <span class='ocrx_word' id='word_1_390' title='bbox 772 3112 915 3202; x_wconf 75' lang='lat' dir='ltr'><strong>aliudrec</strong></span> <span class='ocrx_word' id='word_1_391' title='bbox 931 3113 998 3186; x_wconf 89' lang='lat' dir='ltr'><strong>quid</strong></span> <span class='ocrx_word' id='word_1_392' title='bbox 1008 3113 1146 3170; x_wconf 90' lang='lat' dir='ltr'><strong>irrisionis</strong></span> <span class='ocrx_word' id='word_1_393' title='bbox 1158 3113 1339 3184; x_wconf 83' lang='lat' dir='ltr'><strong>cujuslibetve</strong></span> <span class='ocrx_word' id='word_1_394' title='bbox 1350 3113 1453 3172; x_wconf 91' lang='lat' dir='ltr'><strong>erroris</strong></span> <span class='ocrx_word' id='word_1_395' title='bbox 1468 3115 1496 3170; x_wconf 90' lang='lat' dir='ltr'><strong>in</strong></span> <span class='ocrx_word' id='word_1_396' title='bbox 1510 3127 1604 3173; x_wconf 90' lang='lat' dir='ltr'><strong>mente</strong></span> <span class='ocrx_word' id='word_1_397' title='bbox 1629 3131 1723 3174; x_wconf 77' lang='lat' dir='ltr'><strong>uerse-</strong></span> 
     </span>
     <span class='ocr_line' id='line_1_32' title="bbox 80 3205 1722 3283; baseline 0.001 -17"><span class='ocrx_word' id='word_1_398' title='bbox 80 3211 252 3267; x_wconf 84' lang='lat' dir='ltr'><strong>elementum</strong></span> <span class='ocrx_word' id='word_1_399' title='bbox 265 3211 372 3283; x_wconf 90' lang='lat' dir='ltr'><strong>recipit,</strong></span> <span class='ocrx_word' id='word_1_400' title='bbox 388 3217 488 3282; x_wconf 83' lang='lat' dir='ltr'><strong>praeter</strong></span> <span class='ocrx_word' id='word_1_401' title='bbox 497 3225 608 3281; x_wconf 85' lang='lat' dir='ltr'><strong>aquam,</strong></span> <span class='ocrx_word' id='word_1_402' title='bbox 625 3215 739 3263; x_wconf 90' lang='lat' dir='ltr'><strong>auctore</strong></span> <span class='ocrx_word' id='word_1_403' title='bbox 749 3205 876 3272; x_wconf 82' lang='lat' dir='ltr'><strong>Domino,</strong></span> <span class='ocrx_word' id='word_1_404' title='bbox 931 3216 987 3275; x_wconf 90' lang='lat' dir='ltr'><strong>tur,</strong></span> <span class='ocrx_word' id='word_1_405' title='bbox 996 3215 1043 3264; x_wconf 90' lang='lat' dir='ltr'><strong>aut</strong></span> <span class='ocrx_word' id='word_1_406' title='bbox 1058 3209 1223 3280; x_wconf 89' lang='lat' dir='ltr'><strong>baptizantis</strong></span> <span class='ocrx_word' id='word_1_407' title='bbox 1236 3215 1284 3264; x_wconf 86' lang='lat' dir='ltr'><strong>aut</strong></span> <span class='ocrx_word' id='word_1_408' title='bbox 1297 3209 1435 3280; x_wconf 88' lang='lat' dir='ltr'><strong>baptisma</strong></span> <span class='ocrx_word' id='word_1_409' title='bbox 1445 3211 1631 3282; x_wconf 85' lang='lat' dir='ltr'><strong>suscipientis.</strong></span> <span class='ocrx_word' id='word_1_410' title='bbox 1642 3209 1722 3266; x_wconf 57' lang='lat' dir='ltr'><strong>blunn</strong></span> 
     </span>
     <span class='ocr_line' id='line_1_33' title="bbox 80 3298 1722 3377; baseline -0.002 -17"><span class='ocrx_word' id='word_1_411' title='bbox 80 3305 132 3377; x_wconf 89' lang='lat' dir='ltr'><strong>qui</strong></span> <span class='ocrx_word' id='word_1_412' title='bbox 144 3306 182 3360; x_wconf 90' lang='lat' dir='ltr'><strong>ait</strong></span> <span class='ocrx_word' id='word_1_413' title='bbox 198 3325 206 3360; x_wconf 89' lang='lat'>:</span> <span class='ocrx_word' id='word_1_414' title='bbox 221 3303 248 3359; x_wconf 87' lang='grc' dir='ltr'><em>Ν</em></span> <span class='ocrx_word' id='word_1_415' title='bbox 251 3306 285 3360; x_wconf 80' lang='lat' dir='ltr'><strong>isi</strong></span> <span class='ocrx_word' id='word_1_416' title='bbox 297 3306 358 3376; x_wconf 77' lang='lat' dir='ltr'><strong>qais</strong></span> <span class='ocrx_word' id='word_1_417' title='bbox 370 3312 479 3360; x_wconf 77' lang='lat' dir='ltr'><strong>renatus</strong></span> <span class='ocrx_word' id='word_1_418' title='bbox 490 3303 570 3373; x_wconf 73' lang='lat' dir='ltr'><strong>ssent</strong></span> <span class='ocrx_word' id='word_1_419' title='bbox 583 3317 616 3358; x_wconf 77' lang='lat' dir='ltr'><strong>ea</strong></span> <span class='ocrx_word' id='word_1_420' title='bbox 628 3319 710 3375; x_wconf 80' lang='lat' dir='ltr'><strong>aquo,</strong></span> <span class='ocrx_word' id='word_1_421' title='bbox 721 3309 775 3357; x_wconf 90' lang='lat' dir='ltr'><strong>etc.</strong></span> <span class='ocrx_word' id='word_1_422' title='bbox 785 3298 875 3371; x_wconf 78' lang='lat' dir='ltr'><strong>(loon.</strong></span> <span class='ocrx_word' id='word_1_423' title='bbox 931 3299 1015 3368; x_wconf 89' lang='lat' dir='ltr'><strong>ditiae,</strong></span> <span class='ocrx_word' id='word_1_424' title='bbox 1028 3307 1139 3373; x_wconf 89' lang='lat' dir='ltr'><strong>propter</strong></span> <span class='ocrx_word' id='word_1_425' title='bbox 1154 3315 1238 3372; x_wconf 89' lang='lat' dir='ltr'><strong>quam</strong></span> <span class='ocrx_word' id='word_1_426' title='bbox 1252 3305 1459 3357; x_wconf 88' lang='lat' dir='ltr'><strong>sacramentum</strong></span> <span class='ocrx_word' id='word_1_427' title='bbox 1474 3301 1637 3372; x_wconf 89' lang='lat' dir='ltr'><strong>suscipitur,</strong></span> <span class='ocrx_word' id='word_1_428' title='bbox 1652 3315 1722 3374; x_wconf 90' lang='lat' dir='ltr'><strong>quo-</strong></span> 
     </span>
     <span class='ocr_line' id='line_1_34' title="bbox 81 3389 1722 3472; baseline -0.002 -19"><span class='ocrx_word' id='word_1_429' title='bbox 81 3398 181 3472; x_wconf 52' lang='grc' dir='ltr'><strong>ηιμ.)</strong></span> <span class='ocrx_word' id='word_1_430' title='bbox 200 3397 294 3470; x_wconf 86' lang='lat' dir='ltr'><strong>Neque</strong></span> <span class='ocrx_word' id='word_1_431' title='bbox 305 3415 376 3469; x_wconf 90' lang='lat' dir='ltr'><strong>aqua</strong></span> <span class='ocrx_word' id='word_1_432' title='bbox 389 3396 490 3455; x_wconf 87' lang='lat' dir='ltr'><strong>suflicit</strong></span> <span class='ocrx_word' id='word_1_433' title='bbox 503 3400 562 3453; x_wconf 90' lang='lat' dir='ltr'><strong>sine</strong></span> <span class='ocrx_word' id='word_1_434' title='bbox 586 3396 759 3452; x_wconf 88' lang='lat' dir='ltr'><strong>invocatione</strong></span> <span class='ocrx_word' id='word_1_435' title='bbox 784 3389 877 3450; x_wconf 92' lang='lat' dir='ltr'><strong>Trini·</strong></span> <span class='ocrx_word' id='word_1_436' title='bbox 931 3391 1004 3447; x_wconf 89' lang='lat' dir='ltr'><strong>niam</strong></span> <span class='ocrx_word' id='word_1_437' title='bbox 1021 3398 1047 3447; x_wconf 90' lang='lat' dir='ltr'><strong>ct</strong></span> <span class='ocrx_word' id='word_1_438' title='bbox 1062 3392 1121 3464; x_wconf 90' lang='lat' dir='ltr'><strong>ipsa</strong></span> <span class='ocrx_word' id='word_1_439' title='bbox 1133 3391 1302 3448; x_wconf 87' lang='lat' dir='ltr'><strong>intrinsecus</strong></span> <span class='ocrx_word' id='word_1_440' title='bbox 1321 3393 1422 3465; x_wconf 86' lang='lat' dir='ltr'><strong>agitur,</strong></span> <span class='ocrx_word' id='word_1_441' title='bbox 1438 3392 1554 3448; x_wconf 88' lang='lat' dir='ltr'><strong>interior</strong></span> <span class='ocrx_word' id='word_1_442' title='bbox 1569 3407 1658 3460; x_wconf 88' lang='lat' dir='ltr'><strong>error,</strong></span> <span class='ocrx_word' id='word_1_443' title='bbox 1670 3405 1722 3449; x_wconf 89' lang='lat' dir='ltr'><strong>nec</strong></span> 
     </span>
     <span class='ocr_line' id='line_1_35' title="bbox 77 3482 1721 3558; baseline -0.003 -12"><span class='ocrx_word' id='word_1_444' title='bbox 77 3491 167 3558; x_wconf 82' lang='lat' dir='ltr'><strong>tatis3</strong></span> <span class='ocrx_word' id='word_1_445' title='bbox 188 3490 261 3546; x_wconf 91' lang='lat' dir='ltr'><strong>unde</strong></span> <span class='ocrx_word' id='word_1_446' title='bbox 288 3488 423 3546; x_wconf 84' lang='lat' dir='ltr'><strong>Dominus</strong></span> <span class='ocrx_word' id='word_1_447' title='bbox 445 3489 586 3544; x_wconf 90' lang='lat' dir='ltr'><strong>mandavit</strong></span> <span class='ocrx_word' id='word_1_448' title='bbox 617 3486 752 3558; x_wconf 85' lang='lat' dir='ltr'><strong>baptizari</strong></span> <span class='ocrx_word' id='word_1_449' title='bbox 781 3501 878 3541; x_wconf 90' lang='lat' dir='ltr'><strong>omnes</strong></span> <span class='ocrx_word' id='word_1_450' title='bbox 930 3484 1037 3540; x_wconf 89' lang='lat' dir='ltr'><strong>alienus</strong></span> <span class='ocrx_word' id='word_1_451' title='bbox 1058 3483 1106 3540; x_wconf 89' lang='lat' dir='ltr'><strong>sed</strong></span> <span class='ocrx_word' id='word_1_452' title='bbox 1120 3485 1248 3555; x_wconf 91' lang='lat' dir='ltr'><strong>pmprius</strong></span> <span class='ocrx_word' id='word_1_453' title='bbox 1262 3483 1324 3555; x_wconf 84' lang='lat' dir='ltr'><strong>jure</strong></span> <span class='ocrx_word' id='word_1_454' title='bbox 1341 3490 1449 3541; x_wconf 89' lang='lat' dir='ltr'><strong>noceat.</strong></span> <span class='ocrx_word' id='word_1_455' title='bbox 1466 3482 1512 3542; x_wconf 87' lang='lat' dir='ltr'><strong>Sic</strong></span> <span class='ocrx_word' id='word_1_456' title='bbox 1525 3485 1548 3540; x_wconf 90' lang='lat' dir='ltr'><strong>si</strong></span> <span class='ocrx_word' id='word_1_457' title='bbox 1561 3486 1682 3542; x_wconf 81' lang='lat' dir='ltr'><strong>exterius</strong></span> <span class='ocrx_word' id='word_1_458' title='bbox 1692 3487 1721 3542; x_wconf 91' lang='lat' dir='ltr'><strong>in</strong></span> 
     </span>
     <span class='ocr_line' id='line_1_36' title="bbox 79 3575 1723 3651; baseline 0 -15"><span class='ocrx_word' id='word_1_459' title='bbox 79 3586 181 3651; x_wconf 87' lang='lat' dir='ltr'><strong>gentes</strong></span> <span class='ocrx_word' id='word_1_460' title='bbox 196 3599 203 3634; x_wconf 89' lang='lat'>:</span> <span class='ocrx_word' id='word_1_461' title='bbox 219 3577 372 3636; x_wconf 85' lang='lat' dir='ltr'><strong>innomine</strong></span> <span class='ocrx_word' id='word_1_462' title='bbox 390 3577 493 3644; x_wconf 86' lang='lat' dir='ltr'><strong>Patris,</strong></span> <span class='ocrx_word' id='word_1_463' title='bbox 507 3584 534 3634; x_wconf 90' lang='lat' dir='ltr'><strong>et</strong></span> <span class='ocrx_word' id='word_1_464' title='bbox 549 3576 621 3643; x_wconf 87' lang='lat' dir='ltr'><strong>Filii,</strong></span> <span class='ocrx_word' id='word_1_465' title='bbox 632 3585 660 3633; x_wconf 90' lang='lat' dir='ltr'><strong>et</strong></span> <span class='ocrx_word' id='word_1_466' title='bbox 678 3575 797 3649; x_wconf 89' lang='lat' dir='ltr'><strong>Spiritus</strong></span> <span class='ocrx_word' id='word_1_467' title='bbox 812 3591 877 3632; x_wconf 89' lang='lat' dir='ltr'><strong>san·</strong></span> <span class='ocrx_word' id='word_1_468' title='bbox 929 3579 1037 3634; x_wconf 89' lang='lat' dir='ltr'><strong>actione</strong></span> <span class='ocrx_word' id='word_1_469' title='bbox 1049 3577 1214 3634; x_wconf 86' lang='lat' dir='ltr'><strong>sacramenti</strong></span> <span class='ocrx_word' id='word_1_470' title='bbox 1236 3585 1354 3646; x_wconf 91' lang='lat' dir='ltr'><strong>erratur,</strong></span> <span class='ocrx_word' id='word_1_471' title='bbox 1370 3586 1436 3636; x_wconf 92' lang='lat' dir='ltr'><strong>tunc</strong></span> <span class='ocrx_word' id='word_1_472' title='bbox 1444 3576 1555 3634; x_wconf 91' lang='lat' dir='ltr'><strong>demum</strong></span> <span class='ocrx_word' id='word_1_473' title='bbox 1568 3593 1723 3638; x_wconf 82' lang='lat' dir='ltr'><strong>sacramen·</strong></span> 
     </span>
     <span class='ocr_line' id='line_1_37' title="bbox 79 3670 1720 3746; baseline 0 -17"><span class='ocrx_word' id='word_1_474' title='bbox 79 3675 121 3729; x_wconf 87' lang='lat' dir='ltr'><strong>eti</strong></span> <span class='ocrx_word' id='word_1_475' title='bbox 137 3671 247 3746; x_wconf 82' lang='lat' dir='ltr'><strong>(liettb.</strong></span> <span class='ocrx_word' id='word_1_476' title='bbox 261 3689 319 3738; x_wconf 82' lang='lat' dir='ltr'><strong>xix,</strong></span> <span class='ocrx_word' id='word_1_477' title='bbox 330 3673 388 3744; x_wconf 73' lang='lat'><strong>28).</strong></span> <span class='ocrx_word' id='word_1_478' title='bbox 408 3671 555 3744; x_wconf 89' lang='lat' dir='ltr'><strong>Baptizari,</strong></span> <span class='ocrx_word' id='word_1_479' title='bbox 570 3671 598 3726; x_wconf 91' lang='lat' dir='ltr'><strong>id</strong></span> <span class='ocrx_word' id='word_1_480' title='bbox 619 3677 662 3727; x_wconf 90' lang='lat' dir='ltr'><strong>cst</strong></span> <span class='ocrx_word' id='word_1_481' title='bbox 677 3670 780 3726; x_wconf 87' lang='lat' dir='ltr'><strong>lavacri</strong></span> <span class='ocrx_word' id='word_1_482' title='bbox 804 3670 878 3725; x_wconf 89' lang='lat' dir='ltr'><strong>trina</strong></span> <span class='ocrx_word' id='word_1_483' title='bbox 928 3677 987 3728; x_wconf 92' lang='lat' dir='ltr'><strong>tum</strong></span> <span class='ocrx_word' id='word_1_484' title='bbox 1000 3673 1091 3744; x_wconf 88' lang='lat' dir='ltr'><strong>ipsum</strong></span> <span class='ocrx_word' id='word_1_485' title='bbox 1105 3673 1282 3744; x_wconf 88' lang='lat' dir='ltr'><strong>periclitetur.</strong></span> <span class='ocrx_word' id='word_1_486' title='bbox 1300 3671 1330 3729; x_wconf 91' lang='lat' dir='ltr'><strong>Si</strong></span> <span class='ocrx_word' id='word_1_487' title='bbox 1343 3680 1433 3728; x_wconf 86' lang='lat' dir='ltr'><strong>autem</strong></span> <span class='ocrx_word' id='word_1_488' title='bbox 1449 3675 1602 3744; x_wconf 87' lang='lat' dir='ltr'><strong>periculum</strong></span> <span class='ocrx_word' id='word_1_489' title='bbox 1623 3689 1720 3730; x_wconf 81' lang='lat' dir='ltr'><strong>sacra-</strong></span> 
     </span>
     <span class='ocr_line' id='line_1_38' title="bbox 80 3763 1719 3838; baseline 0.002 -15"><span class='ocrx_word' id='word_1_490' title='bbox 80 3767 235 3832; x_wconf 88' lang='lat' dir='ltr'><strong>mersione,</strong></span> <span class='ocrx_word' id='word_1_491' title='bbox 251 3767 323 3822; x_wconf 91' lang='lat' dir='ltr'><strong>sicut</strong></span> <span class='ocrx_word' id='word_1_492' title='bbox 336 3763 480 3823; x_wconf 86' lang='lat' dir='ltr'><strong>Trinitatis</strong></span> <span class='ocrx_word' id='word_1_493' title='bbox 492 3767 677 3824; x_wconf 89' lang='lat' dir='ltr'><strong>invocatione.</strong></span> <span class='ocrx_word' id='word_1_494' title='bbox 702 3763 820 3819; x_wconf 89' lang='lat' dir='ltr'><strong>Tantum</strong></span> <span class='ocrx_word' id='word_1_495' title='bbox 837 3763 879 3818; x_wconf 86' lang='lat' dir='ltr'><strong>la·</strong></span> <span class='ocrx_word' id='word_1_496' title='bbox 928 3766 1013 3822; x_wconf 92' lang='lat' dir='ltr'><strong>menti</strong></span> <span class='ocrx_word' id='word_1_497' title='bbox 1025 3765 1092 3821; x_wconf 92' lang='lat' dir='ltr'><strong>nihil</strong></span> <span class='ocrx_word' id='word_1_498' title='bbox 1105 3771 1187 3823; x_wconf 92' lang='lat' dir='ltr'><strong>nocet</strong></span> <span class='ocrx_word' id='word_1_499' title='bbox 1202 3767 1310 3829; x_wconf 78' lang='lat' dir='ltr'><strong>animoa,</strong></span> <span class='ocrx_word' id='word_1_500' title='bbox 1325 3766 1436 3837; x_wconf 90' lang='lat' dir='ltr'><strong>quando</strong></span> <span class='ocrx_word' id='word_1_501' title='bbox 1462 3767 1550 3838; x_wconf 85' lang='lat' dir='ltr'><strong>ipsam</strong></span> <span class='ocrx_word' id='word_1_502' title='bbox 1573 3767 1640 3826; x_wconf 80' lang='lat' dir='ltr'><strong>ures</strong></span> <span class='ocrx_word' id='word_1_503' title='bbox 1662 3771 1719 3826; x_wconf 77' lang='lat' dir='ltr'><strong>sin·</strong></span> 
     </span>
     <span class='ocr_line' id='line_1_39' title="bbox 78 3856 1721 3940; baseline 0.002 -25"><span class='ocrx_word' id='word_1_504' title='bbox 78 3873 200 3915; x_wconf 79' lang='lat' dir='ltr'><strong>vacrum</strong></span> <span class='ocrx_word' id='word_1_505' title='bbox 221 3858 394 3914; x_wconf 83' lang='lat' dir='ltr'><strong>invocatione</strong></span> <span class='ocrx_word' id='word_1_506' title='bbox 409 3857 553 3914; x_wconf 84' lang='lat' dir='ltr'><strong>Trinitatis</strong></span> <span class='ocrx_word' id='word_1_507' title='bbox 579 3856 736 3921; x_wconf 91' lang='lat' dir='ltr'><strong>dicendum,</strong></span> <span class='ocrx_word' id='word_1_508' title='bbox 764 3861 878 3911; x_wconf 86' lang='lat' dir='ltr'><strong>auctore</strong></span> <span class='ocrx_word' id='word_1_509' title='bbox 928 3872 992 3913; x_wconf 88' lang='lat' dir='ltr'><strong>cera</strong></span> <span class='ocrx_word' id='word_1_510' title='bbox 1005 3858 1110 3930; x_wconf 91' lang='lat' dir='ltr'><strong>integre</strong></span> <span class='ocrx_word' id='word_1_511' title='bbox 1125 3864 1215 3926; x_wconf 89' lang='lat' dir='ltr'><strong>curat,</strong></span> <span class='ocrx_word' id='word_1_512' title='bbox 1230 3874 1282 3918; x_wconf 90' lang='lat' dir='ltr'><strong>nec</strong></span> <span class='ocrx_word' id='word_1_513' title='bbox 1294 3861 1434 3931; x_wconf 91' lang='lat' dir='ltr'><strong>corruptio</strong></span> <span class='ocrx_word' id='word_1_514' title='bbox 1444 3861 1541 3918; x_wconf 85' lang='lat' dir='ltr'><strong>animae</strong></span> <span class='ocrx_word' id='word_1_515' title='bbox 1563 3873 1721 3940; x_wconf 89' lang='lat' dir='ltr'><strong>corrumpat</strong></span> 
     </span>
     <span class='ocr_line' id='line_1_40' title="bbox 79 3935 1721 4024; baseline 0.004 -18"><span class='ocrx_word' id='word_1_516' title='bbox 79 3947 229 4023; x_wconf 87' lang='lat' dir='ltr'><strong>Scriptura</strong></span> <span class='ocrx_word' id='word_1_517' title='bbox 240 3951 383 4018; x_wconf 89' lang='lat' dir='ltr'><strong>novimus;</strong></span> <span class='ocrx_word' id='word_1_518' title='bbox 399 3950 501 4005; x_wconf 88' lang='lat' dir='ltr'><strong>trinam</strong></span> <span class='ocrx_word' id='word_1_519' title='bbox 521 3965 588 4006; x_wconf 84' lang='lat' dir='ltr'><strong>vero</strong></span> <span class='ocrx_word' id='word_1_520' title='bbox 602 3949 766 4006; x_wconf 87' lang='lat' dir='ltr'><strong>mersionem</strong></span> <span class='ocrx_word' id='word_1_521' title='bbox 781 3963 834 4004; x_wconf 91' lang='lat' dir='ltr'><strong>usu</strong></span> <span class='ocrx_word' id='word_1_522' title='bbox 850 3951 877 4002; x_wconf 88' lang='lat' dir='ltr'><strong>et</strong></span> <span class='ocrx_word' id='word_1_523' title='bbox 929 3949 1262 4021; x_wconf 69' lang='lat' dir='ltr'><strong>sacramentum,}quando</strong></span> <span class='ocrx_word' id='word_1_524' title='bbox 1276 3958 1304 4006; x_wconf 90' lang='lat' dir='ltr'><strong>et</strong></span> <span class='ocrx_word' id='word_1_525' title='bbox 1315 3951 1406 4022; x_wconf 92' lang='lat' dir='ltr'><strong>ipsum</strong></span> <span class='ocrx_word' id='word_1_526' title='bbox 1416 3968 1465 4009; x_wconf 91' lang='lat' dir='ltr'><strong>sua</strong></span> <span class='ocrx_word' id='word_1_527' title='bbox 1475 3953 1647 4012; x_wconf 84' lang='lat' dir='ltr'><strong>absolutione</strong></span> <span class='ocrx_word' id='word_1_528' title='bbox 1656 3935 1721 4024; x_wconf 59' lang='lat' dir='ltr'><strong>&#39;per-</strong></span> 
     </span>
     <span class='ocr_line' id='line_1_41' title="bbox 76 4039 1709 4120; baseline -0.002 -20"><span class='ocrx_word' id='word_1_529' title='bbox 76 4045 193 4100; x_wconf 82' lang='lat' dir='ltr'><strong>ratione</strong></span> <span class='ocrx_word' id='word_1_530' title='bbox 207 4043 384 4114; x_wconf 88' lang='lat' dir='ltr'><strong>suscipimus.</strong></span> <span class='ocrx_word' id='word_1_531' title='bbox 413 4041 514 4099; x_wconf 84' lang='lat' dir='ltr'><strong>Verum</strong></span> <span class='ocrx_word' id='word_1_532' title='bbox 535 4043 671 4114; x_wconf 89' lang='lat' dir='ltr'><strong>baptisma</strong></span> <span class='ocrx_word' id='word_1_533' title='bbox 694 4056 836 4112; x_wconf 88' lang='lat' dir='ltr'><strong>negamus,</strong></span> <span class='ocrx_word' id='word_1_534' title='bbox 854 4039 877 4096; x_wconf 90' lang='lat' dir='ltr'><strong>si</strong></span> <span class='ocrx_word' id='word_1_535' title='bbox 929 4041 1030 4098; x_wconf 92' lang='lat' dir='ltr'><strong>ficitur.</strong></span> <span class='ocrx_word' id='word_1_536' title='bbox 1453 4059 1454 4062; x_wconf 44' lang='lat'>¹</span> <span class='ocrx_word' id='word_1_537' title='bbox 1704 4109 1709 4120; x_wconf 92' lang='lat'><strong>.</strong></span> 
     </span>
     <span class='ocr_line' id='line_1_42' title="bbox 79 4131 1721 4210; baseline 0.005 -22"><span class='ocrx_word' id='word_1_538' title='bbox 79 4134 231 4190; x_wconf 83' lang='lat' dir='ltr'><strong>Trinitatis</strong></span> <span class='ocrx_word' id='word_1_539' title='bbox 242 4134 312 4190; x_wconf 88' lang='lat' dir='ltr'><strong>desit</strong></span> <span class='ocrx_word' id='word_1_540' title='bbox 329 4134 483 4202; x_wconf 86' lang='lat' dir='ltr'><strong>invocatio;</strong></span> <span class='ocrx_word' id='word_1_541' title='bbox 496 4138 523 4188; x_wconf 88' lang='lat' dir='ltr'><strong>et</strong></span> <span class='ocrx_word' id='word_1_542' title='bbox 541 4149 597 4189; x_wconf 93' lang='lat' dir='ltr'><strong>non</strong></span> <span class='ocrx_word' id='word_1_543' title='bbox 608 4148 750 4204; x_wconf 86' lang='lat' dir='ltr'><strong>negemus.</strong></span> <span class='ocrx_word' id='word_1_544' title='bbox 766 4131 877 4187; x_wconf 90' lang='lat' dir='ltr'><strong>tametsi</strong></span> <span class='ocrx_word' id='word_1_545' title='bbox 964 4131 1110 4206; x_wconf 76' lang='lat' dir='ltr'><strong>Quidergo</strong></span> <span class='ocrx_word' id='word_1_546' title='bbox 1124 4135 1147 4190; x_wconf 92' lang='lat' dir='ltr'><strong>si</strong></span> <span class='ocrx_word' id='word_1_547' title='bbox 1158 4133 1320 4194; x_wconf 87' lang='lat' dir='ltr'><strong>balneantes</strong></span> <span class='ocrx_word' id='word_1_548' title='bbox 1332 4152 1362 4194; x_wconf 93' lang='lat' dir='ltr'><strong>se</strong></span> <span class='ocrx_word' id='word_1_549' title='bbox 1375 4137 1532 4209; x_wconf 80' lang='lat' dir='ltr'><strong>baptizent?</strong></span> <span class='ocrx_word' id='word_1_550' title='bbox 1548 4137 1650 4210; x_wconf 90' lang='lat' dir='ltr'><strong>Siquis</strong></span> <span class='ocrx_word' id='word_1_551' title='bbox 1663 4140 1721 4196; x_wconf 87' lang='lat' dir='ltr'><strong>bal·</strong></span> 
     </span>
     <span class='ocr_line' id='line_1_43' title="bbox 76 4224 1719 4304; baseline 0.004 -22"><span class='ocrx_word' id='word_1_552' title='bbox 76 4229 159 4283; x_wconf 90' lang='lat' dir='ltr'><strong>trina</strong></span> <span class='ocrx_word' id='word_1_553' title='bbox 172 4226 288 4282; x_wconf 89' lang='lat' dir='ltr'><strong>defuerit</strong></span> <span class='ocrx_word' id='word_1_554' title='bbox 301 4226 411 4283; x_wconf 88' lang='lat' dir='ltr'><strong>mersio.</strong></span> <span class='ocrx_word' id='word_1_555' title='bbox 441 4225 642 4283; x_wconf 74' lang='lat' dir='ltr'><strong>invocationem</strong></span> <span class='ocrx_word' id='word_1_556' title='bbox 666 4224 807 4281; x_wconf 88' lang='lat' dir='ltr'><strong>Trinitatis</strong></span> <span class='ocrx_word' id='word_1_557' title='bbox 829 4240 878 4281; x_wconf 91' lang='lat' dir='ltr'><strong>ne-</strong></span> <span class='ocrx_word' id='word_1_558' title='bbox 929 4242 1016 4283; x_wconf 89' lang='lat' dir='ltr'><strong>neans</strong></span> <span class='ocrx_word' id='word_1_559' title='bbox 1027 4227 1056 4282; x_wconf 91' lang='lat' dir='ltr'><strong>in</strong></span> <span class='ocrx_word' id='word_1_560' title='bbox 1067 4228 1190 4298; x_wconf 83' lang='lat' dir='ltr'><strong>parvulis</strong></span> <span class='ocrx_word' id='word_1_561' title='bbox 1201 4228 1262 4286; x_wconf 92' lang='lat' dir='ltr'><strong>loco</strong></span> <span class='ocrx_word' id='word_1_562' title='bbox 1274 4229 1353 4301; x_wconf 81' lang='lat'><strong>155</strong></span> <span class='ocrx_word' id='word_1_563' title='bbox 1365 4238 1569 4288; x_wconf 89' lang='lat' dir='ltr'><strong>sacramentum</strong></span> <span class='ocrx_word' id='word_1_564' title='bbox 1590 4231 1719 4304; x_wconf 88' lang='lat' dir='ltr'><strong>baptismi</strong></span> 
     </span>
     <span class='ocr_line' id='line_1_44' title="bbox 77 4315 1718 4397; baseline 0.005 -24"><span class='ocrx_word' id='word_1_565' title='bbox 77 4332 164 4373; x_wconf 84' lang='lat' dir='ltr'><strong>cesse</strong></span> <span class='ocrx_word' id='word_1_566' title='bbox 179 4324 222 4372; x_wconf 90' lang='lat' dir='ltr'><strong>est</strong></span> <span class='ocrx_word' id='word_1_567' title='bbox 236 4317 345 4381; x_wconf 85' lang='lat' dir='ltr'><strong>adesse,</strong></span> <span class='ocrx_word' id='word_1_568' title='bbox 361 4318 463 4372; x_wconf 86' lang='lat' dir='ltr'><strong>trinam</strong></span> <span class='ocrx_word' id='word_1_569' title='bbox 488 4317 654 4372; x_wconf 85' lang='lat' dir='ltr'><strong>mersionem</strong></span> <span class='ocrx_word' id='word_1_570' title='bbox 668 4316 780 4372; x_wconf 93' lang='lat' dir='ltr'><strong>minime</strong></span> <span class='ocrx_word' id='word_1_571' title='bbox 800 4315 878 4371; x_wconf 90' lang='lat' dir='ltr'><strong>decet</strong></span> <span class='ocrx_word' id='word_1_572' title='bbox 928 4318 1081 4392; x_wconf 74' lang='lat' dir='ltr'><strong>compleat,</strong></span> <span class='ocrx_word' id='word_1_573' title='bbox 1093 4327 1221 4379; x_wconf 89' lang='lat' dir='ltr'><strong>neutrum</strong></span> <span class='ocrx_word' id='word_1_574' title='bbox 1231 4324 1272 4379; x_wconf 91' lang='lat' dir='ltr'><strong>eis</strong></span> <span class='ocrx_word' id='word_1_575' title='bbox 1287 4323 1376 4380; x_wconf 88' lang='lat' dir='ltr'><strong>audeo</strong></span> <span class='ocrx_word' id='word_1_576' title='bbox 1388 4339 1489 4395; x_wconf 88' lang='lat' dir='ltr'><strong>negare</strong></span> <span class='ocrx_word' id='word_1_577' title='bbox 1508 4339 1598 4397; x_wconf 88' lang='lat' dir='ltr'><strong>neque</strong></span> <span class='ocrx_word' id='word_1_578' title='bbox 1621 4341 1718 4382; x_wconf 89' lang='lat' dir='ltr'><strong>sacra-</strong></span> 
     </span>
     <span class='ocr_line' id='line_1_45' title="bbox 76 4407 1719 4490; baseline 0.005 -24"><span class='ocrx_word' id='word_1_579' title='bbox 76 4413 193 4467; x_wconf 80' lang='lat' dir='ltr'><strong>abesse.</strong></span> <span class='ocrx_word' id='word_1_580' title='bbox 211 4409 322 4481; x_wconf 78' lang='lat' dir='ltr'><strong>Absque</strong></span> <span class='ocrx_word' id='word_1_581' title='bbox 334 4426 367 4466; x_wconf 91' lang='lat' dir='ltr'><strong>eo</strong></span> <span class='ocrx_word' id='word_1_582' title='bbox 380 4409 454 4482; x_wconf 92' lang='lat' dir='ltr'><strong>quod</strong></span> <span class='ocrx_word' id='word_1_583' title='bbox 466 4411 653 4466; x_wconf 83' lang='lat' dir='ltr'><strong>necessarium</strong></span> <span class='ocrx_word' id='word_1_584' title='bbox 663 4407 877 4479; x_wconf 90' lang='lat' dir='ltr'><strong>est,baptismus</strong></span> <span class='ocrx_word' id='word_1_585' title='bbox 928 4418 1062 4476; x_wconf 91' lang='lat' dir='ltr'><strong>mentum,</strong></span> <span class='ocrx_word' id='word_1_586' title='bbox 1077 4429 1165 4485; x_wconf 90' lang='lat' dir='ltr'><strong>neque</strong></span> <span class='ocrx_word' id='word_1_587' title='bbox 1175 4415 1340 4472; x_wconf 87' lang='lat' dir='ltr'><strong>sacramenti</strong></span> <span class='ocrx_word' id='word_1_588' title='bbox 1347 4415 1478 4472; x_wconf 88' lang='lat' dir='ltr'><strong>fructum.</strong></span> <span class='ocrx_word' id='word_1_589' title='bbox 1493 4415 1641 4490; x_wconf 78' lang='lat' dir='ltr'><strong>Quodergo</strong></span> <span class='ocrx_word' id='word_1_590' title='bbox 1652 4434 1719 4476; x_wconf 88' lang='lat' dir='ltr'><strong>con-</strong></span> 
     </span>
     <span class='ocr_line' id='line_1_46' title="bbox 77 4499 1718 4578; baseline 0.005 -20"><span class='ocrx_word' id='word_1_591' title='bbox 77 4512 194 4560; x_wconf 91' lang='lat' dir='ltr'><strong>nonest</strong></span> <span class='ocrx_word' id='word_1_592' title='bbox 206 4521 214 4570; x_wconf 90' lang='grc'><strong>;</strong></span> <span class='ocrx_word' id='word_1_593' title='bbox 230 4503 334 4574; x_wconf 90' lang='lat' dir='ltr'><strong>absque</strong></span> <span class='ocrx_word' id='word_1_594' title='bbox 347 4503 464 4573; x_wconf 87' lang='lat' dir='ltr'><strong>eoquod</strong></span> <span class='ocrx_word' id='word_1_595' title='bbox 478 4503 617 4572; x_wconf 85' lang='lat' dir='ltr'><strong>conuenit,</strong></span> <span class='ocrx_word' id='word_1_596' title='bbox 629 4517 692 4559; x_wconf 89' lang='lat' dir='ltr'><strong>esse</strong></span> <span class='ocrx_word' id='word_1_597' title='bbox 703 4508 804 4572; x_wconf 90' lang='lat' dir='ltr'><strong>potest,</strong></span> <span class='ocrx_word' id='word_1_598' title='bbox 825 4516 871 4556; x_wconf 80' lang='lat' dir='ltr'><strong>ne</strong></span> <span class='ocrx_word' id='word_1_599' title='bbox 892 4499 915 4554; x_wconf 83' lang='lat' dir='ltr'><strong>i)</strong></span> <span class='ocrx_word' id='word_1_600' title='bbox 929 4503 999 4559; x_wconf 86' lang='lat' dir='ltr'><strong>cedo</strong></span> <span class='ocrx_word' id='word_1_601' title='bbox 1007 4505 1140 4574; x_wconf 81' lang='lat' dir='ltr'><strong>parvulis,</strong></span> <span class='ocrx_word' id='word_1_602' title='bbox 1148 4504 1284 4575; x_wconf 89' lang='lat' dir='ltr'><strong>quomodo</strong></span> <span class='ocrx_word' id='word_1_603' title='bbox 1292 4521 1387 4578; x_wconf 85' lang='lat' dir='ltr'><strong>negem</strong></span> <span class='ocrx_word' id='word_1_604' title='bbox 1397 4504 1517 4563; x_wconf 87' lang='lat' dir='ltr'><strong>adultisi</strong></span> <span class='ocrx_word' id='word_1_605' title='bbox 1528 4507 1562 4561; x_wconf 87' lang='lat' dir='ltr'><strong>Et</strong></span> <span class='ocrx_word' id='word_1_606' title='bbox 1572 4508 1636 4564; x_wconf 89' lang='lat' dir='ltr'><strong>licet</strong></span> <span class='ocrx_word' id='word_1_607' title='bbox 1645 4508 1718 4576; x_wconf 87' lang='lat' dir='ltr'><strong>illos,</strong></span> 
     </span>
     <span class='ocr_line' id='line_1_47' title="bbox 75 4595 1720 4672; baseline 0.003 -21"><span class='ocrx_word' id='word_1_608' title='bbox 75 4595 540 4669; x_wconf 79' lang='lat' dir='ltr'><strong>gligentiaautemcuipambahet.</strong></span> <span class='ocrx_word' id='word_1_609' title='bbox 931 4595 1061 4667; x_wconf 89' lang='lat' dir='ltr'><strong>quoniam</strong></span> <span class='ocrx_word' id='word_1_610' title='bbox 1082 4595 1262 4652; x_wconf 87' lang='lat' dir='ltr'><strong>irreverenter</strong></span> <span class='ocrx_word' id='word_1_611' title='bbox 1285 4597 1449 4669; x_wconf 86' lang='lat' dir='ltr'><strong>suscipiunt,</strong></span> <span class='ocrx_word' id='word_1_612' title='bbox 1470 4599 1568 4656; x_wconf 88' lang='lat' dir='ltr'><strong>merito</strong></span> <span class='ocrx_word' id='word_1_613' title='bbox 1599 4601 1720 4672; x_wconf 90' lang='lat' dir='ltr'><strong>suseepti</strong></span> 
     </span>
     <span class='ocr_line' id='line_1_48' title="bbox 380 4685 1721 4766; baseline 0.005 -23"><span class='ocrx_word' id='word_1_614' title='bbox 380 4685 496 4743; x_wconf 69' lang='lat' dir='ltr'><strong>CAPUT</strong></span> <span class='ocrx_word' id='word_1_615' title='bbox 520 4685 580 4744; x_wconf 79' lang='lat' dir='ltr'><strong>lii.</strong></span> <span class='ocrx_word' id='word_1_616' title='bbox 929 4691 1053 4763; x_wconf 69' lang='lat' dir='ltr'><strong>mysterii</strong></span> <span class='ocrx_word' id='word_1_617' title='bbox 1069 4691 1159 4763; x_wconf 83' lang='lat' dir='ltr'><strong>prives</strong></span> <span class='ocrx_word' id='word_1_618' title='bbox 1176 4691 1303 4757; x_wconf 91' lang='lat' dir='ltr'><strong>utilitate,</strong></span> <span class='ocrx_word' id='word_1_619' title='bbox 1319 4697 1440 4748; x_wconf 88' lang='lat' dir='ltr'><strong>attamen</strong></span> <span class='ocrx_word' id='word_1_620' title='bbox 1457 4693 1587 4764; x_wconf 88' lang='lat' dir='ltr'><strong>quoniam</strong></span> <span class='ocrx_word' id='word_1_621' title='bbox 1610 4709 1721 4766; x_wconf 90' lang='lat' dir='ltr'><strong>quoquo</strong></span> 
     </span>
     <span class='ocr_line' id='line_1_49' title="bbox 98 4774 1721 4858; baseline 0.005 -24"><span class='ocrx_word' id='word_1_622' title='bbox 98 4777 232 4834; x_wconf 74' lang='lat' dir='ltr'><strong>baroniis</strong></span> <span class='ocrx_word' id='word_1_623' title='bbox 245 4787 270 4833; x_wconf 86' lang='lat' dir='ltr'><strong>et</strong></span> <span class='ocrx_word' id='word_1_624' title='bbox 282 4778 329 4832; x_wconf 85' lang='lat' dir='ltr'><strong>toti</strong></span> <span class='ocrx_word' id='word_1_625' title='bbox 343 4778 501 4849; x_wconf 81' lang='lat' dir='ltr'><strong>peruersitas</strong></span> <span class='ocrx_word' id='word_1_626' title='bbox 516 4778 647 4849; x_wconf 80' lang='lat' dir='ltr'><strong>baptismo</strong></span> <span class='ocrx_word' id='word_1_627' title='bbox 659 4794 711 4833; x_wconf 83' lang='lat' dir='ltr'><strong>aon</strong></span> <span class='ocrx_word' id='word_1_628' title='bbox 727 4774 846 4850; x_wconf 77' lang='lat' dir='ltr'><strong>derogat.</strong></span> <span class='ocrx_word' id='word_1_629' title='bbox 929 4781 1011 4837; x_wconf 94' lang='lat' dir='ltr'><strong>modo</strong></span> <span class='ocrx_word' id='word_1_630' title='bbox 1020 4783 1183 4852; x_wconf 89' lang='lat' dir='ltr'><strong>suscipiunt,</strong></span> <span class='ocrx_word' id='word_1_631' title='bbox 1192 4797 1247 4853; x_wconf 88' lang='lat' dir='ltr'><strong>qua</strong></span> <span class='ocrx_word' id='word_1_632' title='bbox 1257 4783 1364 4838; x_wconf 91' lang='lat' dir='ltr'><strong>ratione</strong></span> <span class='ocrx_word' id='word_1_633' title='bbox 1370 4783 1507 4842; x_wconf 86' lang='lat' dir='ltr'><strong>abalienes</strong></span> <span class='ocrx_word' id='word_1_634' title='bbox 1517 4786 1721 4858; x_wconf 78' lang='lat' dir='ltr'><strong>abaptismatei</strong></span> 
     </span>
     <span class='ocr_line' id='line_1_50' title="bbox 118 4867 1720 4949; baseline 0.004 -23"><span class='ocrx_word' id='word_1_635' title='bbox 118 4873 198 4945; x_wconf 72' lang='lat'>(230)</span> <span class='ocrx_word' id='word_1_636' title='bbox 210 4871 292 4930; x_wconf 88' lang='lat' dir='ltr'><strong>Solus</strong></span> <span class='ocrx_word' id='word_1_637' title='bbox 307 4889 373 4946; x_wconf 83' lang='lat' dir='ltr'><strong>ergo</strong></span> <span class='ocrx_word' id='word_1_638' title='bbox 386 4874 431 4929; x_wconf 87' lang='lat' dir='ltr'><strong>ille</strong></span> <span class='ocrx_word' id='word_1_639' title='bbox 444 4881 492 4930; x_wconf 86' lang='lat' dir='ltr'><strong>aut</strong></span> <span class='ocrx_word' id='word_1_640' title='bbox 510 4874 631 4944; x_wconf 88' lang='lat' dir='ltr'><strong>baptista</strong></span> <span class='ocrx_word' id='word_1_641' title='bbox 653 4879 700 4928; x_wconf 91' lang='lat' dir='ltr'><strong>aut</strong></span> <span class='ocrx_word' id='word_1_642' title='bbox 724 4874 879 4945; x_wconf 87' lang='lat' dir='ltr'><strong>baptizatus</strong></span> <span class='ocrx_word' id='word_1_643' title='bbox 930 4867 1049 4928; x_wconf 89' lang='lat' dir='ltr'><strong>Tantum</strong></span> <span class='ocrx_word' id='word_1_644' title='bbox 1062 4880 1206 4944; x_wconf 89' lang='lat' dir='ltr'><strong>ergotonc</strong></span> <span class='ocrx_word' id='word_1_645' title='bbox 1221 4889 1304 4945; x_wconf 91' lang='lat' dir='ltr'><strong>neges</strong></span> <span class='ocrx_word' id='word_1_646' title='bbox 1331 4873 1496 4946; x_wconf 86' lang='lat' dir='ltr'><strong>baptizatos,</strong></span> <span class='ocrx_word' id='word_1_647' title='bbox 1514 4877 1625 4948; x_wconf 90' lang='lat' dir='ltr'><strong>quando</strong></span> <span class='ocrx_word' id='word_1_648' title='bbox 1646 4877 1720 4949; x_wconf 94' lang='lat' dir='ltr'><strong>quod</strong></span> 
     </span>
     <span class='ocr_line' id='line_1_51' title="bbox 72 4964 1637 5043; baseline 0.003 -21"><span class='ocrx_word' id='word_1_649' title='bbox 72 4965 248 5032; x_wconf 76' lang='lat' dir='ltr'><strong>aestimatur,</strong></span> <span class='ocrx_word' id='word_1_650' title='bbox 264 4967 312 5037; x_wconf 92' lang='lat' dir='ltr'><strong>qui</strong></span> <span class='ocrx_word' id='word_1_651' title='bbox 324 4966 403 5035; x_wconf 81' lang='lat' dir='ltr'><strong>juxta</strong></span> <span class='ocrx_word' id='word_1_652' title='bbox 418 4965 490 5021; x_wconf 92' lang='lat' dir='ltr'><strong>banc</strong></span> <span class='ocrx_word' id='word_1_653' title='bbox 505 4965 691 5029; x_wconf 89' lang='lat' dir='ltr'><strong>traditionem,</strong></span> <span class='ocrx_word' id='word_1_654' title='bbox 715 4972 764 5019; x_wconf 84' lang='lat' dir='ltr'><strong>aut</strong></span> <span class='ocrx_word' id='word_1_655' title='bbox 788 4964 878 5036; x_wconf 92' lang='lat' dir='ltr'><strong>bapti·</strong></span> <span class='ocrx_word' id='word_1_656' title='bbox 929 4981 1010 5021; x_wconf 88' lang='lat' dir='ltr'><strong>sunm</strong></span> <span class='ocrx_word' id='word_1_657' title='bbox 1025 4972 1053 5022; x_wconf 91' lang='lat' dir='ltr'><strong>et</strong></span> <span class='ocrx_word' id='word_1_658' title='bbox 1063 4966 1205 5038; x_wconf 90' lang='lat' dir='ltr'><strong>proprium</strong></span> <span class='ocrx_word' id='word_1_659' title='bbox 1219 4972 1263 5022; x_wconf 88' lang='lat' dir='ltr'><strong>est</strong></span> <span class='ocrx_word' id='word_1_660' title='bbox 1277 4966 1417 5038; x_wconf 89' lang='lat' dir='ltr'><strong>baptismi,</strong></span> <span class='ocrx_word' id='word_1_661' title='bbox 1434 4967 1463 5024; x_wconf 93' lang='lat' dir='ltr'><strong>id</strong></span> <span class='ocrx_word' id='word_1_662' title='bbox 1473 4969 1637 5043; x_wconf 72' lang='lat' dir='ltr'><strong>praeteritur.</strong></span> 
     </span>
     <span class='ocr_line' id='line_1_52' title="bbox 74 5055 1720 5130; baseline -0.001 -15"><span class='ocrx_word' id='word_1_663' title='bbox 74 5065 138 5122; x_wconf 83' lang='lat' dir='ltr'><strong>zat,</strong></span> <span class='ocrx_word' id='word_1_664' title='bbox 154 5065 203 5111; x_wconf 86' lang='lat' dir='ltr'><strong>aut</strong></span> <span class='ocrx_word' id='word_1_665' title='bbox 216 5058 380 5128; x_wconf 86' lang='lat' dir='ltr'><strong>baptizatur.</strong></span> <span class='ocrx_word' id='word_1_666' title='bbox 393 5057 450 5113; x_wconf 88' lang='lat' dir='ltr'><strong>Nec</strong></span> <span class='ocrx_word' id='word_1_667' title='bbox 463 5057 704 5129; x_wconf 88' lang='lat' dir='ltr'><strong>obestquidquam</strong></span> <span class='ocrx_word' id='word_1_668' title='bbox 729 5058 879 5128; x_wconf 80' lang='lat' dir='ltr'><strong>quominus</strong></span> <span class='ocrx_word' id='word_1_669' title='bbox 964 5055 1106 5114; x_wconf 89' lang='lat' dir='ltr'><strong>Christum</strong></span> <span class='ocrx_word' id='word_1_670' title='bbox 1129 5071 1212 5128; x_wconf 91' lang='lat' dir='ltr'><strong>super</strong></span> <span class='ocrx_word' id='word_1_671' title='bbox 1235 5057 1403 5129; x_wconf 87' lang='lat' dir='ltr'><strong>baptizatum</strong></span> <span class='ocrx_word' id='word_1_672' title='bbox 1423 5059 1453 5114; x_wconf 93' lang='lat' dir='ltr'><strong>in</strong></span> <span class='ocrx_word' id='word_1_673' title='bbox 1474 5059 1608 5116; x_wconf 80' lang='lat' dir='ltr'><strong>columbae</strong></span> <span class='ocrx_word' id='word_1_674' title='bbox 1629 5057 1720 5130; x_wconf 84' lang='lat' dir='ltr'><strong>specie</strong></span> 
     </span>
     <span class='ocr_line' id='line_1_53' title="bbox 74 5147 1720 5223; baseline 0.001 -19"><span class='ocrx_word' id='word_1_675' title='bbox 74 5149 223 5220; x_wconf 86' lang='lat' dir='ltr'><strong>baptisma</strong></span> <span class='ocrx_word' id='word_1_676' title='bbox 240 5147 359 5214; x_wconf 85' lang='lat' dir='ltr'><strong>dicator,</strong></span> <span class='ocrx_word' id='word_1_677' title='bbox 372 5153 421 5203; x_wconf 88' lang='lat' dir='ltr'><strong>aut</strong></span> <span class='ocrx_word' id='word_1_678' title='bbox 444 5148 562 5205; x_wconf 88' lang='lat' dir='ltr'><strong>lavantis</strong></span> <span class='ocrx_word' id='word_1_679' title='bbox 576 5149 744 5219; x_wconf 77' lang='lat' dir='ltr'><strong>perversitas</strong></span> <span class='ocrx_word' id='word_1_680' title='bbox 757 5153 806 5204; x_wconf 92' lang='lat' dir='ltr'><strong>aut</strong></span> <span class='ocrx_word' id='word_1_681' title='bbox 817 5147 876 5203; x_wconf 92' lang='lat' dir='ltr'><strong>loti.</strong></span> <span class='ocrx_word' id='word_1_682' title='bbox 930 5148 1051 5223; x_wconf 90' lang='lat' dir='ltr'><strong>Spiritus</strong></span> <span class='ocrx_word' id='word_1_683' title='bbox 1066 5156 1180 5206; x_wconf 87' lang='lat' dir='ltr'><strong>sanctus</strong></span> <span class='ocrx_word' id='word_1_684' title='bbox 1204 5147 1347 5208; x_wconf 88' lang='lat' dir='ltr'><strong>descendit</strong></span> <span class='ocrx_word' id='word_1_685' title='bbox 1361 5149 1451 5220; x_wconf 78' lang='lat' dir='ltr'><strong>(loon.</strong></span> <span class='ocrx_word' id='word_1_686' title='bbox 1469 5167 1489 5214; x_wconf 90' lang='lat' dir='ltr'><strong>r,</strong></span> <span class='ocrx_word' id='word_1_687' title='bbox 1504 5149 1560 5221; x_wconf 72' lang='lat' dir='ltr'><strong>Si),</strong></span> <span class='ocrx_word' id='word_1_688' title='bbox 1577 5165 1632 5206; x_wconf 90' lang='lat' dir='ltr'><strong>non</strong></span> <span class='ocrx_word' id='word_1_689' title='bbox 1644 5149 1720 5221; x_wconf 87' lang='lat' dir='ltr'><strong>quod</strong></span> 
     </span>
     <span class='ocr_line' id='line_1_54' title="bbox 73 5236 1720 5315; baseline 0.004 -23"><span class='ocrx_word' id='word_1_690' title='bbox 73 5236 172 5292; x_wconf 84' lang='lat' dir='ltr'><strong>Lotus</strong></span> <span class='ocrx_word' id='word_1_691' title='bbox 195 5238 355 5294; x_wconf 92' lang='lat' dir='ltr'><strong>nullomodo</strong></span> <span class='ocrx_word' id='word_1_692' title='bbox 369 5244 485 5294; x_wconf 91' lang='lat' dir='ltr'><strong>nocetur</strong></span> <span class='ocrx_word' id='word_1_693' title='bbox 497 5240 596 5304; x_wconf 84' lang='lat' dir='ltr'><strong>aliena,</strong></span> <span class='ocrx_word' id='word_1_694' title='bbox 610 5240 704 5312; x_wconf 90' lang='lat' dir='ltr'><strong>aliquo</strong></span> <span class='ocrx_word' id='word_1_695' title='bbox 718 5240 800 5296; x_wconf 92' lang='lat' dir='ltr'><strong>modo</strong></span> <span class='ocrx_word' id='word_1_696' title='bbox 813 5254 878 5312; x_wconf 88' lang='lat' dir='ltr'><strong>pro-</strong></span> <span class='ocrx_word' id='word_1_697' title='bbox 928 5257 1050 5315; x_wconf 86' lang='lat' dir='ltr'><strong>unquam</strong></span> <span class='ocrx_word' id='word_1_698' title='bbox 1065 5241 1183 5298; x_wconf 90' lang='lat' dir='ltr'><strong>defuerit</strong></span> <span class='ocrx_word' id='word_1_699' title='bbox 1195 5241 1323 5308; x_wconf 77' lang='lat' dir='ltr'><strong>Christo,</strong></span> <span class='ocrx_word' id='word_1_700' title='bbox 1340 5243 1441 5314; x_wconf 88' lang='lat' dir='ltr'><strong>quippe</strong></span> <span class='ocrx_word' id='word_1_701' title='bbox 1453 5257 1487 5298; x_wconf 86' lang='lat' dir='ltr'><strong>ex</strong></span> <span class='ocrx_word' id='word_1_702' title='bbox 1503 5241 1606 5314; x_wconf 85' lang='lat' dir='ltr'><strong>Spiritu</strong></span> <span class='ocrx_word' id='word_1_703' title='bbox 1621 5257 1720 5299; x_wconf 62' lang='lat' dir='ltr'><strong>concor</strong></span> 
     </span>
     <span class='ocr_line' id='line_1_55' title="bbox 71 5329 1721 5407; baseline 0.003 -22"><span class='ocrx_word' id='word_1_704' title='bbox 71 5329 143 5405; x_wconf 82' lang='lat' dir='ltr'><strong>pria</strong></span> <span class='ocrx_word' id='word_1_705' title='bbox 154 5346 163 5396; x_wconf 91' lang='grc'>;</span> <span class='ocrx_word' id='word_1_706' title='bbox 175 5343 232 5383; x_wconf 91' lang='lat' dir='ltr'><strong>non</strong></span> <span class='ocrx_word' id='word_1_707' title='bbox 242 5329 353 5400; x_wconf 90' lang='lat' dir='ltr'><strong>quidem</strong></span> <span class='ocrx_word' id='word_1_708' title='bbox 364 5337 394 5407; x_wconf 86' lang='lat' dir='ltr'><strong>ut</strong></span> <span class='ocrx_word' id='word_1_709' title='bbox 412 5345 468 5385; x_wconf 92' lang='lat' dir='ltr'><strong>non</strong></span> <span class='ocrx_word' id='word_1_710' title='bbox 480 5329 646 5402; x_wconf 87' lang='lat' dir='ltr'><strong>baptizetur,</strong></span> <span class='ocrx_word' id='word_1_711' title='bbox 657 5348 754 5390; x_wconf 91' lang='lat' dir='ltr'><strong>verum</strong></span> <span class='ocrx_word' id='word_1_712' title='bbox 777 5340 810 5388; x_wconf 88' lang='lat' dir='ltr'><strong>nt</strong></span> <span class='ocrx_word' id='word_1_713' title='bbox 828 5333 878 5388; x_wconf 92' lang='lat' dir='ltr'><strong>ha·</strong></span> <span class='ocrx_word' id='word_1_714' title='bbox 928 5345 1093 5406; x_wconf 66' lang='lat' dir='ltr'><strong>procerum</strong></span> <span class='ocrx_word' id='word_1_715' title='bbox 1107 5334 1177 5389; x_wconf 90' lang='lat' dir='ltr'><strong>utin</strong></span> <span class='ocrx_word' id='word_1_716' title='bbox 1194 5334 1348 5406; x_wconf 88' lang='lat' dir='ltr'><strong>baptizatos</strong></span> <span class='ocrx_word' id='word_1_717' title='bbox 1362 5332 1481 5406; x_wconf 88' lang='lat' dir='ltr'><strong>Spiritus</strong></span> <span class='ocrx_word' id='word_1_718' title='bbox 1490 5335 1578 5390; x_wconf 93' lang='lat' dir='ltr'><strong>sancti</strong></span> <span class='ocrx_word' id='word_1_719' title='bbox 1594 5333 1721 5406; x_wconf 83' lang='lat' dir='ltr'><strong>designe-</strong></span> 
     </span>
     <span class='ocr_line' id='line_1_56' title="bbox 69 5420 1720 5498; baseline 0.002 -21"><span class='ocrx_word' id='word_1_720' title='bbox 69 5420 214 5498; x_wconf 86' lang='lat' dir='ltr'><strong>ptizando</strong></span> <span class='ocrx_word' id='word_1_721' title='bbox 231 5437 287 5476; x_wconf 91' lang='lat' dir='ltr'><strong>non</strong></span> <span class='ocrx_word' id='word_1_722' title='bbox 299 5422 475 5478; x_wconf 86' lang='lat' dir='ltr'><strong>emundetur.</strong></span> <span class='ocrx_word' id='word_1_723' title='bbox 927 5433 973 5481; x_wconf 90' lang='lat' dir='ltr'><strong>tur</strong></span> <span class='ocrx_word' id='word_1_724' title='bbox 986 5426 1121 5482; x_wconf 86' lang='lat' dir='ltr'><strong>adrentus</strong></span> <span class='ocrx_word' id='word_1_725' title='bbox 1137 5425 1228 5497; x_wconf 80' lang='lat' dir='ltr'><strong>(cujus</strong></span> <span class='ocrx_word' id='word_1_726' title='bbox 1239 5425 1268 5481; x_wconf 93' lang='lat' dir='ltr'><strong>in</strong></span> <span class='ocrx_word' id='word_1_727' title='bbox 1277 5424 1469 5498; x_wconf 88' lang='lat' dir='ltr'><strong>designatione</strong></span> <span class='ocrx_word' id='word_1_728' title='bbox 1482 5427 1638 5498; x_wconf 86' lang='lat' dir='ltr'><strong>baptismati</strong></span> <span class='ocrx_word' id='word_1_729' title='bbox 1650 5427 1720 5484; x_wconf 91' lang='lat' dir='ltr'><strong>solet</strong></span> 
     </span>
     <span class='ocr_line' id='line_1_57' title="bbox 114 5506 1718 5592; baseline 0.002 -24"><span class='ocrx_word' id='word_1_730' title='bbox 114 5512 191 5580; x_wconf 83' lang='lat' dir='ltr'><strong>Quid</strong></span> <span class='ocrx_word' id='word_1_731' title='bbox 204 5513 286 5584; x_wconf 81' lang='lat' dir='ltr'><strong>ergo?</strong></span> <span class='ocrx_word' id='word_1_732' title='bbox 298 5511 366 5568; x_wconf 80' lang='lat' dir='ltr'><strong>ioco</strong></span> <span class='ocrx_word' id='word_1_733' title='bbox 377 5524 454 5586; x_wconf 86' lang='lat' dir='ltr'><strong>otqac</strong></span> <span class='ocrx_word' id='word_1_734' title='bbox 468 5506 562 5570; x_wconf 76' lang='lat' dir='ltr'><strong>ric&#39;orfc</strong></span> <span class='ocrx_word' id='word_1_735' title='bbox 583 5531 651 5571; x_wconf 79' lang='lat' dir='ltr'><strong>onai</strong></span> <span class='ocrx_word' id='word_1_736' title='bbox 669 5519 797 5587; x_wconf 79' lang='lat' dir='ltr'><strong>baptizat,</strong></span> <span class='ocrx_word' id='word_1_737' title='bbox 808 5518 877 5575; x_wconf 82' lang='lat' dir='ltr'><strong>atter</strong></span> <span class='ocrx_word' id='word_1_738' title='bbox 928 5519 999 5592; x_wconf 90' lang='lat' dir='ltr'><strong>ignis</strong></span> <span class='ocrx_word' id='word_1_739' title='bbox 1014 5517 1157 5590; x_wconf 87' lang='lat' dir='ltr'><strong>interesse)</strong></span> <span class='ocrx_word' id='word_1_740' title='bbox 1172 5518 1303 5574; x_wconf 90' lang='lat' dir='ltr'><strong>nimirum</strong></span> <span class='ocrx_word' id='word_1_741' title='bbox 1317 5533 1373 5574; x_wconf 90' lang='lat' dir='ltr'><strong>non</strong></span> <span class='ocrx_word' id='word_1_742' title='bbox 1389 5519 1452 5585; x_wconf 90' lang='lat' dir='ltr'><strong>sibi,</strong></span> <span class='ocrx_word' id='word_1_743' title='bbox 1470 5519 1517 5576; x_wconf 92' lang='lat' dir='ltr'><strong>scd</strong></span> <span class='ocrx_word' id='word_1_744' title='bbox 1532 5520 1612 5575; x_wconf 90' lang='lat' dir='ltr'><strong>nobis</strong></span> <span class='ocrx_word' id='word_1_745' title='bbox 1626 5515 1718 5590; x_wconf 85' lang='lat' dir='ltr'><strong>bapti·</strong></span> 
     </span>
     <span class='ocr_line' id='line_1_58' title="bbox 68 5606 1719 5682; baseline 0.004 -21"><span class='ocrx_word' id='word_1_746' title='bbox 68 5606 377 5678; x_wconf 58' lang='lat' dir='ltr'><strong>tarraconensique&amp;</strong></span> <span class='ocrx_word' id='word_1_747' title='bbox 394 5607 547 5677; x_wconf 77' lang='lat' dir='ltr'><strong>hujusmodi</strong></span> <span class='ocrx_word' id='word_1_748' title='bbox 559 5608 676 5665; x_wconf 79' lang='lat' dir='ltr'><strong>dicemus</strong></span> <span class='ocrx_word' id='word_1_749' title='bbox 690 5610 877 5681; x_wconf 70' lang='lat' dir='ltr'><strong>baptizatum?</strong></span> <span class='ocrx_word' id='word_1_750' title='bbox 926 5611 983 5668; x_wconf 81' lang='lat' dir='ltr'><strong>tari</strong></span> <span class='ocrx_word' id='word_1_751' title='bbox 999 5611 1095 5676; x_wconf 90' lang='lat' dir='ltr'><strong>voluit,</strong></span> <span class='ocrx_word' id='word_1_752' title='bbox 1110 5618 1138 5666; x_wconf 87' lang='lat' dir='ltr'><strong>et</strong></span> <span class='ocrx_word' id='word_1_753' title='bbox 1152 5607 1284 5682; x_wconf 87' lang='lat' dir='ltr'><strong>Spiritum</strong></span> <span class='ocrx_word' id='word_1_754' title='bbox 1300 5617 1425 5668; x_wconf 88' lang='lat' dir='ltr'><strong>sanctum</strong></span> <span class='ocrx_word' id='word_1_755' title='bbox 1440 5611 1606 5670; x_wconf 87' lang='lat' dir='ltr'><strong>descendere</strong></span> <span class='ocrx_word' id='word_1_756' title='bbox 1620 5611 1719 5668; x_wconf 84' lang='lat' dir='ltr'><strong>coelot·</strong></span> 
     </span>
    </p>
   </div>
   <div class='ocr_carea' id='block_1_3' title="bbox 112 5691 1493 5840">
    <p class='ocr_par' dir='ltr' id='par_1_3' title="bbox 112 5691 1493 5840">
     <span class='ocr_line' id='line_1_59' title="bbox 113 5691 1493 5780; baseline 0.009 -32"><span class='ocrx_word' id='word_1_757' title='bbox 113 5691 194 5764; x_wconf 68' lang='lat'><strong>(229)</strong></span> <span class='ocrx_word' id='word_1_758' title='bbox 211 5693 349 5778; x_wconf 76' lang='lat' dir='ltr'><strong>llagister,</strong></span> <span class='ocrx_word' id='word_1_759' title='bbox 365 5711 402 5762; x_wconf 89' lang='lat' dir='ltr'><strong>rv,</strong></span> <span class='ocrx_word' id='word_1_760' title='bbox 414 5695 478 5780; x_wconf 78' lang='lat' dir='ltr'><strong>dist.</strong></span> <span class='ocrx_word' id='word_1_761' title='bbox 489 5697 518 5761; x_wconf 82' lang='lat'><strong>3.</strong></span> <span class='ocrx_word' id='word_1_762' title='bbox 533 5697 660 5772; x_wconf 75' lang='lat' dir='ltr'><strong>§penult</strong></span> <span class='ocrx_word' id='word_1_763' title='bbox 965 5701 1040 5778; x_wconf 72' lang='lat' dir='ltr'><strong>(eti)</strong></span> <span class='ocrx_word' id='word_1_764' title='bbox 1054 5703 1190 5778; x_wconf 85' lang='lat' dir='ltr'><strong>blagister,</strong></span> <span class='ocrx_word' id='word_1_765' title='bbox 1205 5719 1244 5773; x_wconf 85' lang='lat' dir='ltr'><strong>tv,</strong></span> <span class='ocrx_word' id='word_1_766' title='bbox 1260 5702 1325 5762; x_wconf 87' lang='lat' dir='ltr'><strong>dist.</strong></span> <span class='ocrx_word' id='word_1_767' title='bbox 1337 5703 1355 5762; x_wconf 82' lang='lat' dir='ltr'><strong>i</strong></span> <span class='ocrx_word' id='word_1_768' title='bbox 1368 5707 1396 5764; x_wconf 90' lang='lat' dir='ltr'><strong>et</strong></span> <span class='ocrx_word' id='word_1_769' title='bbox 1410 5701 1426 5760; x_wconf 83' lang='lat'>6</span> <span class='ocrx_word' id='word_1_770' title='bbox 1443 5703 1493 5778; x_wconf 58' lang='grc' dir='ltr'><strong>ιδ.</strong></span> 
     </span>
     <span class='ocr_line' id='line_1_60' title="bbox 112 5764 529 5840; baseline 0.005 -20"><span class='ocrx_word' id='word_1_771' title='bbox 112 5765 194 5840; x_wconf 66' lang='lat' dir='ltr'><strong>(eto)</strong></span> <span class='ocrx_word' id='word_1_772' title='bbox 214 5764 353 5836; x_wconf 75' lang='lat' dir='ltr'><strong>Magister,</strong></span> <span class='ocrx_word' id='word_1_773' title='bbox 368 5783 406 5829; x_wconf 83' lang='lat' dir='ltr'><strong>tv,</strong></span> <span class='ocrx_word' id='word_1_774' title='bbox 422 5768 487 5824; x_wconf 81' lang='lat' dir='ltr'><strong>dist.</strong></span> <span class='ocrx_word' id='word_1_775' title='bbox 503 5769 529 5824; x_wconf 77' lang='grc'><strong>5,</strong></span> 
     </span>
    </p>
   </div>
   <div class='ocr_carea' id='block_1_4' title="bbox 204 5854 1580 5934">
    <p class='ocr_par' dir='ltr' id='par_1_4' title="bbox 204 5854 1580 5934">
     <span class='ocr_line' id='line_1_61' title="bbox 204 5854 1580 5934; baseline 0.023 -15"><span class='ocrx_word' id='word_1_776' title='bbox 204 5861 343 5925; x_wconf 65' lang='lat' dir='ltr'><strong>meme</strong></span> <span class='ocrx_word' id='word_1_777' title='bbox 367 5861 564 5927; x_wconf 79' lang='lat' dir='ltr'><strong>ccxxxvi.</strong></span> <span class='ocrx_word' id='word_1_778' title='bbox 806 5854 811 5862; x_wconf 87' lang='lat'>&#39;</span> <span class='ocrx_word' id='word_1_779' title='bbox 1542 5869 1580 5934; x_wconf 69' lang='lat' dir='ltr'><strong>tl</strong></span> 
     </span>
    </p>
   </div>
   <div class='ocr_carea' id='block_1_5' title="bbox 0 0 1988 6329">
    <p class='ocr_par' dir='ltr' id='par_1_5' title="bbox 0 0 1988 6329">
     <span class='ocr_line' id='line_1_62' title="bbox 0 0 1988 6329; baseline 0 0"><span class='ocrx_word' id='word_1_780' title='bbox 0 0 1988 6329; x_wconf 95' lang='lat' dir='ltr'><strong> </strong></span> 
     </span>
    </p>
   </div>
  </div>
 </body>
</html>
