<?xml version="1.0" encoding="UTF-8"?>
<!DOCTYPE html PUBLIC "-//W3C//DTD XHTML 1.0 Transitional//EN"
    "http://www.w3.org/TR/xhtml1/DTD/xhtml1-transitional.dtd">
<html xmlns="http://www.w3.org/1999/xhtml" xml:lang="en" lang="en">
 <head>
  <title>
</title>
<meta http-equiv="Content-Type" content="text/html;charset=utf-8" />
  <meta name='ocr-system' content='tesseract 3.04.00' />
  <meta name='ocr-capabilities' content='ocr_page ocr_carea ocr_par ocr_line ocrx_word'/>
</head>
<body>
  <div class='ocr_page' id='page_1' title='image "./patrologiaecurs141migngoog/patrologiaecurs141migngoog_0123.png"; bbox 0 0 3967 6334; ppageno 0'>
   <div class='ocr_carea' id='block_1_1' title="bbox 106 391 155 444">
    <p class='ocr_par' dir='ltr' id='par_1_1' title="bbox 106 391 155 444">
     <span class='ocr_line' id='line_1_1' title="bbox 106 391 155 444; baseline -0.041 0"><span class='ocrx_word' id='word_1_1' title='bbox 106 391 155 444; x_wconf 68' lang='lat' dir='ltr'><strong><em>‘tsi</em></strong></span> 
     </span>
    </p>
   </div>
   <div class='ocr_carea' id='block_1_2' title="bbox 554 379 1295 449">
    <p class='ocr_par' dir='ltr' id='par_1_2' title="bbox 554 379 1295 449">
     <span class='ocr_line' id='line_1_2' title="bbox 554 379 1295 449; baseline 0.012 -15"><span class='ocrx_word' id='word_1_2' title='bbox 554 381 586 434; x_wconf 80' lang='lat' dir='ltr'><strong><em>ibi</em></strong></span> <span class='ocrx_word' id='word_1_3' title='bbox 607 379 705 444; x_wconf 76' lang='lat' dir='ltr'><strong><em>lilium</em></strong></span> <span class='ocrx_word' id='word_1_4' title='bbox 727 381 772 434; x_wconf 79' lang='lat' dir='ltr'><strong><em>llll</em></strong></span> <span class='ocrx_word' id='word_1_5' title='bbox 791 381 960 449; x_wconf 59' lang='lat' dir='ltr'><strong><em>obstructi</em></strong></span> <span class='ocrx_word' id='word_1_6' title='bbox 980 383 1081 438; x_wconf 75' lang='lat' dir='ltr'><strong><em>trouu</em></strong></span> <span class='ocrx_word' id='word_1_7' title='bbox 1101 383 1295 444; x_wconf 77' lang='lat' dir='ltr'>SECUNDUS.</span> 
     </span>
    </p>
   </div>
   <div class='ocr_carea' id='block_1_3' title="bbox 1691 396 1747 455">
    <p class='ocr_par' dir='ltr' id='par_1_3' title="bbox 1691 396 1747 455">
     <span class='ocr_line' id='line_1_3' title="bbox 1691 396 1747 455; baseline -0.036 0"><span class='ocrx_word' id='word_1_8' title='bbox 1691 396 1747 455; x_wconf 70' lang='lat' dir='ltr'><strong><em>asts·</em></strong></span> 
     </span>
    </p>
   </div>
   <div class='ocr_carea' id='block_1_4' title="bbox 147 495 1745 676">
    <p class='ocr_par' dir='ltr' id='par_1_4' title="bbox 147 495 1745 676">
     <span class='ocr_line' id='line_1_4' title="bbox 147 495 1745 575; baseline 0.006 -20"><span class='ocrx_word' id='word_1_9' title='bbox 147 503 180 558; x_wconf 84' lang='lat' dir='ltr'><strong><em>Et</em></strong></span> <span class='ocrx_word' id='word_1_10' title='bbox 194 505 358 573; x_wconf 72' lang='lat' dir='ltr'><strong><em>factumest,</em></strong></span> <span class='ocrx_word' id='word_1_11' title='bbox 374 511 433 551; x_wconf 85' lang='lat' dir='ltr'><strong><em>cura</em></strong></span> <span class='ocrx_word' id='word_1_12' title='bbox 445 505 652 550; x_wconf 85' lang='lat' dir='ltr'><strong><em>consummasset</em></strong></span> <span class='ocrx_word' id='word_1_13' title='bbox 667 495 746 550; x_wconf 85' lang='lat' dir='ltr'><strong><em>lesus</em></strong></span> <span class='ocrx_word' id='word_1_14' title='bbox 759 496 901 565; x_wconf 72' lang='lat' dir='ltr'><strong><em>parabolas</em></strong></span> <span class='ocrx_word' id='word_1_15' title='bbox 918 504 938 558; x_wconf 81' lang='grc' dir='ltr'>Α</span> <span class='ocrx_word' id='word_1_16' title='bbox 955 498 1110 567; x_wconf 76' lang='lat' dir='ltr'><strong><em>phalarum,</em></strong></span> <span class='ocrx_word' id='word_1_17' title='bbox 1122 499 1157 555; x_wconf 89' lang='lat' dir='ltr'><strong><em>de</em></strong></span> <span class='ocrx_word' id='word_1_18' title='bbox 1171 517 1226 570; x_wconf 91' lang='lat' dir='ltr'><strong><em>quo</em></strong></span> <span class='ocrx_word' id='word_1_19' title='bbox 1240 500 1349 573; x_wconf 71' lang='lat' dir='ltr'><strong><em>bfoyses</em></strong></span> <span class='ocrx_word' id='word_1_20' title='bbox 1363 503 1490 570; x_wconf 70' lang='lat' dir='ltr'><strong><em>praedixit</em></strong></span> <span class='ocrx_word' id='word_1_21' title='bbox 1505 523 1510 557; x_wconf 93' lang='lat'>:</span> <span class='ocrx_word' id='word_1_22' title='bbox 1528 503 1688 575; x_wconf 85' lang='lat' dir='ltr'><strong><em>Propbetam</em></strong></span> <span class='ocrx_word' id='word_1_23' title='bbox 1700 528 1745 565; x_wconf 89' lang='lat' dir='ltr'><strong><em>uo·</em></strong></span> 
     </span>
     <span class='ocr_line' id='line_1_5' title="bbox 953 588 1743 676; baseline 0.02 -36"><span class='ocrx_word' id='word_1_24' title='bbox 953 588 993 642; x_wconf 87' lang='lat' dir='ltr'><strong><em>bic</em></strong></span> <span class='ocrx_word' id='word_1_25' title='bbox 1008 590 1148 646; x_wconf 87' lang='lat' dir='ltr'><strong><em>suscitabit</em></strong></span> <span class='ocrx_word' id='word_1_26' title='bbox 1163 591 1234 645; x_wconf 86' lang='lat' dir='ltr'><strong><em>fieus</em></strong></span> <span class='ocrx_word' id='word_1_27' title='bbox 1249 591 1281 645; x_wconf 85' lang='lat' dir='ltr'><strong><em>dc</em></strong></span> <span class='ocrx_word' id='word_1_28' title='bbox 1295 592 1425 662; x_wconf 74' lang='lat' dir='ltr'><strong><em>{ratribus</em></strong></span> <span class='ocrx_word' id='word_1_29' title='bbox 1441 597 1533 650; x_wconf 87' lang='lat' dir='ltr'><strong><em>uestris</em></strong></span> <span class='ocrx_word' id='word_1_30' title='bbox 1548 595 1639 667; x_wconf 79' lang='lat' dir='ltr'><strong><em>(Dent.</em></strong></span> <span class='ocrx_word' id='word_1_31' title='bbox 1652 605 1743 676; x_wconf 84' lang='lat' dir='ltr'><strong><em>xv..i);</em></strong></span> 
     </span>
    </p>
   </div>
   <div class='ocr_carea' id='block_1_5' title="bbox 112 589 625 737">
    <p class='ocr_par' dir='ltr' id='par_1_5' title="bbox 112 589 625 737">
     <span class='ocr_line' id='line_1_6' title="bbox 112 589 385 660; baseline -0.029 -8"><span class='ocrx_word' id='word_1_32' title='bbox 112 602 186 660; x_wconf 86' lang='lat' dir='ltr'><strong><em>istas,</em></strong></span> <span class='ocrx_word' id='word_1_33' title='bbox 198 593 305 647; x_wconf 89' lang='lat' dir='ltr'><strong><em>transiit</em></strong></span> <span class='ocrx_word' id='word_1_34' title='bbox 316 589 385 644; x_wconf 87' lang='lat' dir='ltr'><strong><em>inde.</em></strong></span> 
     </span>
     <span class='ocr_line' id='line_1_7' title="bbox 375 677 625 737; baseline -0.012 0"><span class='ocrx_word' id='word_1_35' title='bbox 375 679 487 737; x_wconf 77' lang='lat' dir='ltr'><strong><em>CAPUT</em></strong></span> <span class='ocrx_word' id='word_1_36' title='bbox 508 677 625 734; x_wconf 79' lang='lat' dir='ltr'><strong><em>lxxix.</em></strong></span> 
     </span>
    </p>
   </div>
   <div class='ocr_carea' id='block_1_6' title="bbox 109 770 913 1816">
    <p class='ocr_par' dir='ltr' id='par_1_6' title="bbox 173 770 913 886">
     <span class='ocr_line' id='line_1_8' title="bbox 173 770 913 886; baseline -0.014 -60"><span class='ocrx_word' id='word_1_37' title='bbox 173 795 214 886; x_wconf 81' lang='grc' dir='ltr'><strong>Μ</strong></span> <span class='ocrx_word' id='word_1_38' title='bbox 277 770 913 878; x_wconf 43' lang='grc' dir='ltr'>ΙΙΙΒΙΙΙΙΔΙΙΙΑΒΙ).</span> 
     </span>
     <span class='ocr_line' id='line_1_9' title="bbox 223 850 759 882; baseline -0.021 1"><span class='ocrx_word' id='word_1_39' title='bbox 223 858 235 882; x_wconf 76' lang='lat'>0</span> <span class='ocrx_word' id='word_1_40' title='bbox 289 851 296 882; x_wconf 90' lang='grc' dir='ltr'>Ι</span> <span class='ocrx_word' id='word_1_41' title='bbox 417 853 430 878; x_wconf 75' lang='lat'>0</span> <span class='ocrx_word' id='word_1_42' title='bbox 583 853 595 875; x_wconf 75' lang='lat'>0</span> <span class='ocrx_word' id='word_1_43' title='bbox 748 850 759 872; x_wconf 76' lang='lat'>0</span> 
     </span>
    </p>

    <p class='ocr_par' dir='ltr' id='par_1_7' title="bbox 109 913 900 1618">
     <span class='ocr_line' id='line_1_10' title="bbox 143 913 899 989; baseline -0.02 -11"><span class='ocrx_word' id='word_1_44' title='bbox 143 923 177 978; x_wconf 86' lang='lat' dir='ltr'><strong><em>Et</em></strong></span> <span class='ocrx_word' id='word_1_45' title='bbox 191 922 295 976; x_wconf 82' lang='lat' dir='ltr'><strong><em>ueniens</em></strong></span> <span class='ocrx_word' id='word_1_46' title='bbox 309 920 335 973; x_wconf 90' lang='lat' dir='ltr'><strong><em>in</em></strong></span> <span class='ocrx_word' id='word_1_47' title='bbox 355 919 472 989; x_wconf 85' lang='lat' dir='ltr'><strong><em>patriam</em></strong></span> <span class='ocrx_word' id='word_1_48' title='bbox 486 933 573 981; x_wconf 91' lang='lat' dir='ltr'><strong><em>suam,</em></strong></span> <span class='ocrx_word' id='word_1_49' title='bbox 589 913 697 970; x_wconf 82' lang='lat' dir='ltr'><strong><em>docebat</em></strong></span> <span class='ocrx_word' id='word_1_50' title='bbox 720 929 764 967; x_wconf 87' lang='lat' dir='ltr'><strong><em>aas</em></strong></span> <span class='ocrx_word' id='word_1_51' title='bbox 782 914 809 966; x_wconf 93' lang='lat' dir='ltr'><strong><em>in</em></strong></span> <span class='ocrx_word' id='word_1_52' title='bbox 836 928 899 980; x_wconf 78' lang='lat' dir='ltr'><strong><em>sgu-</em></strong></span> 
     </span>
     <span class='ocr_line' id='line_1_11' title="bbox 111 1001 900 1086; baseline -0.011 -16"><span class='ocrx_word' id='word_1_53' title='bbox 111 1016 197 1086; x_wconf 80' lang='lat' dir='ltr'><strong><em>aqopis</em></strong></span> <span class='ocrx_word' id='word_1_54' title='bbox 216 1028 319 1076; x_wconf 86' lang='lat' dir='ltr'><strong><em>coram,</em></strong></span> <span class='ocrx_word' id='word_1_55' title='bbox 340 1012 379 1064; x_wconf 92' lang='lat' dir='ltr'><strong><em>ita</em></strong></span> <span class='ocrx_word' id='word_1_56' title='bbox 398 1019 427 1064; x_wconf 94' lang='lat' dir='ltr'><strong><em>ut</em></strong></span> <span class='ocrx_word' id='word_1_57' title='bbox 444 1009 605 1063; x_wconf 78' lang='lat' dir='ltr'><strong><em>miraremur</em></strong></span> <span class='ocrx_word' id='word_1_58' title='bbox 624 1015 649 1061; x_wconf 89' lang='lat' dir='ltr'><strong><em>ct</em></strong></span> <span class='ocrx_word' id='word_1_59' title='bbox 670 1005 805 1059; x_wconf 88' lang='lat' dir='ltr'><strong><em>dicerent:</em></strong></span> <span class='ocrx_word' id='word_1_60' title='bbox 826 1001 900 1061; x_wconf 87' lang='lat' dir='ltr'><strong><em>Unde</em></strong></span> 
     </span>
     <span class='ocr_line' id='line_1_12' title="bbox 112 1098 899 1176; baseline -0.014 -14"><span class='ocrx_word' id='word_1_61' title='bbox 112 1109 167 1164; x_wconf 86' lang='lat' dir='ltr'><strong><em>baie</em></strong></span> <span class='ocrx_word' id='word_1_62' title='bbox 181 1105 313 1176; x_wconf 85' lang='lat' dir='ltr'><strong><em>sapientia</em></strong></span> <span class='ocrx_word' id='word_1_63' title='bbox 327 1102 382 1157; x_wconf 80' lang='lat' dir='ltr'><strong><em>ltmc</em></strong></span> <span class='ocrx_word' id='word_1_64' title='bbox 396 1109 421 1157; x_wconf 90' lang='lat' dir='ltr'><strong><em>et</em></strong></span> <span class='ocrx_word' id='word_1_65' title='bbox 444 1101 551 1154; x_wconf 88' lang='lat' dir='ltr'><strong><em>uirtutes</em></strong></span> <span class='ocrx_word' id='word_1_66' title='bbox 574 1098 650 1160; x_wconf 89' lang='lat' dir='ltr'><strong><em>tales,</em></strong></span> <span class='ocrx_word' id='word_1_67' title='bbox 666 1113 725 1167; x_wconf 83' lang='lat' dir='ltr'><strong><em>qua</em></strong></span> <span class='ocrx_word' id='word_1_68' title='bbox 743 1111 789 1165; x_wconf 89' lang='lat' dir='ltr'><strong><em>per</em></strong></span> <span class='ocrx_word' id='word_1_69' title='bbox 805 1113 899 1151; x_wconf 81' lang='lat' dir='ltr'><strong><em>triatrus</em></strong></span> 
     </span>
     <span class='ocr_line' id='line_1_13' title="bbox 110 1184 899 1272; baseline -0.019 -16"><span class='ocrx_word' id='word_1_70' title='bbox 110 1203 162 1272; x_wconf 78' lang='lat' dir='ltr'><strong><em>ejus</em></strong></span> <span class='ocrx_word' id='word_1_71' title='bbox 176 1198 344 1268; x_wconf 76' lang='lat' dir='ltr'><strong><em>cfficiuntur?</em></strong></span> <span class='ocrx_word' id='word_1_72' title='bbox 360 1194 454 1248; x_wconf 88' lang='lat' dir='ltr'><strong><em>Nonne</em></strong></span> <span class='ocrx_word' id='word_1_73' title='bbox 476 1191 502 1244; x_wconf 92' lang='lat' dir='ltr'><strong><em>lti</em></strong></span> <span class='ocrx_word' id='word_1_74' title='bbox 537 1199 577 1243; x_wconf 90' lang='lat' dir='ltr'><strong><em>cst</em></strong></span> <span class='ocrx_word' id='word_1_75' title='bbox 600 1187 671 1257; x_wconf 73' lang='lat' dir='ltr'><strong><em>fabri</em></strong></span> <span class='ocrx_word' id='word_1_76' title='bbox 685 1185 784 1257; x_wconf 73' lang='lat' dir='ltr'><strong><em>lilius?</em></strong></span> <span class='ocrx_word' id='word_1_77' title='bbox 805 1184 899 1241; x_wconf 86' lang='lat' dir='ltr'><strong><em>Nonne</em></strong></span> 
     </span>
     <span class='ocr_line' id='line_1_14' title="bbox 111 1271 898 1356; baseline -0.018 -14"><span class='ocrx_word' id='word_1_78' title='bbox 111 1297 190 1343; x_wconf 83' lang='lat' dir='ltr'><strong><em>irrater</em></strong></span> <span class='ocrx_word' id='word_1_79' title='bbox 204 1286 263 1356; x_wconf 79' lang='lat' dir='ltr'><strong><em>ejus</em></strong></span> <span class='ocrx_word' id='word_1_80' title='bbox 286 1283 387 1337; x_wconf 89' lang='lat' dir='ltr'><strong><em>dicitur</em></strong></span> <span class='ocrx_word' id='word_1_81' title='bbox 409 1279 499 1335; x_wconf 84' lang='lat' dir='ltr'><strong><em>biario</em></strong></span> <span class='ocrx_word' id='word_1_82' title='bbox 523 1287 548 1332; x_wconf 87' lang='lat' dir='ltr'><strong><em>et</em></strong></span> <span class='ocrx_word' id='word_1_83' title='bbox 574 1276 671 1346; x_wconf 77' lang='lat' dir='ltr'><strong><em>fratres</em></strong></span> <span class='ocrx_word' id='word_1_84' title='bbox 693 1275 750 1344; x_wconf 80' lang='lat' dir='ltr'><strong><em>ejus</em></strong></span> <span class='ocrx_word' id='word_1_85' title='bbox 771 1271 855 1327; x_wconf 77' lang='lat' dir='ltr'><strong><em>laceb</em></strong></span> <span class='ocrx_word' id='word_1_86' title='bbox 874 1283 898 1328; x_wconf 89' lang='lat' dir='ltr'><strong><em>et</em></strong></span> 
     </span>
     <span class='ocr_line' id='line_1_15' title="bbox 109 1363 900 1448; baseline -0.019 -13"><span class='ocrx_word' id='word_1_87' title='bbox 109 1379 200 1448; x_wconf 86' lang='lat' dir='ltr'><strong><em>losepb</em></strong></span> <span class='ocrx_word' id='word_1_88' title='bbox 214 1385 240 1432; x_wconf 91' lang='lat' dir='ltr'><strong><em>et</em></strong></span> <span class='ocrx_word' id='word_1_89' title='bbox 256 1375 351 1431; x_wconf 82' lang='lat' dir='ltr'><strong><em>Sintan</em></strong></span> <span class='ocrx_word' id='word_1_90' title='bbox 374 1383 399 1428; x_wconf 87' lang='lat' dir='ltr'><strong><em>et</em></strong></span> <span class='ocrx_word' id='word_1_91' title='bbox 422 1370 519 1437; x_wconf 84' lang='lat' dir='ltr'><strong><em>ludas,</em></strong></span> <span class='ocrx_word' id='word_1_92' title='bbox 545 1379 569 1422; x_wconf 89' lang='grc' dir='ltr'><strong><em>ει</em></strong></span> <span class='ocrx_word' id='word_1_93' title='bbox 591 1383 694 1422; x_wconf 87' lang='lat' dir='ltr'><strong><em>sorores</em></strong></span> <span class='ocrx_word' id='word_1_94' title='bbox 711 1365 790 1435; x_wconf 77' lang='lat' dir='ltr'><strong><em>einr?</em></strong></span> <span class='ocrx_word' id='word_1_95' title='bbox 806 1363 900 1420; x_wconf 85' lang='lat' dir='ltr'><strong><em>Nonne</em></strong></span> 
     </span>
     <span class='ocr_line' id='line_1_16' title="bbox 110 1457 900 1539; baseline -0.022 -10"><span class='ocrx_word' id='word_1_96' title='bbox 110 1488 193 1528; x_wconf 89' lang='lat' dir='ltr'><strong><em>omncs</em></strong></span> <span class='ocrx_word' id='word_1_97' title='bbox 208 1468 280 1539; x_wconf 87' lang='lat' dir='ltr'><strong><em>apud</em></strong></span> <span class='ocrx_word' id='word_1_98' title='bbox 296 1483 343 1522; x_wconf 89' lang='lat' dir='ltr'><strong><em>nos</em></strong></span> <span class='ocrx_word' id='word_1_99' title='bbox 362 1466 447 1519; x_wconf 81' lang='lat' dir='ltr'><strong><em>sunt?</em></strong></span> <span class='ocrx_word' id='word_1_100' title='bbox 466 1460 540 1516; x_wconf 88' lang='lat' dir='ltr'><strong><em>Uada</em></strong></span> <span class='ocrx_word' id='word_1_101' title='bbox 560 1477 620 1530; x_wconf 82' lang='lat' dir='ltr'><strong><em>ergo</em></strong></span> <span class='ocrx_word' id='word_1_102' title='bbox 640 1458 700 1511; x_wconf 86' lang='lat' dir='ltr'><strong><em>ltuic</em></strong></span> <span class='ocrx_word' id='word_1_103' title='bbox 718 1458 807 1511; x_wconf 86' lang='lat' dir='ltr'><strong><em>arania</em></strong></span> <span class='ocrx_word' id='word_1_104' title='bbox 824 1457 900 1512; x_wconf 83' lang='lat' dir='ltr'><strong><em>isto?</em></strong></span> 
     </span>
     <span class='ocr_line' id='line_1_17' title="bbox 110 1556 497 1618; baseline -0.031 0"><span class='ocrx_word' id='word_1_105' title='bbox 110 1564 141 1618; x_wconf 89' lang='grc' dir='ltr'><strong>Ει</strong></span> <span class='ocrx_word' id='word_1_106' title='bbox 151 1557 409 1617; x_wconf 74' lang='lat' dir='ltr'><strong><em>scandalizabantur</em></strong></span> <span class='ocrx_word' id='word_1_107' title='bbox 419 1556 446 1608; x_wconf 91' lang='lat' dir='ltr'><strong><em>in</em></strong></span> <span class='ocrx_word' id='word_1_108' title='bbox 457 1569 497 1608; x_wconf 90' lang='lat' dir='ltr'><strong><em>co.</em></strong></span> 
     </span>
    </p>

    <p class='ocr_par' dir='ltr' id='par_1_8' title="bbox 109 1642 899 1816">
     <span class='ocr_line' id='line_1_18' title="bbox 139 1642 899 1714; baseline -0.017 -6"><span class='ocrx_word' id='word_1_109' title='bbox 139 1655 324 1709; x_wconf 83' lang='lat' dir='ltr'><strong><em>inhonoratur</em></strong></span> <span class='ocrx_word' id='word_1_110' title='bbox 341 1647 475 1704; x_wconf 83' lang='lat' dir='ltr'>Dominus</span> <span class='ocrx_word' id='word_1_111' title='bbox 495 1659 509 1700; x_wconf 87' lang='lat' dir='ltr'><strong><em>a</em></strong></span> <span class='ocrx_word' id='word_1_112' title='bbox 530 1644 602 1709; x_wconf 90' lang='lat' dir='ltr'><strong><em>suis,</em></strong></span> <span class='ocrx_word' id='word_1_113' title='bbox 622 1657 778 1714; x_wconf 83' lang='lat' dir='ltr'><strong><em>quanquam</em></strong></span> <span class='ocrx_word' id='word_1_114' title='bbox 802 1650 828 1696; x_wconf 90' lang='lat' dir='ltr'><strong><em>et</em></strong></span> <span class='ocrx_word' id='word_1_115' title='bbox 850 1642 899 1696; x_wconf 92' lang='lat' dir='ltr'><strong><em>do-</em></strong></span> 
     </span>
     <span class='ocr_line' id='line_1_19' title="bbox 109 1734 897 1816; baseline -0.019 -13"><span class='ocrx_word' id='word_1_116' title='bbox 109 1747 181 1804; x_wconf 87' lang='lat' dir='ltr'><strong><em>cendi</em></strong></span> <span class='ocrx_word' id='word_1_117' title='bbox 202 1742 352 1816; x_wconf 85' lang='lat' dir='ltr'><strong><em>prudentia</em></strong></span> <span class='ocrx_word' id='word_1_118' title='bbox 376 1755 404 1796; x_wconf 89' lang='lat' dir='ltr'><strong><em>et</em></strong></span> <span class='ocrx_word' id='word_1_119' title='bbox 425 1736 557 1810; x_wconf 87' lang='lat' dir='ltr'><strong><em>operandi</em></strong></span> <span class='ocrx_word' id='word_1_120' title='bbox 581 1737 670 1792; x_wconf 90' lang='lat' dir='ltr'><strong><em>virtus</em></strong></span> <span class='ocrx_word' id='word_1_121' title='bbox 689 1734 897 1790; x_wconf 75' lang='lat' dir='ltr'><strong><em>admirationem</em></strong></span> 
     </span>
    </p>
   </div>
   <div class='ocr_carea' id='block_1_7' title="bbox 109 1820 935 1907">
    <p class='ocr_par' dir='ltr' id='par_1_9' title="bbox 109 1820 935 1907">
     <span class='ocr_line' id='line_1_20' title="bbox 109 1820 935 1907; baseline -0.019 -16"><span class='ocrx_word' id='word_1_122' title='bbox 109 1841 252 1892; x_wconf 89' lang='lat' dir='ltr'><strong><em>moverent.</em></strong></span> <span class='ocrx_word' id='word_1_123' title='bbox 275 1830 439 1886; x_wconf 89' lang='lat' dir='ltr'><strong><em>Enimvero</em></strong></span> <span class='ocrx_word' id='word_1_124' title='bbox 461 1841 541 1899; x_wconf 88' lang='lat' dir='ltr'><strong><em>quem</em></strong></span> <span class='ocrx_word' id='word_1_125' title='bbox 560 1824 652 1881; x_wconf 90' lang='lat' dir='ltr'><strong><em>verbis</em></strong></span> <span class='ocrx_word' id='word_1_126' title='bbox 672 1833 698 1880; x_wconf 93' lang='lat' dir='ltr'><strong><em>et</em></strong></span> <span class='ocrx_word' id='word_1_127' title='bbox 721 1823 802 1879; x_wconf 90' lang='lat' dir='ltr'><strong><em>factis</em></strong></span> <span class='ocrx_word' id='word_1_128' title='bbox 816 1820 894 1879; x_wconf 85' lang='lat' dir='ltr'><strong><em>Chri·</em></strong></span> <span class='ocrx_word' id='word_1_129' title='bbox 915 1853 935 1907; x_wconf 75' lang='lat' dir='ltr'>B</span> 
     </span>
    </p>
   </div>
   <div class='ocr_carea' id='block_1_8' title="bbox 107 1915 899 3919">
    <p class='ocr_par' dir='ltr' id='par_1_10' title="bbox 107 1915 899 3919">
     <span class='ocr_line' id='line_1_21' title="bbox 110 1915 899 1995; baseline -0.023 -10"><span class='ocrx_word' id='word_1_130' title='bbox 110 1941 176 1985; x_wconf 88' lang='lat' dir='ltr'><strong><em>stum</em></strong></span> <span class='ocrx_word' id='word_1_131' title='bbox 191 1941 254 1983; x_wconf 86' lang='lat' dir='ltr'><strong><em>esse</em></strong></span> <span class='ocrx_word' id='word_1_132' title='bbox 272 1937 444 1995; x_wconf 85' lang='lat' dir='ltr'><strong><em>cognoscere</em></strong></span> <span class='ocrx_word' id='word_1_133' title='bbox 463 1927 589 1991; x_wconf 88' lang='lat' dir='ltr'><strong><em>possunt,</em></strong></span> <span class='ocrx_word' id='word_1_134' title='bbox 610 1918 646 1972; x_wconf 91' lang='lat' dir='ltr'><strong><em>ob</em></strong></span> <span class='ocrx_word' id='word_1_135' title='bbox 665 1916 752 1972; x_wconf 88' lang='lat' dir='ltr'><strong><em>solam</em></strong></span> <span class='ocrx_word' id='word_1_136' title='bbox 771 1915 899 1970; x_wconf 90' lang='lat' dir='ltr'><strong><em>notitiam</em></strong></span> 
     </span>
     <span class='ocr_line' id='line_1_22' title="bbox 108 2007 897 2093; baseline -0.024 -17"><span class='ocrx_word' id='word_1_137' title='bbox 108 2019 207 2093; x_wconf 89' lang='lat' dir='ltr'><strong><em>generis</em></strong></span> <span class='ocrx_word' id='word_1_138' title='bbox 218 2021 413 2072; x_wconf 85' lang='lat' dir='ltr'><strong><em>corttemnunt.</em></strong></span> <span class='ocrx_word' id='word_1_139' title='bbox 424 2011 573 2067; x_wconf 90' lang='lat' dir='ltr'><strong><em>inlidelitas</em></strong></span> <span class='ocrx_word' id='word_1_140' title='bbox 584 2024 702 2079; x_wconf 91' lang='lat' dir='ltr'><strong><em>namque</em></strong></span> <span class='ocrx_word' id='word_1_141' title='bbox 715 2007 779 2063; x_wconf 89' lang='lat' dir='ltr'><strong><em>binc</em></strong></span> <span class='ocrx_word' id='word_1_142' title='bbox 790 2021 897 2078; x_wconf 87' lang='lat' dir='ltr'><strong><em>magna,</em></strong></span> 
     </span>
     <span class='ocr_line' id='line_1_23' title="bbox 109 2099 897 2174; baseline -0.016 -6"><span class='ocrx_word' id='word_1_143' title='bbox 109 2115 166 2168; x_wconf 84' lang='lat' dir='ltr'><strong><em>binc</em></strong></span> <span class='ocrx_word' id='word_1_144' title='bbox 176 2110 293 2166; x_wconf 90' lang='lat' dir='ltr'><strong><em>humilia</em></strong></span> <span class='ocrx_word' id='word_1_145' title='bbox 308 2123 434 2172; x_wconf 90' lang='lat' dir='ltr'><strong><em>cernens,</em></strong></span> <span class='ocrx_word' id='word_1_146' title='bbox 449 2104 591 2160; x_wconf 88' lang='lat' dir='ltr'><strong><em>veritatem</em></strong></span> <span class='ocrx_word' id='word_1_147' title='bbox 604 2101 702 2174; x_wconf 87' lang='lat' dir='ltr'><strong><em>judicii</em></strong></span> <span class='ocrx_word' id='word_1_148' title='bbox 715 2116 770 2156; x_wconf 91' lang='lat' dir='ltr'><strong><em>non</em></strong></span> <span class='ocrx_word' id='word_1_149' title='bbox 792 2099 897 2170; x_wconf 89' lang='lat' dir='ltr'><strong><em>recipit,</em></strong></span> 
     </span>
     <span class='ocr_line' id='line_1_24' title="bbox 108 2192 898 2268; baseline -0.02 -8"><span class='ocrx_word' id='word_1_150' title='bbox 108 2204 151 2260; x_wconf 88' lang='lat' dir='ltr'><strong><em>sed</em></strong></span> <span class='ocrx_word' id='word_1_151' title='bbox 165 2200 381 2264; x_wconf 79' lang='lat' dir='ltr'><strong><em>scandalizatur,</em></strong></span> <span class='ocrx_word' id='word_1_152' title='bbox 405 2195 478 2268; x_wconf 88' lang='lat' dir='ltr'><strong><em>quoti</em></strong></span> <span class='ocrx_word' id='word_1_153' title='bbox 500 2202 543 2252; x_wconf 89' lang='grc' dir='ltr'><strong><em>εει</em></strong></span> <span class='ocrx_word' id='word_1_154' title='bbox 564 2193 691 2264; x_wconf 89' lang='lat' dir='ltr'><strong><em>impediri</em></strong></span> <span class='ocrx_word' id='word_1_155' title='bbox 706 2192 806 2249; x_wconf 90' lang='lat' dir='ltr'><strong><em>mentis</em></strong></span> <span class='ocrx_word' id='word_1_156' title='bbox 822 2192 898 2246; x_wconf 90' lang='lat' dir='ltr'><strong><em>arbi-</em></strong></span> 
     </span>
     <span class='ocr_line' id='line_1_25' title="bbox 108 2281 897 2350; baseline -0.022 0"><span class='ocrx_word' id='word_1_157' title='bbox 108 2297 192 2350; x_wconf 89' lang='lat' dir='ltr'><strong><em>trium.</em></strong></span> <span class='ocrx_word' id='word_1_158' title='bbox 209 2293 324 2348; x_wconf 83' lang='lat' dir='ltr'><strong><em>Uaccus</em></strong></span> <span class='ocrx_word' id='word_1_159' title='bbox 349 2291 387 2345; x_wconf 89' lang='lat' dir='ltr'><strong><em>ait</em></strong></span> <span class='ocrx_word' id='word_1_160' title='bbox 413 2288 558 2344; x_wconf 82' lang='lat' dir='ltr'><strong><em>Dominum</em></strong></span> <span class='ocrx_word' id='word_1_161' title='bbox 574 2285 677 2342; x_wconf 91' lang='lat' dir='ltr'><strong><em>dictum</em></strong></span> <span class='ocrx_word' id='word_1_162' title='bbox 693 2282 810 2346; x_wconf 91' lang='lat' dir='ltr'><strong><em>fabrum,</em></strong></span> <span class='ocrx_word' id='word_1_163' title='bbox 827 2281 897 2335; x_wconf 89' lang='lat' dir='ltr'><strong><em>llat-</em></strong></span> 
     </span>
     <span class='ocr_line' id='line_1_26' title="bbox 108 2374 895 2454; baseline -0.019 -11"><span class='ocrx_word' id='word_1_164' title='bbox 108 2389 186 2444; x_wconf 81' lang='lat' dir='ltr'><strong><em>cneus</em></strong></span> <span class='ocrx_word' id='word_1_165' title='bbox 200 2385 271 2441; x_wconf 90' lang='lat' dir='ltr'><strong><em>labri</em></strong></span> <span class='ocrx_word' id='word_1_166' title='bbox 290 2385 385 2440; x_wconf 90' lang='lat' dir='ltr'><strong><em>liliam.</em></strong></span> <span class='ocrx_word' id='word_1_167' title='bbox 399 2378 544 2454; x_wconf 68' lang='lat' dir='ltr'><strong><em>[Arausa]</em></strong></span> <span class='ocrx_word' id='word_1_168' title='bbox 556 2377 709 2448; x_wconf 90' lang='lat' dir='ltr'><strong><em>Utrumque</em></strong></span> <span class='ocrx_word' id='word_1_169' title='bbox 723 2376 777 2431; x_wconf 86' lang='lat' dir='ltr'><strong><em>dici</em></strong></span> <span class='ocrx_word' id='word_1_170' title='bbox 791 2374 895 2446; x_wconf 89' lang='lat' dir='ltr'><strong><em>potuit:</em></strong></span> 
     </span>
     <span class='ocr_line' id='line_1_27' title="bbox 107 2463 896 2538; baseline -0.024 -1"><span class='ocrx_word' id='word_1_171' title='bbox 107 2479 247 2538; x_wconf 78' lang='lat' dir='ltr'><strong><em>credebant</em></strong></span> <span class='ocrx_word' id='word_1_172' title='bbox 261 2475 340 2532; x_wconf 89' lang='lat' dir='ltr'><strong><em>enim</em></strong></span> <span class='ocrx_word' id='word_1_173' title='bbox 360 2489 393 2529; x_wconf 92' lang='lat' dir='ltr'><strong><em>eo</em></strong></span> <span class='ocrx_word' id='word_1_174' title='bbox 415 2487 477 2528; x_wconf 89' lang='lat' dir='ltr'><strong><em>esse</em></strong></span> <span class='ocrx_word' id='word_1_175' title='bbox 500 2469 619 2532; x_wconf 89' lang='lat' dir='ltr'><strong><em>fabrum,</em></strong></span> <span class='ocrx_word' id='word_1_176' title='bbox 641 2481 699 2537; x_wconf 89' lang='lat' dir='ltr'><strong><em>quo</em></strong></span> <span class='ocrx_word' id='word_1_177' title='bbox 715 2465 784 2519; x_wconf 90' lang='lat' dir='ltr'><strong><em>fabri</em></strong></span> <span class='ocrx_word' id='word_1_178' title='bbox 801 2463 896 2518; x_wconf 83' lang='lat' dir='ltr'><strong><em>filium.</em></strong></span> 
     </span>
     <span class='ocr_line' id='line_1_28' title="bbox 107 2551 898 2628; baseline -0.028 -1"><span class='ocrx_word' id='word_1_179' title='bbox 107 2574 138 2627; x_wconf 76' lang='lat' dir='ltr'><strong><em>,lt</em></strong></span> <span class='ocrx_word' id='word_1_180' title='bbox 151 2585 213 2628; x_wconf 86' lang='lat' dir='ltr'><strong><em>rero</em></strong></span> <span class='ocrx_word' id='word_1_181' title='bbox 227 2567 255 2622; x_wconf 94' lang='lat' dir='ltr'><strong><em>in</em></strong></span> <span class='ocrx_word' id='word_1_182' title='bbox 277 2567 391 2622; x_wconf 90' lang='lat' dir='ltr'><strong><em>illorum</em></strong></span> <span class='ocrx_word' id='word_1_183' title='bbox 413 2574 507 2618; x_wconf 88' lang='lat' dir='ltr'><strong><em>errore</em></strong></span> <span class='ocrx_word' id='word_1_184' title='bbox 528 2559 629 2616; x_wconf 89' lang='lat' dir='ltr'><strong><em>veritas</em></strong></span> <span class='ocrx_word' id='word_1_185' title='bbox 649 2556 725 2612; x_wconf 90' lang='lat' dir='ltr'><strong><em>latet.</em></strong></span> <span class='ocrx_word' id='word_1_186' title='bbox 741 2551 811 2610; x_wconf 83' lang='lat' dir='ltr'><strong><em>Vere</em></strong></span> <span class='ocrx_word' id='word_1_187' title='bbox 824 2555 898 2608; x_wconf 86' lang='lat' dir='ltr'><strong><em>enirn</em></strong></span> 
     </span>
     <span class='ocr_line' id='line_1_29' title="bbox 108 2644 897 2726; baseline -0.029 -6"><span class='ocrx_word' id='word_1_188' title='bbox 108 2662 244 2720; x_wconf 83' lang='lat' dir='ltr'><strong><em>eratfilius</em></strong></span> <span class='ocrx_word' id='word_1_189' title='bbox 259 2658 348 2722; x_wconf 87' lang='lat' dir='ltr'><strong><em>fabri,</em></strong></span> <span class='ocrx_word' id='word_1_190' title='bbox 368 2655 416 2726; x_wconf 93' lang='lat' dir='ltr'><strong><em>qui</em></strong></span> <span class='ocrx_word' id='word_1_191' title='bbox 431 2668 481 2726; x_wconf 87' lang='lat' dir='ltr'><strong><em>per</em></strong></span> <span class='ocrx_word' id='word_1_192' title='bbox 503 2652 593 2723; x_wconf 90' lang='lat' dir='ltr'><strong><em>ipsum</em></strong></span> <span class='ocrx_word' id='word_1_193' title='bbox 613 2647 642 2704; x_wconf 92' lang='lat' dir='ltr'><strong><em>in</em></strong></span> <span class='ocrx_word' id='word_1_194' title='bbox 656 2646 792 2720; x_wconf 90' lang='lat' dir='ltr'><strong><em>principio</em></strong></span> <span class='ocrx_word' id='word_1_195' title='bbox 805 2644 897 2700; x_wconf 91' lang='lat' dir='ltr'><strong><em>omnia</em></strong></span> 
     </span>
     <span class='ocr_line' id='line_1_30' title="bbox 108 2733 897 2823; baseline -0.032 -12"><span class='ocrx_word' id='word_1_196' title='bbox 108 2755 176 2818; x_wconf 84' lang='lat' dir='ltr'><strong><em>lecit,</em></strong></span> <span class='ocrx_word' id='word_1_197' title='bbox 185 2752 232 2823; x_wconf 92' lang='lat' dir='ltr'><strong><em>qui</em></strong></span> <span class='ocrx_word' id='word_1_198' title='bbox 248 2753 385 2820; x_wconf 78' lang='lat' dir='ltr'><strong><em>operatur</em></strong></span> <span class='ocrx_word' id='word_1_199' title='bbox 399 2743 503 2816; x_wconf 81' lang='lat' dir='ltr'><strong><em>Spiritu</em></strong></span> <span class='ocrx_word' id='word_1_200' title='bbox 517 2746 614 2797; x_wconf 90' lang='lat' dir='ltr'><strong><em>sancto</em></strong></span> <span class='ocrx_word' id='word_1_201' title='bbox 628 2745 655 2793; x_wconf 89' lang='grc' dir='ltr'><strong><em>ει</em></strong></span> <span class='ocrx_word' id='word_1_202' title='bbox 670 2737 736 2808; x_wconf 85' lang='lat' dir='ltr'><strong><em>igni,</em></strong></span> <span class='ocrx_word' id='word_1_203' title='bbox 751 2735 798 2806; x_wconf 93' lang='lat' dir='ltr'><strong><em>qui</em></strong></span> <span class='ocrx_word' id='word_1_204' title='bbox 813 2733 897 2788; x_wconf 90' lang='lat' dir='ltr'><strong><em>fabri-</em></strong></span> 
     </span>
     <span class='ocr_line' id='line_1_31' title="bbox 108 2825 896 2902; baseline -0.032 0"><span class='ocrx_word' id='word_1_205' title='bbox 108 2858 179 2902; x_wconf 80' lang='lat' dir='ltr'><strong><em>catus</em></strong></span> <span class='ocrx_word' id='word_1_206' title='bbox 192 2851 234 2900; x_wconf 89' lang='grc' dir='ltr'><strong><em>εει</em></strong></span> <span class='ocrx_word' id='word_1_207' title='bbox 249 2854 382 2896; x_wconf 88' lang='lat' dir='ltr'><strong><em>auroram</em></strong></span> <span class='ocrx_word' id='word_1_208' title='bbox 397 2843 425 2892; x_wconf 91' lang='grc' dir='ltr'><strong><em>ει</em></strong></span> <span class='ocrx_word' id='word_1_209' title='bbox 439 2834 539 2897; x_wconf 88' lang='lat' dir='ltr'><strong><em>solem,</em></strong></span> <span class='ocrx_word' id='word_1_210' title='bbox 563 2828 712 2886; x_wconf 82' lang='lat' dir='ltr'><strong><em>Ecclesiam</em></strong></span> <span class='ocrx_word' id='word_1_211' title='bbox 730 2825 896 2896; x_wconf 77' lang='lat' dir='ltr'><strong><em>primitivam</em></strong></span> 
     </span>
     <span class='ocr_line' id='line_1_32' title="bbox 108 2917 897 3003; baseline -0.032 -12"><span class='ocrx_word' id='word_1_212' title='bbox 108 2944 131 2991; x_wconf 92' lang='grc' dir='ltr'><strong><em>ει</em></strong></span> <span class='ocrx_word' id='word_1_213' title='bbox 145 2939 314 3003; x_wconf 84' lang='lat' dir='ltr'><strong><em>sequentem.</em></strong></span> <span class='ocrx_word' id='word_1_214' title='bbox 329 2926 413 2981; x_wconf 88' lang='lat' dir='ltr'><strong><em>Pater</em></strong></span> <span class='ocrx_word' id='word_1_215' title='bbox 435 2921 540 2978; x_wconf 78' lang='lat' dir='ltr'><strong><em>Christi</em></strong></span> <span class='ocrx_word' id='word_1_216' title='bbox 563 2928 591 2975; x_wconf 92' lang='grc' dir='ltr'><strong><em>ει</em></strong></span> <span class='ocrx_word' id='word_1_217' title='bbox 608 2917 735 2974; x_wconf 85' lang='lat' dir='ltr'><strong><em>Christus</em></strong></span> <span class='ocrx_word' id='word_1_218' title='bbox 755 2917 783 2969; x_wconf 94' lang='lat' dir='ltr'><strong><em>in</em></strong></span> <span class='ocrx_word' id='word_1_219' title='bbox 798 2928 897 2984; x_wconf 89' lang='lat' dir='ltr'><strong><em>magua</em></strong></span> 
     </span>
     <span class='ocr_line' id='line_1_33' title="bbox 108 3006 896 3092; baseline -0.03 -10"><span class='ocrx_word' id='word_1_220' title='bbox 108 3027 182 3082; x_wconf 90' lang='lat' dir='ltr'><strong><em>domo</em></strong></span> <span class='ocrx_word' id='word_1_221' title='bbox 195 3022 282 3092; x_wconf 84' lang='lat' dir='ltr'><strong><em>bajus</em></strong></span> <span class='ocrx_word' id='word_1_222' title='bbox 298 3017 405 3082; x_wconf 80' lang='lat' dir='ltr'><strong><em>arandi,</em></strong></span> <span class='ocrx_word' id='word_1_223' title='bbox 421 3013 522 3070; x_wconf 84' lang='lat' dir='ltr'><strong><em>diversi</em></strong></span> <span class='ocrx_word' id='word_1_224' title='bbox 538 3009 648 3083; x_wconf 87' lang='lat' dir='ltr'><strong><em>generis</em></strong></span> <span class='ocrx_word' id='word_1_225' title='bbox 662 3023 728 3063; x_wconf 83' lang='lat' dir='ltr'><strong><em>rasa</em></strong></span> <span class='ocrx_word' id='word_1_226' title='bbox 741 3006 877 3061; x_wconf 87' lang='lat' dir='ltr'><strong><em>fabricant</em></strong></span> <span class='ocrx_word' id='word_1_227' title='bbox 889 3024 896 3072; x_wconf 91' lang='lat'>;</span> 
     </span>
     <span class='ocr_line' id='line_1_34' title="bbox 107 3097 896 3182; baseline -0.028 -10"><span class='ocrx_word' id='word_1_228' title='bbox 107 3127 131 3173; x_wconf 93' lang='grc' dir='ltr'><strong><em>ει</em></strong></span> <span class='ocrx_word' id='word_1_229' title='bbox 151 3130 213 3170; x_wconf 90' lang='lat' dir='ltr'><strong><em>vasa</em></strong></span> <span class='ocrx_word' id='word_1_230' title='bbox 228 3114 279 3168; x_wconf 74' lang='lat' dir='ltr'><strong><em>irae</em></strong></span> <span class='ocrx_word' id='word_1_231' title='bbox 297 3112 360 3182; x_wconf 87' lang='lat' dir='ltr'><strong><em>igne</em></strong></span> <span class='ocrx_word' id='word_1_232' title='bbox 374 3107 489 3178; x_wconf 89' lang='lat' dir='ltr'><strong><em>spiritus</em></strong></span> <span class='ocrx_word' id='word_1_233' title='bbox 504 3102 649 3159; x_wconf 90' lang='lat' dir='ltr'><strong><em>molliendo</em></strong></span> <span class='ocrx_word' id='word_1_234' title='bbox 660 3102 688 3155; x_wconf 93' lang='lat' dir='ltr'><strong><em>in</em></strong></span> <span class='ocrx_word' id='word_1_235' title='bbox 701 3097 896 3154; x_wconf 76' lang='lat' dir='ltr'><strong><em>misericordiae</em></strong></span> 
     </span>
     <span class='ocr_line' id='line_1_35' title="bbox 107 3194 689 3264; baseline -0.027 -2"><span class='ocrx_word' id='word_1_236' title='bbox 107 3223 166 3264; x_wconf 89' lang='lat' dir='ltr'><strong><em>vasa</em></strong></span> <span class='ocrx_word' id='word_1_237' title='bbox 179 3208 363 3261; x_wconf 89' lang='lat' dir='ltr'><strong><em>commutant.</em></strong></span> <span class='ocrx_word' id='word_1_238' title='bbox 387 3198 464 3253; x_wconf 85' lang='lat' dir='ltr'><strong><em>Unde</em></strong></span> <span class='ocrx_word' id='word_1_239' title='bbox 486 3194 635 3250; x_wconf 87' lang='lat' dir='ltr'><strong><em>llalachias</em></strong></span> <span class='ocrx_word' id='word_1_240' title='bbox 657 3207 689 3247; x_wconf 85' lang='lat' dir='ltr'><strong><em>cx</em></strong></span> 
     </span>
     <span class='ocr_line' id='line_1_36' title="bbox 108 3280 896 3355; baseline -0.025 0"><span class='ocrx_word' id='word_1_241' title='bbox 108 3302 153 3355; x_wconf 90' lang='lat' dir='ltr'><strong><em>tris</em></strong></span> <span class='ocrx_word' id='word_1_242' title='bbox 172 3299 208 3352; x_wconf 89' lang='lat' dir='ltr'><strong><em>ait</em></strong></span> <span class='ocrx_word' id='word_1_243' title='bbox 225 3297 259 3353; x_wconf 91' lang='lat' dir='ltr'><strong><em>de</em></strong></span> <span class='ocrx_word' id='word_1_244' title='bbox 283 3293 365 3350; x_wconf 81' lang='lat' dir='ltr'><strong><em>Filio.</em></strong></span> <span class='ocrx_word' id='word_1_245' title='bbox 388 3291 424 3347; x_wconf 84' lang='lat' dir='ltr'><strong><em>Et</em></strong></span> <span class='ocrx_word' id='word_1_246' title='bbox 445 3287 543 3344; x_wconf 80' lang='lat' dir='ltr'><strong><em>ardebit</em></strong></span> <span class='ocrx_word' id='word_1_247' title='bbox 564 3285 682 3354; x_wconf 73' lang='lat' dir='ltr'><strong><em>cantiam</em></strong></span> <span class='ocrx_word' id='word_1_248' title='bbox 705 3292 730 3337; x_wconf 89' lang='lat' dir='ltr'><strong><em>et</em></strong></span> <span class='ocrx_word' id='word_1_249' title='bbox 751 3280 896 3336; x_wconf 83' lang='lat' dir='ltr'><strong><em>emurrdans</em></strong></span> 
     </span>
     <span class='ocr_line' id='line_1_37' title="bbox 109 3373 896 3463; baseline -0.022 -18"><span class='ocrx_word' id='word_1_250' title='bbox 109 3403 255 3463; x_wconf 77' lang='lat' dir='ltr'><strong><em>arpentum,</em></strong></span> <span class='ocrx_word' id='word_1_251' title='bbox 279 3396 307 3442; x_wconf 91' lang='lat' dir='ltr'><strong><em>et</em></strong></span> <span class='ocrx_word' id='word_1_252' title='bbox 327 3384 450 3456; x_wconf 80' lang='lat' dir='ltr'><strong><em>purgabit</em></strong></span> <span class='ocrx_word' id='word_1_253' title='bbox 474 3382 544 3451; x_wconf 77' lang='lat' dir='ltr'><strong><em>filios</em></strong></span> <span class='ocrx_word' id='word_1_254' title='bbox 564 3377 637 3440; x_wconf 85' lang='lat' dir='ltr'><strong><em>Leni,</em></strong></span> <span class='ocrx_word' id='word_1_255' title='bbox 660 3387 685 3432; x_wconf 90' lang='lat' dir='ltr'><strong><em>et</em></strong></span> <span class='ocrx_word' id='word_1_256' title='bbox 708 3373 833 3444; x_wconf 76' lang='lat' dir='ltr'><strong><em>conplabit</em></strong></span> <span class='ocrx_word' id='word_1_257' title='bbox 852 3389 896 3429; x_wconf 89' lang='lat' dir='ltr'><strong><em>eos</em></strong></span> 
     </span>
     <span class='ocr_line' id='line_1_38' title="bbox 109 3464 897 3554; baseline -0.025 -17"><span class='ocrx_word' id='word_1_258' title='bbox 109 3485 177 3554; x_wconf 86' lang='lat' dir='ltr'><strong><em>quasi</em></strong></span> <span class='ocrx_word' id='word_1_259' title='bbox 201 3495 300 3536; x_wconf 88' lang='lat' dir='ltr'><strong><em>aurum</em></strong></span> <span class='ocrx_word' id='word_1_260' title='bbox 323 3485 348 3533; x_wconf 91' lang='lat' dir='ltr'><strong><em>et</em></strong></span> <span class='ocrx_word' id='word_1_261' title='bbox 374 3483 511 3546; x_wconf 78' lang='lat' dir='ltr'><strong><em>argentam</em></strong></span> <span class='ocrx_word' id='word_1_262' title='bbox 535 3469 644 3543; x_wconf 81' lang='lat' dir='ltr'><strong><em>(blattis.</em></strong></span> <span class='ocrx_word' id='word_1_263' title='bbox 657 3466 696 3540; x_wconf 82' lang='lat' dir='ltr'><strong><em>v).</em></strong></span> <span class='ocrx_word' id='word_1_264' title='bbox 722 3464 897 3520; x_wconf 80' lang='lat' dir='ltr'><strong><em>Manifestum</em></strong></span> 
     </span>
     <span class='ocr_line' id='line_1_39' title="bbox 109 3561 897 3644; baseline -0.024 -14"><span class='ocrx_word' id='word_1_265' title='bbox 109 3584 146 3630; x_wconf 86' lang='grc' dir='ltr'><strong><em>εει</em></strong></span> <span class='ocrx_word' id='word_1_266' title='bbox 159 3581 302 3644; x_wconf 88' lang='lat' dir='ltr'><strong><em>cognatos,</em></strong></span> <span class='ocrx_word' id='word_1_267' title='bbox 318 3583 395 3624; x_wconf 90' lang='lat' dir='ltr'><strong><em>more</em></strong></span> <span class='ocrx_word' id='word_1_268' title='bbox 415 3565 575 3636; x_wconf 75' lang='lat' dir='ltr'><strong><em>Scriptura,</em></strong></span> <span class='ocrx_word' id='word_1_269' title='bbox 596 3561 697 3616; x_wconf 87' lang='lat' dir='ltr'><strong><em>fratres</em></strong></span> <span class='ocrx_word' id='word_1_270' title='bbox 724 3575 772 3616; x_wconf 89' lang='lat' dir='ltr'><strong><em>sen</em></strong></span> <span class='ocrx_word' id='word_1_271' title='bbox 787 3571 897 3613; x_wconf 92' lang='lat' dir='ltr'><strong><em>sorores</em></strong></span> 
     </span>
     <span class='ocr_line' id='line_1_40' title="bbox 109 3649 897 3733; baseline -0.022 -14"><span class='ocrx_word' id='word_1_272' title='bbox 109 3661 253 3733; x_wconf 82' lang='lat' dir='ltr'><strong><em>truncupari</em></strong></span> <span class='ocrx_word' id='word_1_273' title='bbox 269 3681 278 3717; x_wconf 90' lang='lat'>:</span> <span class='ocrx_word' id='word_1_274' title='bbox 295 3668 322 3716; x_wconf 91' lang='lat' dir='ltr'><strong><em>et</em></strong></span> <span class='ocrx_word' id='word_1_275' title='bbox 342 3673 414 3728; x_wconf 84' lang='lat' dir='ltr'><strong><em>saepc</em></strong></span> <span class='ocrx_word' id='word_1_276' title='bbox 429 3656 522 3712; x_wconf 85' lang='lat' dir='ltr'><strong><em>vilitas</em></strong></span> <span class='ocrx_word' id='word_1_277' title='bbox 541 3654 674 3724; x_wconf 80' lang='lat' dir='ltr'><strong><em>originem</em></strong></span> <span class='ocrx_word' id='word_1_278' title='bbox 692 3649 851 3713; x_wconf 89' lang='lat' dir='ltr'><strong><em>comitatur,</em></strong></span> <span class='ocrx_word' id='word_1_279' title='bbox 868 3657 897 3703; x_wconf 92' lang='lat' dir='ltr'><strong><em>ut</em></strong></span> 
     </span>
     <span class='ocr_line' id='line_1_41' title="bbox 109 3742 897 3823; baseline -0.018 -13"><span class='ocrx_word' id='word_1_280' title='bbox 109 3757 138 3811; x_wconf 91' lang='lat' dir='ltr'><strong><em>de</em></strong></span> <span class='ocrx_word' id='word_1_281' title='bbox 151 3755 233 3810; x_wconf 81' lang='lat' dir='ltr'><strong><em>florid</em></strong></span> <span class='ocrx_word' id='word_1_282' title='bbox 248 3751 407 3823; x_wconf 83' lang='lat' dir='ltr'><strong><em>despective</em></strong></span> <span class='ocrx_word' id='word_1_283' title='bbox 422 3749 582 3804; x_wconf 85' lang='lat' dir='ltr'><strong><em>dictumest</em></strong></span> <span class='ocrx_word' id='word_1_284' title='bbox 597 3765 602 3800; x_wconf 95' lang='lat'><strong>:</strong></span> <span class='ocrx_word' id='word_1_285' title='bbox 628 3745 693 3812; x_wconf 84' lang='lat' dir='ltr'><strong><em>Quis</em></strong></span> <span class='ocrx_word' id='word_1_286' title='bbox 708 3753 746 3797; x_wconf 86' lang='lat' dir='ltr'><strong><em>cst</em></strong></span> <span class='ocrx_word' id='word_1_287' title='bbox 761 3751 811 3797; x_wconf 86' lang='lat' dir='ltr'><strong><em>rste</em></strong></span> <span class='ocrx_word' id='word_1_288' title='bbox 823 3742 897 3807; x_wconf 75' lang='lat' dir='ltr'><strong><em>filius</em></strong></span> 
     </span>
     <span class='ocr_line' id='line_1_42' title="bbox 110 3835 895 3919; baseline -0.018 -17"><span class='ocrx_word' id='word_1_289' title='bbox 110 3847 161 3904; x_wconf 87' lang='lat' dir='ltr'><strong><em>lsai</em></strong></span> <span class='ocrx_word' id='word_1_290' title='bbox 169 3851 181 3904; x_wconf 83' lang='lat' dir='ltr'><strong><em>l</em></strong></span> <span class='ocrx_word' id='word_1_291' title='bbox 194 3846 253 3919; x_wconf 96' lang='grc' dir='ltr'>(ΙΙΙ</span> <span class='ocrx_word' id='word_1_292' title='bbox 264 3845 330 3919; x_wconf 79' lang='lat' dir='ltr'><strong><em>licq.</em></strong></span> <span class='ocrx_word' id='word_1_293' title='bbox 344 3841 406 3914; x_wconf 86' lang='lat' dir='ltr'><strong><em>xn.)</em></strong></span> <span class='ocrx_word' id='word_1_294' title='bbox 418 3841 470 3896; x_wconf 89' lang='lat' dir='ltr'><strong><em>Sed</em></strong></span> <span class='ocrx_word' id='word_1_295' title='bbox 485 3859 491 3894; x_wconf 95' lang='lat'>:</span> <span class='ocrx_word' id='word_1_296' title='bbox 505 3838 627 3893; x_wconf 91' lang='lat' dir='ltr'><strong><em>fiumilia</em></strong></span> <span class='ocrx_word' id='word_1_297' title='bbox 640 3835 769 3890; x_wconf 87' lang='lat' dir='ltr'><strong><em>Dominus</em></strong></span> <span class='ocrx_word' id='word_1_298' title='bbox 780 3837 895 3904; x_wconf 79' lang='lat' dir='ltr'><strong><em>respicit,</em></strong></span> 
     </span>
    </p>
   </div>
   <div class='ocr_carea' id='block_1_9' title="bbox 109 3929 717 4130">
    <p class='ocr_par' dir='ltr' id='par_1_11' title="bbox 109 3929 717 4130">
     <span class='ocr_line' id='line_1_43' title="bbox 109 3929 717 4008; baseline -0.015 -15"><span class='ocrx_word' id='word_1_299' title='bbox 109 3950 130 3993; x_wconf 88' lang='lat' dir='ltr'><strong><em>rt</em></strong></span> <span class='ocrx_word' id='word_1_300' title='bbox 144 3941 197 3994; x_wconf 90' lang='lat' dir='ltr'><strong><em>alta</em></strong></span> <span class='ocrx_word' id='word_1_301' title='bbox 211 3957 226 3994; x_wconf 92' lang='lat' dir='ltr'><strong><em>a</em></strong></span> <span class='ocrx_word' id='word_1_302' title='bbox 241 3937 320 4007; x_wconf 86' lang='lat' dir='ltr'><strong><em>ionqe</em></strong></span> <span class='ocrx_word' id='word_1_303' title='bbox 334 3936 466 4004; x_wconf 83' lang='lat' dir='ltr'><strong><em>cognoscit</em></strong></span> <span class='ocrx_word' id='word_1_304' title='bbox 482 3930 569 4008; x_wconf 74' lang='lat' dir='ltr'><strong><em>(Psal.</em></strong></span> <span class='ocrx_word' id='word_1_305' title='bbox 583 3929 717 4000; x_wconf 77' lang='lat' dir='ltr'><strong><em>cxxxvii).</em></strong></span> 
     </span>
     <span class='ocr_line' id='line_1_44' title="bbox 488 4019 556 4068; baseline 0 0"><span class='ocrx_word' id='word_1_306' title='bbox 488 4027 490 4032; x_wconf 83' lang='grc'>’</span> <span class='ocrx_word' id='word_1_307' title='bbox 525 4019 556 4068; x_wconf 74' lang='lat'><strong><em>20</em></strong></span> 
     </span>
     <span class='ocr_line' id='line_1_45' title="bbox 477 4097 549 4130; baseline -0.014 1"><span class='ocrx_word' id='word_1_308' title='bbox 477 4100 489 4124; x_wconf 77' lang='lat'>0</span> <span class='ocrx_word' id='word_1_309' title='bbox 534 4097 549 4130; x_wconf 82' lang='grc' dir='ltr'><strong>Χ</strong></span> 
     </span>
    </p>
   </div>
   <div class='ocr_carea' id='block_1_10' title="bbox 111 4157 898 4324">
    <p class='ocr_par' dir='ltr' id='par_1_12' title="bbox 111 4157 898 4324">
     <span class='ocr_line' id='line_1_46' title="bbox 143 4157 897 4240; baseline -0.019 -14"><span class='ocrx_word' id='word_1_310' title='bbox 143 4171 175 4226; x_wconf 89' lang='lat' dir='ltr'><strong><em>Et</em></strong></span> <span class='ocrx_word' id='word_1_311' title='bbox 188 4172 228 4225; x_wconf 92' lang='lat' dir='ltr'><strong><em>ait</em></strong></span> <span class='ocrx_word' id='word_1_312' title='bbox 242 4169 323 4223; x_wconf 91' lang='lat' dir='ltr'><strong><em>illis:</em></strong></span> <span class='ocrx_word' id='word_1_313' title='bbox 345 4163 439 4236; x_wconf 86' lang='lat' dir='ltr'><strong><em>Utique</em></strong></span> <span class='ocrx_word' id='word_1_314' title='bbox 459 4163 552 4218; x_wconf 86' lang='lat' dir='ltr'><strong><em>dicetis</em></strong></span> <span class='ocrx_word' id='word_1_315' title='bbox 576 4159 641 4240; x_wconf 73' lang='lat' dir='ltr'><strong><em>ntilrj</em></strong></span> <span class='ocrx_word' id='word_1_316' title='bbox 662 4160 729 4214; x_wconf 88' lang='lat' dir='ltr'><strong><em>banc</em></strong></span> <span class='ocrx_word' id='word_1_317' title='bbox 743 4157 897 4213; x_wconf 89' lang='lat' dir='ltr'><strong><em>similitudi·</em></strong></span> 
     </span>
     <span class='ocr_line' id='line_1_47' title="bbox 111 4247 898 4324; baseline -0.018 -8"><span class='ocrx_word' id='word_1_318' title='bbox 111 4276 183 4316; x_wconf 86' lang='lat' dir='ltr'><strong><em>nem:</em></strong></span> <span class='ocrx_word' id='word_1_319' title='bbox 196 4258 309 4324; x_wconf 86' lang='lat' dir='ltr'><strong><em>blediee,</em></strong></span> <span class='ocrx_word' id='word_1_320' title='bbox 321 4273 384 4311; x_wconf 79' lang='lat' dir='ltr'><strong><em>citra</em></strong></span> <span class='ocrx_word' id='word_1_321' title='bbox 404 4255 524 4322; x_wconf 85' lang='lat' dir='ltr'><strong><em>teipsum.</em></strong></span> <span class='ocrx_word' id='word_1_322' title='bbox 543 4251 652 4318; x_wconf 83' lang='lat' dir='ltr'><strong><em>Quanta</em></strong></span> <span class='ocrx_word' id='word_1_323' title='bbox 666 4249 814 4303; x_wconf 80' lang='lat' dir='ltr'><strong><em>audiuimus</em></strong></span> <span class='ocrx_word' id='word_1_324' title='bbox 824 4247 898 4318; x_wconf 76' lang='lat' dir='ltr'><strong><em>facta</em></strong></span> 
     </span>
    </p>
   </div>
   <div class='ocr_carea' id='block_1_11' title="bbox 111 4341 899 4508">
    <p class='ocr_par' dir='ltr' id='par_1_13' title="bbox 111 4341 899 4508">
     <span class='ocr_line' id='line_1_48' title="bbox 111 4341 696 4418; baseline -0.022 -14"><span class='ocrx_word' id='word_1_325' title='bbox 111 4353 136 4404; x_wconf 91' lang='lat' dir='ltr'><strong><em>in</em></strong></span> <span class='ocrx_word' id='word_1_326' title='bbox 150 4349 348 4418; x_wconf 68' lang='lat' dir='ltr'><strong><em>capharnaum,</em></strong></span> <span class='ocrx_word' id='word_1_327' title='bbox 361 4345 404 4414; x_wconf 78' lang='lat' dir='ltr'><strong><em>fac</em></strong></span> <span class='ocrx_word' id='word_1_328' title='bbox 414 4343 456 4397; x_wconf 91' lang='lat' dir='ltr'><strong><em>bic</em></strong></span> <span class='ocrx_word' id='word_1_329' title='bbox 466 4352 491 4396; x_wconf 89' lang='lat' dir='ltr'><strong><em>et</em></strong></span> <span class='ocrx_word' id='word_1_330' title='bbox 502 4343 528 4395; x_wconf 92' lang='lat' dir='ltr'><strong><em>in</em></strong></span> <span class='ocrx_word' id='word_1_331' title='bbox 539 4341 628 4411; x_wconf 85' lang='lat' dir='ltr'><strong><em>patria</em></strong></span> <span class='ocrx_word' id='word_1_332' title='bbox 640 4349 696 4393; x_wconf 88' lang='lat' dir='ltr'><strong><em>tna.</em></strong></span> 
     </span>
     <span class='ocr_line' id='line_1_49' title="bbox 142 4427 899 4508; baseline -0.02 -11"><span class='ocrx_word' id='word_1_333' title='bbox 142 4442 208 4508; x_wconf 84' lang='lat' dir='ltr'><strong><em>Quia</em></strong></span> <span class='ocrx_word' id='word_1_334' title='bbox 228 4442 256 4495; x_wconf 93' lang='lat' dir='ltr'><strong><em>in</em></strong></span> <span class='ocrx_word' id='word_1_335' title='bbox 281 4437 472 4508; x_wconf 85' lang='lat' dir='ltr'><strong><em>Capbamaum</em></strong></span> <span class='ocrx_word' id='word_1_336' title='bbox 495 4434 587 4504; x_wconf 88' lang='lat' dir='ltr'><strong><em>plures</em></strong></span> <span class='ocrx_word' id='word_1_337' title='bbox 608 4439 635 4485; x_wconf 88' lang='grc' dir='ltr'><strong><em>ιε.</em></strong></span> <span class='ocrx_word' id='word_1_338' title='bbox 656 4443 768 4485; x_wconf 86' lang='lat' dir='ltr'><strong><em>curasse</em></strong></span> <span class='ocrx_word' id='word_1_339' title='bbox 792 4427 899 4483; x_wconf 86' lang='lat' dir='ltr'><strong><em>audiri-</em></strong></span> 
     </span>
    </p>
   </div>
   <div class='ocr_carea' id='block_1_12' title="bbox 950 681 1746 1924">
    <p class='ocr_par' dir='ltr' id='par_1_14' title="bbox 950 681 1746 1924">
     <span class='ocr_line' id='line_1_50' title="bbox 953 681 1745 762; baseline 0.019 -26"><span class='ocrx_word' id='word_1_340' title='bbox 953 681 1001 736; x_wconf 83' lang='lat' dir='ltr'><strong><em>seti</em></strong></span> <span class='ocrx_word' id='word_1_341' title='bbox 1015 689 1042 737; x_wconf 89' lang='lat' dir='ltr'><strong><em>et</em></strong></span> <span class='ocrx_word' id='word_1_342' title='bbox 1056 683 1130 740; x_wconf 89' lang='lat' dir='ltr'><strong><em>Elias</em></strong></span> <span class='ocrx_word' id='word_1_343' title='bbox 1149 693 1177 741; x_wconf 91' lang='grc' dir='ltr'><strong><em>ει</em></strong></span> <span class='ocrx_word' id='word_1_344' title='bbox 1196 684 1341 751; x_wconf 80' lang='lat' dir='ltr'><strong><em>ieremias,</em></strong></span> <span class='ocrx_word' id='word_1_345' title='bbox 1367 688 1513 760; x_wconf 73' lang='lat' dir='ltr'><strong><em>caeterique</em></strong></span> <span class='ocrx_word' id='word_1_346' title='bbox 1528 693 1677 762; x_wconf 72' lang='lat' dir='ltr'><strong><em>propheta),</em></strong></span> <span class='ocrx_word' id='word_1_347' title='bbox 1693 697 1745 750; x_wconf 85' lang='lat' dir='ltr'><strong><em>rni-</em></strong></span> 
     </span>
     <span class='ocr_line' id='line_1_51' title="bbox 951 773 1744 845; baseline 0.021 -21"><span class='ocrx_word' id='word_1_348' title='bbox 951 786 1034 826; x_wconf 87' lang='lat' dir='ltr'><strong><em>norcs</em></strong></span> <span class='ocrx_word' id='word_1_349' title='bbox 1048 773 1077 827; x_wconf 93' lang='lat' dir='ltr'><strong><em>in</em></strong></span> <span class='ocrx_word' id='word_1_350' title='bbox 1098 773 1186 844; x_wconf 88' lang='lat' dir='ltr'><strong><em>patria</em></strong></span> <span class='ocrx_word' id='word_1_351' title='bbox 1208 791 1290 845; x_wconf 88' lang='lat' dir='ltr'><strong><em>quam</em></strong></span> <span class='ocrx_word' id='word_1_352' title='bbox 1315 777 1343 831; x_wconf 89' lang='lat' dir='ltr'><strong><em>in</em></strong></span> <span class='ocrx_word' id='word_1_353' title='bbox 1363 779 1464 835; x_wconf 86' lang='lat' dir='ltr'><strong><em>exteris</em></strong></span> <span class='ocrx_word' id='word_1_354' title='bbox 1486 781 1645 840; x_wconf 84' lang='lat' dir='ltr'><strong><em>civitatibus</em></strong></span> <span class='ocrx_word' id='word_1_355' title='bbox 1659 784 1744 842; x_wconf 88' lang='lat' dir='ltr'><strong><em>babiti</em></strong></span> 
     </span>
     <span class='ocr_line' id='line_1_52' title="bbox 952 861 1745 938; baseline 0.024 -26"><span class='ocrx_word' id='word_1_356' title='bbox 952 871 1026 915; x_wconf 91' lang='lat' dir='ltr'><strong><em>sunt.</em></strong></span> <span class='ocrx_word' id='word_1_357' title='bbox 1051 861 1108 919; x_wconf 88' lang='lat' dir='ltr'><strong><em>llos</em></strong></span> <span class='ocrx_word' id='word_1_358' title='bbox 1124 864 1197 918; x_wconf 90' lang='lat' dir='ltr'><strong><em>enim</em></strong></span> <span class='ocrx_word' id='word_1_359' title='bbox 1211 874 1254 920; x_wconf 91' lang='lat' dir='ltr'><strong><em>est</em></strong></span> <span class='ocrx_word' id='word_1_360' title='bbox 1267 867 1343 923; x_wconf 84' lang='lat' dir='ltr'><strong><em>eires</em></strong></span> <span class='ocrx_word' id='word_1_361' title='bbox 1359 869 1465 924; x_wconf 79' lang='lat' dir='ltr'><strong><em>civ-ibus</em></strong></span> <span class='ocrx_word' id='word_1_362' title='bbox 1491 870 1630 938; x_wconf 87' lang='lat' dir='ltr'><strong><em>invidere,</em></strong></span> <span class='ocrx_word' id='word_1_363' title='bbox 1648 881 1745 931; x_wconf 82' lang='lat' dir='ltr'><strong><em>elnon</em></strong></span> 
     </span>
     <span class='ocr_line' id='line_1_53' title="bbox 950 955 1743 1032; baseline 0.023 -27"><span class='ocrx_word' id='word_1_364' title='bbox 950 955 1097 1021; x_wconf 78' lang='lat' dir='ltr'><strong><em>praesentia</em></strong></span> <span class='ocrx_word' id='word_1_365' title='bbox 1121 955 1173 1009; x_wconf 91' lang='lat' dir='ltr'><strong><em>viri</em></strong></span> <span class='ocrx_word' id='word_1_366' title='bbox 1196 971 1291 1027; x_wconf 87' lang='lat' dir='ltr'><strong><em>opera,</em></strong></span> <span class='ocrx_word' id='word_1_367' title='bbox 1318 973 1372 1013; x_wconf 93' lang='lat' dir='ltr'><strong><em>non</em></strong></span> <span class='ocrx_word' id='word_1_368' title='bbox 1395 960 1524 1018; x_wconf 78' lang='lat' dir='ltr'><strong><em>uirtutem</em></strong></span> <span class='ocrx_word' id='word_1_369' title='bbox 1548 965 1743 1032; x_wconf 88' lang='lat' dir='ltr'><strong><em>considerare,</em></strong></span> 
     </span>
     <span class='ocr_line' id='line_1_54' title="bbox 952 1044 1745 1118; baseline 0.019 -21"><span class='ocrx_word' id='word_1_370' title='bbox 952 1044 999 1099; x_wconf 91' lang='lat' dir='ltr'><strong><em>sed</em></strong></span> <span class='ocrx_word' id='word_1_371' title='bbox 1016 1044 1139 1100; x_wconf 80' lang='lat' dir='ltr'><strong><em>infantia</em></strong></span> <span class='ocrx_word' id='word_1_372' title='bbox 1153 1045 1329 1118; x_wconf 89' lang='lat' dir='ltr'><strong><em>fragilitatem</em></strong></span> <span class='ocrx_word' id='word_1_373' title='bbox 1353 1052 1505 1108; x_wconf 89' lang='lat' dir='ltr'><strong><em>recordari.</em></strong></span> <span class='ocrx_word' id='word_1_374' title='bbox 1530 1053 1635 1110; x_wconf 86' lang='lat' dir='ltr'><strong><em>idcirco</em></strong></span> <span class='ocrx_word' id='word_1_375' title='bbox 1653 1065 1745 1112; x_wconf 86' lang='lat' dir='ltr'><strong><em>autem</em></strong></span> 
     </span>
     <span class='ocr_line' id='line_1_55' title="bbox 951 1138 1743 1214; baseline 0.015 -24"><span class='ocrx_word' id='word_1_376' title='bbox 951 1150 1054 1206; x_wconf 90' lang='lat' dir='ltr'><strong><em>paucas</em></strong></span> <span class='ocrx_word' id='word_1_377' title='bbox 1068 1138 1186 1194; x_wconf 89' lang='lat' dir='ltr'><strong><em>virtutes</em></strong></span> <span class='ocrx_word' id='word_1_378' title='bbox 1209 1138 1274 1194; x_wconf 88' lang='lat' dir='ltr'><strong><em>fecit</em></strong></span> <span class='ocrx_word' id='word_1_379' title='bbox 1295 1141 1353 1208; x_wconf 89' lang='lat' dir='ltr'><strong><em>ibi;</em></strong></span> <span class='ocrx_word' id='word_1_380' title='bbox 1379 1144 1455 1214; x_wconf 90' lang='lat' dir='ltr'><strong><em>quia,</em></strong></span> <span class='ocrx_word' id='word_1_381' title='bbox 1478 1144 1503 1200; x_wconf 92' lang='lat' dir='ltr'><strong><em>si</em></strong></span> <span class='ocrx_word' id='word_1_382' title='bbox 1526 1147 1617 1202; x_wconf 86' lang='lat' dir='ltr'><strong><em>nullas</em></strong></span> <span class='ocrx_word' id='word_1_383' title='bbox 1631 1146 1743 1212; x_wconf 86' lang='lat' dir='ltr'><strong><em>faceret,</em></strong></span> 
     </span>
     <span class='ocr_line' id='line_1_56' title="bbox 951 1228 1746 1300; baseline 0.015 -18"><span class='ocrx_word' id='word_1_384' title='bbox 951 1228 1085 1285; x_wconf 88' lang='lat' dir='ltr'><strong><em>inereduli</em></strong></span> <span class='ocrx_word' id='word_1_385' title='bbox 1101 1230 1230 1300; x_wconf 89' lang='lat' dir='ltr'><strong><em>aquibus</em></strong></span> <span class='ocrx_word' id='word_1_386' title='bbox 1244 1233 1439 1298; x_wconf 87' lang='lat' dir='ltr'><strong><em>deridebatur,</em></strong></span> <span class='ocrx_word' id='word_1_387' title='bbox 1466 1234 1559 1291; x_wconf 82' lang='lat' dir='ltr'><strong><em>forsan</em></strong></span> <span class='ocrx_word' id='word_1_388' title='bbox 1572 1239 1746 1294; x_wconf 84' lang='lat' dir='ltr'><strong><em>excusabiles</em></strong></span> 
     </span>
     <span class='ocr_line' id='line_1_57' title="bbox 951 1321 1744 1400; baseline 0.011 -25"><span class='ocrx_word' id='word_1_389' title='bbox 951 1328 1131 1391; x_wconf 78' lang='lat' dir='ltr'><strong><em>putarentur3</em></strong></span> <span class='ocrx_word' id='word_1_390' title='bbox 1151 1321 1192 1376; x_wconf 88' lang='lat' dir='ltr'><strong><em>rel</em></strong></span> <span class='ocrx_word' id='word_1_391' title='bbox 1207 1323 1230 1377; x_wconf 88' lang='lat' dir='ltr'><strong><em>si</em></strong></span> <span class='ocrx_word' id='word_1_392' title='bbox 1254 1324 1340 1379; x_wconf 83' lang='lat' dir='ltr'><strong><em>nrnlta</em></strong></span> <span class='ocrx_word' id='word_1_393' title='bbox 1361 1337 1506 1384; x_wconf 90' lang='lat' dir='ltr'><strong><em>cernerent</em></strong></span> <span class='ocrx_word' id='word_1_394' title='bbox 1526 1329 1614 1400; x_wconf 88' lang='lat' dir='ltr'><strong><em>signa,</em></strong></span> <span class='ocrx_word' id='word_1_395' title='bbox 1634 1331 1744 1400; x_wconf 86' lang='lat' dir='ltr'><strong><em>penitus</em></strong></span> 
     </span>
     <span class='ocr_line' id='line_1_58' title="bbox 950 1412 1743 1490; baseline 0.013 -24"><span class='ocrx_word' id='word_1_396' title='bbox 950 1412 1152 1469; x_wconf 83' lang='lat' dir='ltr'><strong><em>inexcusabiles</em></strong></span> <span class='ocrx_word' id='word_1_397' title='bbox 1168 1413 1272 1477; x_wconf 85' lang='lat' dir='ltr'><strong><em>fierent,</em></strong></span> <span class='ocrx_word' id='word_1_398' title='bbox 1290 1424 1317 1470; x_wconf 86' lang='grc' dir='ltr'><strong><em>ει</em></strong></span> <span class='ocrx_word' id='word_1_399' title='bbox 1330 1432 1364 1471; x_wconf 95' lang='lat' dir='ltr'><strong><em>eo</em></strong></span> <span class='ocrx_word' id='word_1_400' title='bbox 1378 1419 1465 1490; x_wconf 87' lang='lat' dir='ltr'><strong><em>magis</em></strong></span> <span class='ocrx_word' id='word_1_401' title='bbox 1479 1419 1685 1478; x_wconf 89' lang='lat' dir='ltr'><strong><em>damnarentur.</em></strong></span> <span class='ocrx_word' id='word_1_402' title='bbox 1709 1421 1743 1476; x_wconf 86' lang='lat' dir='ltr'><strong><em>Et</em></strong></span> 
     </span>
     <span class='ocr_line' id='line_1_59' title="bbox 950 1503 1742 1582; baseline 0.015 -26"><span class='ocrx_word' id='word_1_403' title='bbox 950 1503 1080 1572; x_wconf 88' lang='lat' dir='ltr'><strong><em>quoniam</em></strong></span> <span class='ocrx_word' id='word_1_404' title='bbox 1101 1519 1151 1558; x_wconf 90' lang='lat' dir='ltr'><strong><em>nee</em></strong></span> <span class='ocrx_word' id='word_1_405' title='bbox 1176 1505 1316 1575; x_wconf 80' lang='lat' dir='ltr'><strong><em>prophetis</em></strong></span> <span class='ocrx_word' id='word_1_406' title='bbox 1339 1507 1463 1576; x_wconf 81' lang='lat' dir='ltr'><strong><em>credunt,</em></strong></span> <span class='ocrx_word' id='word_1_407' title='bbox 1489 1527 1540 1566; x_wconf 93' lang='lat' dir='ltr'><strong><em>nec</em></strong></span> <span class='ocrx_word' id='word_1_408' title='bbox 1562 1512 1614 1582; x_wconf 87' lang='lat' dir='ltr'><strong><em>ipsi</em></strong></span> <span class='ocrx_word' id='word_1_409' title='bbox 1632 1512 1742 1569; x_wconf 85' lang='lat' dir='ltr'><strong><em>Christo</em></strong></span> 
     </span>
     <span class='ocr_line' id='line_1_60' title="bbox 950 1597 1743 1667; baseline 0.016 -21"><span class='ocrx_word' id='word_1_410' title='bbox 950 1609 1031 1667; x_wconf 90' lang='lat' dir='ltr'><strong><em>quem</em></strong></span> <span class='ocrx_word' id='word_1_411' title='bbox 1055 1601 1216 1662; x_wconf 71' lang='lat' dir='ltr'><strong><em>presentem</em></strong></span> <span class='ocrx_word' id='word_1_412' title='bbox 1237 1605 1363 1662; x_wconf 90' lang='lat' dir='ltr'><strong><em>cernant,</em></strong></span> <span class='ocrx_word' id='word_1_413' title='bbox 1390 1597 1500 1655; x_wconf 90' lang='lat' dir='ltr'><strong><em>illorum</em></strong></span> <span class='ocrx_word' id='word_1_414' title='bbox 1523 1602 1743 1659; x_wconf 87' lang='lat' dir='ltr'><strong><em>incredulitatem</em></strong></span> 
     </span>
     <span class='ocr_line' id='line_1_61' title="bbox 950 1685 1746 1760; baseline 0.015 -22"><span class='ocrx_word' id='word_1_415' title='bbox 950 1685 1076 1748; x_wconf 89' lang='lat' dir='ltr'><strong><em>miratur,</em></strong></span> <span class='ocrx_word' id='word_1_416' title='bbox 1094 1700 1150 1739; x_wconf 93' lang='lat' dir='ltr'><strong><em>non</em></strong></span> <span class='ocrx_word' id='word_1_417' title='bbox 1166 1686 1247 1755; x_wconf 91' lang='lat' dir='ltr'><strong><em>quasi</em></strong></span> <span class='ocrx_word' id='word_1_418' title='bbox 1260 1703 1318 1743; x_wconf 90' lang='lat' dir='ltr'><strong><em>rem</em></strong></span> <span class='ocrx_word' id='word_1_419' title='bbox 1335 1690 1523 1760; x_wconf 86' lang='lat' dir='ltr'><strong><em>improvisam,</em></strong></span> <span class='ocrx_word' id='word_1_420' title='bbox 1540 1693 1589 1750; x_wconf 89' lang='lat' dir='ltr'><strong><em>scd</em></strong></span> <span class='ocrx_word' id='word_1_421' title='bbox 1604 1695 1701 1749; x_wconf 87' lang='lat' dir='ltr'><strong><em>mirari</em></strong></span> <span class='ocrx_word' id='word_1_422' title='bbox 1715 1711 1746 1750; x_wconf 88' lang='lat' dir='ltr'><strong><em>so</em></strong></span> 
     </span>
     <span class='ocr_line' id='line_1_62' title="bbox 950 1775 1746 1853; baseline 0.009 -21"><span class='ocrx_word' id='word_1_423' title='bbox 950 1791 1043 1832; x_wconf 89' lang='lat' dir='ltr'><strong><em>coram</em></strong></span> <span class='ocrx_word' id='word_1_424' title='bbox 1057 1775 1216 1832; x_wconf 89' lang='lat' dir='ltr'><strong><em>bominibus</em></strong></span> <span class='ocrx_word' id='word_1_425' title='bbox 1230 1781 1362 1846; x_wconf 90' lang='lat' dir='ltr'><strong><em>ostendit,</em></strong></span> <span class='ocrx_word' id='word_1_426' title='bbox 1384 1783 1458 1853; x_wconf 92' lang='lat' dir='ltr'><strong><em>quod</em></strong></span> <span class='ocrx_word' id='word_1_427' title='bbox 1472 1785 1530 1839; x_wconf 82' lang='lat' dir='ltr'><strong><em>vult</em></strong></span> <span class='ocrx_word' id='word_1_428' title='bbox 1551 1785 1680 1841; x_wconf 90' lang='lat' dir='ltr'><strong><em>intimare</em></strong></span> <span class='ocrx_word' id='word_1_429' title='bbox 1693 1788 1746 1840; x_wconf 91' lang='lat' dir='ltr'><strong><em>mi·</em></strong></span> 
     </span>
     <span class='ocr_line' id='line_1_63' title="bbox 951 1867 1246 1924; baseline 0.01 -4"><span class='ocrx_word' id='word_1_430' title='bbox 951 1869 1066 1924; x_wconf 77' lang='lat' dir='ltr'><strong><em>calidum</em></strong></span> <span class='ocrx_word' id='word_1_431' title='bbox 1079 1867 1246 1923; x_wconf 89' lang='lat' dir='ltr'><strong><em>bominibus.</em></strong></span> 
     </span>
    </p>
   </div>
   <div class='ocr_carea' id='block_1_13' title="bbox 947 1942 1781 3143">
    <p class='ocr_par' dir='ltr' id='par_1_15' title="bbox 1275 1942 1411 2052">
     <span class='ocr_line' id='line_1_64' title="bbox 1275 1942 1411 2043; baseline 0.007 -55"><span class='ocrx_word' id='word_1_432' title='bbox 1275 1958 1307 2043; x_wconf 84' lang='lat' dir='ltr'>L</span> <span class='ocrx_word' id='word_1_433' title='bbox 1380 1942 1411 1989; x_wconf 77' lang='lat'><strong><em>22</em></strong></span> 
     </span>
     <span class='ocr_line' id='line_1_65' title="bbox 1316 2018 1399 2052; baseline 0.012 -1"><span class='ocrx_word' id='word_1_434' title='bbox 1316 2021 1328 2043; x_wconf 81' lang='lat'><em>⁰</em></span> <span class='ocrx_word' id='word_1_435' title='bbox 1384 2018 1399 2052; x_wconf 83' lang='lat'>1</span> 
     </span>
    </p>

    <p class='ocr_par' dir='ltr' id='par_1_16' title="bbox 949 2069 1746 2506">
     <span class='ocr_line' id='line_1_66' title="bbox 987 2069 1746 2131; baseline 0.011 -8"><span class='ocrx_word' id='word_1_436' title='bbox 987 2069 1021 2124; x_wconf 89' lang='lat' dir='ltr'><strong><em>fn</em></strong></span> <span class='ocrx_word' id='word_1_437' title='bbox 1035 2082 1145 2128; x_wconf 80' lang='lat' dir='ltr'><strong><em>perstate</em></strong></span> <span class='ocrx_word' id='word_1_438' title='bbox 1160 2075 1219 2128; x_wconf 88' lang='lat' dir='ltr'><strong><em>dico</em></strong></span> <span class='ocrx_word' id='word_1_439' title='bbox 1236 2073 1328 2128; x_wconf 87' lang='lat' dir='ltr'><strong><em>uobis:</em></strong></span> <span class='ocrx_word' id='word_1_440' title='bbox 1348 2071 1442 2128; x_wconf 80' lang='lat' dir='ltr'><strong><em>llattoe</em></strong></span> <span class='ocrx_word' id='word_1_441' title='bbox 1456 2075 1543 2129; x_wconf 85' lang='lat' dir='ltr'><strong><em>oiautt·</em></strong></span> <span class='ocrx_word' id='word_1_442' title='bbox 1557 2084 1634 2130; x_wconf 86' lang='lat' dir='ltr'><strong><em>erant</em></strong></span> <span class='ocrx_word' id='word_1_443' title='bbox 1647 2076 1676 2131; x_wconf 86' lang='lat' dir='ltr'><strong><em>in</em></strong></span> <span class='ocrx_word' id='word_1_444' title='bbox 1688 2075 1746 2131; x_wconf 87' lang='lat' dir='ltr'><strong><em>tlic-</em></strong></span> 
     </span>
     <span class='ocr_line' id='line_1_67' title="bbox 950 2159 1744 2234; baseline 0.013 -22"><span class='ocrx_word' id='word_1_445' title='bbox 950 2159 998 2215; x_wconf 84' lang='lat' dir='ltr'><strong><em>bus</em></strong></span> <span class='ocrx_word' id='word_1_446' title='bbox 1013 2160 1082 2218; x_wconf 80' lang='lat' dir='ltr'><strong><em>Elia</em></strong></span> <span class='ocrx_word' id='word_1_447' title='bbox 1096 2165 1124 2218; x_wconf 90' lang='lat' dir='ltr'><strong><em>in</em></strong></span> <span class='ocrx_word' id='word_1_448' title='bbox 1140 2163 1237 2228; x_wconf 87' lang='lat' dir='ltr'><strong><em>lsrael,</em></strong></span> <span class='ocrx_word' id='word_1_449' title='bbox 1253 2163 1359 2234; x_wconf 83' lang='lat' dir='ltr'><strong><em>qitando</em></strong></span> <span class='ocrx_word' id='word_1_450' title='bbox 1374 2164 1495 2218; x_wconf 83' lang='lat' dir='ltr'><strong><em>clausurn</em></strong></span> <span class='ocrx_word' id='word_1_451' title='bbox 1508 2175 1548 2219; x_wconf 87' lang='lat' dir='ltr'><strong><em>est</em></strong></span> <span class='ocrx_word' id='word_1_452' title='bbox 1562 2166 1655 2221; x_wconf 85' lang='lat' dir='ltr'><strong><em>coelurn</em></strong></span> <span class='ocrx_word' id='word_1_453' title='bbox 1666 2168 1744 2222; x_wconf 89' lang='lat' dir='ltr'><strong><em>annis</em></strong></span> 
     </span>
     <span class='ocr_line' id='line_1_68' title="bbox 950 2252 1745 2330; baseline 0.013 -27"><span class='ocrx_word' id='word_1_454' title='bbox 950 2252 1034 2307; x_wconf 92' lang='lat' dir='ltr'><strong><em>tribus</em></strong></span> <span class='ocrx_word' id='word_1_455' title='bbox 1048 2264 1074 2309; x_wconf 84' lang='lat' dir='ltr'><strong><em>et</em></strong></span> <span class='ocrx_word' id='word_1_456' title='bbox 1088 2255 1220 2310; x_wconf 69' lang='lat' dir='ltr'><strong><em>mensibus</em></strong></span> <span class='ocrx_word' id='word_1_457' title='bbox 1235 2271 1292 2319; x_wconf 82' lang='lat' dir='ltr'><strong><em>sea,</em></strong></span> <span class='ocrx_word' id='word_1_458' title='bbox 1309 2272 1368 2309; x_wconf 88' lang='lat' dir='ltr'><strong><em>enm</em></strong></span> <span class='ocrx_word' id='word_1_459' title='bbox 1383 2255 1456 2324; x_wconf 77' lang='lat' dir='ltr'><strong><em>lucta</em></strong></span> <span class='ocrx_word' id='word_1_460' title='bbox 1468 2267 1536 2311; x_wconf 86' lang='lat' dir='ltr'><strong><em>esset</em></strong></span> <span class='ocrx_word' id='word_1_461' title='bbox 1550 2258 1633 2327; x_wconf 76' lang='lat' dir='ltr'><strong><em>fames</em></strong></span> <span class='ocrx_word' id='word_1_462' title='bbox 1648 2275 1745 2330; x_wconf 79' lang='lat' dir='ltr'><strong><em>maqna</em></strong></span> 
     </span>
     <span class='ocr_line' id='line_1_69' title="bbox 949 2342 1743 2414; baseline 0.013 -20"><span class='ocrx_word' id='word_1_463' title='bbox 949 2342 977 2395; x_wconf 90' lang='lat' dir='ltr'><strong><em>in</em></strong></span> <span class='ocrx_word' id='word_1_464' title='bbox 988 2346 1060 2398; x_wconf 86' lang='lat' dir='ltr'><strong><em>otrtni</em></strong></span> <span class='ocrx_word' id='word_1_465' title='bbox 1071 2353 1141 2400; x_wconf 86' lang='lat' dir='ltr'><strong><em>terra</em></strong></span> <span class='ocrx_word' id='word_1_466' title='bbox 1151 2361 1162 2410; x_wconf 93' lang='lat'><strong><em>,·</em></strong></span> <span class='ocrx_word' id='word_1_467' title='bbox 1176 2355 1203 2400; x_wconf 86' lang='grc' dir='ltr'><strong><em>ει</em></strong></span> <span class='ocrx_word' id='word_1_468' title='bbox 1215 2345 1249 2399; x_wconf 91' lang='lat' dir='ltr'><strong><em>ad</em></strong></span> <span class='ocrx_word' id='word_1_469' title='bbox 1261 2345 1365 2399; x_wconf 89' lang='lat' dir='ltr'><strong><em>nnllam</em></strong></span> <span class='ocrx_word' id='word_1_470' title='bbox 1375 2345 1487 2400; x_wconf 89' lang='lat' dir='ltr'><strong><em>illarum</em></strong></span> <span class='ocrx_word' id='word_1_471' title='bbox 1498 2348 1595 2403; x_wconf 59' lang='lat' dir='ltr'><strong><em>masas</em></strong></span> <span class='ocrx_word' id='word_1_472' title='bbox 1606 2359 1645 2403; x_wconf 90' lang='lat' dir='ltr'><strong><em>cst</em></strong></span> <span class='ocrx_word' id='word_1_473' title='bbox 1656 2348 1743 2414; x_wconf 90' lang='lat' dir='ltr'><strong><em>Elias,</em></strong></span> 
     </span>
     <span class='ocr_line' id='line_1_70' title="bbox 949 2433 1643 2506; baseline 0.012 -20"><span class='ocrx_word' id='word_1_474' title='bbox 949 2434 1002 2487; x_wconf 90' lang='lat' dir='ltr'><strong><em>nisi</em></strong></span> <span class='ocrx_word' id='word_1_475' title='bbox 1012 2435 1040 2488; x_wconf 92' lang='lat' dir='ltr'><strong><em>in</em></strong></span> <span class='ocrx_word' id='word_1_476' title='bbox 1051 2433 1191 2506; x_wconf 89' lang='lat' dir='ltr'><strong><em>Sareptam</em></strong></span> <span class='ocrx_word' id='word_1_477' title='bbox 1202 2434 1321 2491; x_wconf 85' lang='lat' dir='ltr'><strong><em>Sidonica</em></strong></span> <span class='ocrx_word' id='word_1_478' title='bbox 1334 2435 1369 2489; x_wconf 89' lang='lat' dir='ltr'><strong><em>ad</em></strong></span> <span class='ocrx_word' id='word_1_479' title='bbox 1381 2436 1516 2490; x_wconf 89' lang='lat' dir='ltr'><strong><em>mulierem</em></strong></span> <span class='ocrx_word' id='word_1_480' title='bbox 1527 2437 1643 2494; x_wconf 73' lang='lat' dir='ltr'><strong><em>aduam.</em></strong></span> 
     </span>
    </p>

    <p class='ocr_par' dir='ltr' id='par_1_17' title="bbox 947 2521 1781 3143">
     <span class='ocr_line' id='line_1_71' title="bbox 986 2521 1745 2596; baseline 0.012 -20"><span class='ocrx_word' id='word_1_481' title='bbox 986 2521 1093 2596; x_wconf 68' lang='lat' dir='ltr'><strong><em>[Bana]</em></strong></span> <span class='ocrx_word' id='word_1_482' title='bbox 1113 2522 1193 2590; x_wconf 80' lang='lat' dir='ltr'><strong><em>Quod</em></strong></span> <span class='ocrx_word' id='word_1_483' title='bbox 1211 2524 1305 2580; x_wconf 88' lang='lat' dir='ltr'><strong><em>divina</em></strong></span> <span class='ocrx_word' id='word_1_484' title='bbox 1327 2523 1480 2579; x_wconf 78' lang='lat' dir='ltr'><strong><em>fastidiosis</em></strong></span> <span class='ocrx_word' id='word_1_485' title='bbox 1493 2524 1601 2582; x_wconf 81' lang='lat' dir='ltr'><strong><em>ciuibus</em></strong></span> <span class='ocrx_word' id='word_1_486' title='bbox 1613 2527 1745 2585; x_wconf 80' lang='lat' dir='ltr'><strong><em>beneficia</em></strong></span> 
     </span>
     <span class='ocr_line' id='line_1_72' title="bbox 949 2612 1743 2685; baseline 0.005 -17"><span class='ocrx_word' id='word_1_487' title='bbox 949 2612 1098 2678; x_wconf 88' lang='lat' dir='ltr'><strong><em>subtraho,</em></strong></span> <span class='ocrx_word' id='word_1_488' title='bbox 1132 2613 1329 2685; x_wconf 88' lang='lat' dir='ltr'><strong><em>prophetarum</em></strong></span> <span class='ocrx_word' id='word_1_489' title='bbox 1361 2615 1447 2685; x_wconf 88' lang='lat' dir='ltr'><strong><em>gestis</em></strong></span> <span class='ocrx_word' id='word_1_490' title='bbox 1481 2629 1537 2670; x_wconf 90' lang='lat' dir='ltr'><strong><em>nou</em></strong></span> <span class='ocrx_word' id='word_1_491' title='bbox 1567 2615 1743 2684; x_wconf 64' lang='lat' dir='ltr'><strong><em>adremmon</em></strong></span> 
     </span>
     <span class='ocr_line' id='line_1_73' title="bbox 948 2704 1745 2776; baseline 0.01 -19"><span class='ocrx_word' id='word_1_492' title='bbox 948 2704 1024 2774; x_wconf 91' lang='lat' dir='ltr'><strong><em>quia,</em></strong></span> <span class='ocrx_word' id='word_1_493' title='bbox 1040 2704 1112 2760; x_wconf 89' lang='lat' dir='ltr'><strong><em>sicut</em></strong></span> <span class='ocrx_word' id='word_1_494' title='bbox 1134 2713 1257 2776; x_wconf 88' lang='lat' dir='ltr'><strong><em>tempore</em></strong></span> <span class='ocrx_word' id='word_1_495' title='bbox 1280 2704 1361 2760; x_wconf 91' lang='lat' dir='ltr'><strong><em>famis</em></strong></span> <span class='ocrx_word' id='word_1_496' title='bbox 1383 2721 1464 2762; x_wconf 87' lang='lat' dir='ltr'><strong><em>nemo</em></strong></span> <span class='ocrx_word' id='word_1_497' title='bbox 1486 2717 1529 2763; x_wconf 89' lang='lat' dir='ltr'><strong><em>est</em></strong></span> <span class='ocrx_word' id='word_1_498' title='bbox 1550 2708 1578 2761; x_wconf 92' lang='lat' dir='ltr'><strong><em>iu</em></strong></span> <span class='ocrx_word' id='word_1_499' title='bbox 1591 2707 1685 2766; x_wconf 66' lang='lat' dir='ltr'><strong><em>ludica</em></strong></span> <span class='ocrx_word' id='word_1_500' title='bbox 1700 2726 1745 2765; x_wconf 88' lang='lat' dir='ltr'><strong><em>re·</em></strong></span> 
     </span>
     <span class='ocr_line' id='line_1_74' title="bbox 948 2796 1739 2872; baseline 0.009 -20"><span class='ocrx_word' id='word_1_501' title='bbox 948 2805 1043 2867; x_wconf 88' lang='lat' dir='ltr'><strong><em>pertus</em></strong></span> <span class='ocrx_word' id='word_1_502' title='bbox 1056 2796 1121 2854; x_wconf 71' lang='lat' dir='ltr'><strong><em>Elias</em></strong></span> <span class='ocrx_word' id='word_1_503' title='bbox 1135 2797 1236 2870; x_wconf 78' lang='lat' dir='ltr'><strong><em>dignus</em></strong></span> <span class='ocrx_word' id='word_1_504' title='bbox 1252 2799 1371 2870; x_wconf 86' lang='lat' dir='ltr'><strong><em>bospitio</em></strong></span> <span class='ocrx_word' id='word_1_505' title='bbox 1386 2798 1449 2870; x_wconf 94' lang='grc' dir='ltr'>(ΙΙΙ</span> <span class='ocrx_word' id='word_1_506' title='bbox 1457 2799 1520 2870; x_wconf 75' lang='lat' dir='ltr'><strong><em>lico.</em></strong></span> <span class='ocrx_word' id='word_1_507' title='bbox 1537 2799 1615 2872; x_wconf 82' lang='lat' dir='ltr'><strong><em>xvir),</em></strong></span> <span class='ocrx_word' id='word_1_508' title='bbox 1632 2802 1680 2858; x_wconf 88' lang='lat' dir='ltr'><strong><em>sed</em></strong></span> <span class='ocrx_word' id='word_1_509' title='bbox 1694 2818 1739 2858; x_wconf 81' lang='lat' dir='ltr'><strong><em>cx·</em></strong></span> 
     </span>
     <span class='ocr_line' id='line_1_75' title="bbox 947 2890 1744 2960; baseline 0.006 -17"><span class='ocrx_word' id='word_1_510' title='bbox 947 2896 1013 2944; x_wconf 88' lang='lat' dir='ltr'><strong><em>tersc</em></strong></span> <span class='ocrx_word' id='word_1_511' title='bbox 1027 2890 1117 2960; x_wconf 86' lang='lat' dir='ltr'><strong><em>gentis</em></strong></span> <span class='ocrx_word' id='word_1_512' title='bbox 1130 2890 1212 2945; x_wconf 84' lang='lat' dir='ltr'><strong><em>uidua</em></strong></span> <span class='ocrx_word' id='word_1_513' title='bbox 1228 2899 1272 2946; x_wconf 92' lang='grc' dir='ltr'><strong><em>εει</em></strong></span> <span class='ocrx_word' id='word_1_514' title='bbox 1294 2891 1420 2960; x_wconf 78' lang='lat' dir='ltr'><strong><em>quaesita,</em></strong></span> <span class='ocrx_word' id='word_1_515' title='bbox 1444 2898 1473 2946; x_wconf 89' lang='lat' dir='ltr'><strong><em>ct</em></strong></span> <span class='ocrx_word' id='word_1_516' title='bbox 1495 2891 1568 2947; x_wconf 91' lang='lat' dir='ltr'><strong><em>sicut</em></strong></span> <span class='ocrx_word' id='word_1_517' title='bbox 1582 2893 1677 2950; x_wconf 87' lang='lat' dir='ltr'><strong><em>multis</em></strong></span> <span class='ocrx_word' id='word_1_518' title='bbox 1691 2895 1744 2949; x_wconf 89' lang='lat' dir='ltr'><strong><em>ibi-</em></strong></span> 
     </span>
     <span class='ocr_line' id='line_1_76' title="bbox 947 2977 1781 3060; baseline 0.007 -28"><span class='ocrx_word' id='word_1_519' title='bbox 947 2977 1010 3033; x_wconf 92' lang='lat' dir='ltr'><strong><em>dem</em></strong></span> <span class='ocrx_word' id='word_1_520' title='bbox 1025 2979 1153 3049; x_wconf 87' lang='lat' dir='ltr'><strong><em>leprosis,</em></strong></span> <span class='ocrx_word' id='word_1_521' title='bbox 1168 2979 1291 3034; x_wconf 84' lang='lat' dir='ltr'><strong><em>Naaman</em></strong></span> <span class='ocrx_word' id='word_1_522' title='bbox 1313 2978 1400 3052; x_wconf 79' lang='lat' dir='ltr'><strong><em>Syrus</em></strong></span> <span class='ocrx_word' id='word_1_523' title='bbox 1411 2980 1445 3034; x_wconf 88' lang='lat' dir='ltr'><strong><em>ab</em></strong></span> <span class='ocrx_word' id='word_1_524' title='bbox 1458 2979 1550 3036; x_wconf 85' lang='lat' dir='ltr'><strong><em>Eiiseo</em></strong></span> <span class='ocrx_word' id='word_1_525' title='bbox 1564 2982 1641 3038; x_wconf 87' lang='lat' dir='ltr'><strong><em>solus</em></strong></span> <span class='ocrx_word' id='word_1_526' title='bbox 1651 2985 1743 3060; x_wconf 83' lang='lat' dir='ltr'><strong><em>eqrari</em></strong></span> <span class='ocrx_word' id='word_1_527' title='bbox 1780 3025 1781 3028; x_wconf 16' lang='grc' dir='ltr'>η</span> 
     </span>
     <span class='ocr_line' id='line_1_77' title="bbox 948 3069 1744 3143; baseline 0.009 -21"><span class='ocrx_word' id='word_1_528' title='bbox 948 3071 1099 3139; x_wconf 87' lang='lat' dir='ltr'><strong><em>promeruit</em></strong></span> <span class='ocrx_word' id='word_1_529' title='bbox 1121 3069 1148 3142; x_wconf 96' lang='grc' dir='ltr'><strong><em>(Ι</em></strong></span> <span class='ocrx_word' id='word_1_530' title='bbox 1155 3071 1175 3124; x_wconf 82' lang='lat' dir='ltr'><strong><em>t</em></strong></span> <span class='ocrx_word' id='word_1_531' title='bbox 1191 3069 1253 3143; x_wconf 78' lang='lat' dir='ltr'><strong><em>fleg.</em></strong></span> <span class='ocrx_word' id='word_1_532' title='bbox 1269 3071 1314 3142; x_wconf 74' lang='lat' dir='ltr'><strong><em>ri:</em></strong></span> <span class='ocrx_word' id='word_1_533' title='bbox 1337 3071 1378 3128; x_wconf 93' lang='lat' dir='ltr'><strong><em>sic</em></strong></span> <span class='ocrx_word' id='word_1_534' title='bbox 1401 3079 1499 3128; x_wconf 82' lang='lat' dir='ltr'><strong><em>atros</em></strong></span> <span class='ocrx_word' id='word_1_535' title='bbox 1519 3072 1640 3143; x_wconf 79' lang='lat' dir='ltr'><strong><em>perfidiae</em></strong></span> <span class='ocrx_word' id='word_1_536' title='bbox 1659 3089 1744 3130; x_wconf 81' lang='lat' dir='ltr'><strong><em>cansa</em></strong></span> 
     </span>
    </p>
   </div>
   <div class='ocr_carea' id='block_1_14' title="bbox 707 3162 1744 3261">
    <p class='ocr_par' dir='ltr' id='par_1_18' title="bbox 707 3162 1744 3261">
     <span class='ocr_line' id='line_1_78' title="bbox 707 3162 1744 3261; baseline -0.012 -39"><span class='ocrx_word' id='word_1_537' title='bbox 707 3203 823 3261; x_wconf 56' lang='lat' dir='ltr'><strong><em>person,</em></strong></span> <span class='ocrx_word' id='word_1_538' title='bbox 844 3187 897 3242; x_wconf 71' lang='lat' dir='ltr'><strong><em>p„</em></strong></span> <span class='ocrx_word' id='word_1_539' title='bbox 910 3186 931 3242; x_wconf 71' lang='lat' dir='ltr'>C</span> <span class='ocrx_word' id='word_1_540' title='bbox 949 3177 1069 3232; x_wconf 91' lang='lat' dir='ltr'><strong><em>superno</em></strong></span> <span class='ocrx_word' id='word_1_541' title='bbox 1080 3176 1194 3217; x_wconf 89' lang='lat' dir='ltr'><strong><em>munere</em></strong></span> <span class='ocrx_word' id='word_1_542' title='bbox 1208 3163 1336 3233; x_wconf 82' lang='lat' dir='ltr'><strong><em>privabit.</em></strong></span> <span class='ocrx_word' id='word_1_543' title='bbox 1349 3162 1437 3218; x_wconf 73' lang='lat' dir='ltr'><strong><em>Vidua</em></strong></span> <span class='ocrx_word' id='word_1_544' title='bbox 1450 3163 1484 3217; x_wconf 90' lang='lat' dir='ltr'><strong><em>ad</em></strong></span> <span class='ocrx_word' id='word_1_545' title='bbox 1498 3179 1580 3234; x_wconf 86' lang='lat' dir='ltr'><strong><em>qnam</em></strong></span> <span class='ocrx_word' id='word_1_546' title='bbox 1592 3164 1667 3221; x_wconf 71' lang='lat' dir='ltr'><strong><em>Elias</em></strong></span> <span class='ocrx_word' id='word_1_547' title='bbox 1679 3165 1744 3221; x_wconf 69' lang='lat' dir='ltr'><strong><em>mis.</em></strong></span> 
     </span>
    </p>
   </div>
   <div class='ocr_carea' id='block_1_15' title="bbox 947 3254 1744 4503">
    <p class='ocr_par' dir='ltr' id='par_1_19' title="bbox 947 3254 1744 4503">
     <span class='ocr_line' id='line_1_79' title="bbox 949 3254 1744 3326; baseline -0.001 -16"><span class='ocrx_word' id='word_1_548' title='bbox 949 3271 998 3310; x_wconf 86' lang='lat' dir='ltr'><strong><em>sus</em></strong></span> <span class='ocrx_word' id='word_1_549' title='bbox 1018 3261 1072 3318; x_wconf 90' lang='lat' dir='ltr'><strong><em>est,</em></strong></span> <span class='ocrx_word' id='word_1_550' title='bbox 1093 3255 1215 3326; x_wconf 88' lang='lat' dir='ltr'><strong><em>gentium</em></strong></span> <span class='ocrx_word' id='word_1_551' title='bbox 1239 3255 1366 3324; x_wconf 89' lang='lat' dir='ltr'><strong><em>designat</em></strong></span> <span class='ocrx_word' id='word_1_552' title='bbox 1389 3254 1550 3320; x_wconf 84' lang='lat' dir='ltr'><strong><em>Ecclesiam,</em></strong></span> <span class='ocrx_word' id='word_1_553' title='bbox 1570 3272 1631 3326; x_wconf 76' lang='lat' dir='ltr'><strong><em>quae</em></strong></span> <span class='ocrx_word' id='word_1_554' title='bbox 1651 3273 1668 3312; x_wconf 87' lang='lat' dir='ltr'><strong><em>a</em></strong></span> <span class='ocrx_word' id='word_1_555' title='bbox 1692 3275 1744 3313; x_wconf 63' lang='lat' dir='ltr'><strong><em>sua»</em></strong></span> 
     </span>
     <span class='ocr_line' id='line_1_80' title="bbox 947 3343 1741 3415; baseline 0 -15"><span class='ocrx_word' id='word_1_556' title='bbox 947 3344 1097 3400; x_wconf 87' lang='lat' dir='ltr'><strong><em>Conditore</em></strong></span> <span class='ocrx_word' id='word_1_557' title='bbox 1121 3344 1169 3399; x_wconf 90' lang='lat' dir='ltr'><strong><em>din</em></strong></span> <span class='ocrx_word' id='word_1_558' title='bbox 1192 3343 1320 3409; x_wconf 91' lang='lat' dir='ltr'><strong><em>deserta,</em></strong></span> <span class='ocrx_word' id='word_1_559' title='bbox 1356 3345 1487 3415; x_wconf 86' lang='lat' dir='ltr'><strong><em>populum</em></strong></span> <span class='ocrx_word' id='word_1_560' title='bbox 1509 3345 1572 3400; x_wconf 87' lang='lat' dir='ltr'><strong><em>fidei</em></strong></span> <span class='ocrx_word' id='word_1_561' title='bbox 1596 3347 1741 3412; x_wconf 89' lang='lat' dir='ltr'><strong><em>nescium,</em></strong></span> 
     </span>
     <span class='ocr_line' id='line_1_81' title="bbox 947 3434 1743 3507; baseline 0.001 -16"><span class='ocrx_word' id='word_1_562' title='bbox 947 3436 1027 3506; x_wconf 88' lang='lat' dir='ltr'><strong><em>quasi</em></strong></span> <span class='ocrx_word' id='word_1_563' title='bbox 1044 3451 1191 3507; x_wconf 89' lang='lat' dir='ltr'><strong><em>pauperem</em></strong></span> <span class='ocrx_word' id='word_1_564' title='bbox 1207 3435 1292 3489; x_wconf 89' lang='lat' dir='ltr'><strong><em>illium</em></strong></span> <span class='ocrx_word' id='word_1_565' title='bbox 1312 3449 1397 3505; x_wconf 89' lang='lat' dir='ltr'><strong><em>egena</em></strong></span> <span class='ocrx_word' id='word_1_566' title='bbox 1412 3434 1483 3506; x_wconf 89' lang='lat' dir='ltr'><strong><em>stipe</em></strong></span> <span class='ocrx_word' id='word_1_567' title='bbox 1497 3435 1646 3501; x_wconf 91' lang='lat' dir='ltr'><strong><em>nutriebat,</em></strong></span> <span class='ocrx_word' id='word_1_568' title='bbox 1663 3436 1743 3492; x_wconf 91' lang='lat' dir='ltr'><strong><em>idest</em></strong></span> 
     </span>
     <span class='ocr_line' id='line_1_82' title="bbox 947 3523 1742 3594; baseline 0.003 -14"><span class='ocrx_word' id='word_1_569' title='bbox 947 3525 1032 3580; x_wconf 89' lang='lat' dir='ltr'><strong><em>verbo</em></strong></span> <span class='ocrx_word' id='word_1_570' title='bbox 1058 3523 1199 3580; x_wconf 80' lang='lat' dir='ltr'><strong><em>secularis</em></strong></span> <span class='ocrx_word' id='word_1_571' title='bbox 1223 3523 1346 3579; x_wconf 84' lang='lat' dir='ltr'><strong><em>scientiae</em></strong></span> <span class='ocrx_word' id='word_1_572' title='bbox 1374 3524 1477 3594; x_wconf 89' lang='lat' dir='ltr'><strong><em>absque</em></strong></span> <span class='ocrx_word' id='word_1_573' title='bbox 1501 3524 1627 3580; x_wconf 89' lang='lat' dir='ltr'><strong><em>utilitatis</em></strong></span> <span class='ocrx_word' id='word_1_574' title='bbox 1650 3525 1742 3583; x_wconf 87' lang='lat' dir='ltr'><strong><em>fructu</em></strong></span> 
     </span>
     <span class='ocr_line' id='line_1_83' title="bbox 948 3614 1742 3687; baseline 0.005 -15"><span class='ocrx_word' id='word_1_575' title='bbox 948 3616 1074 3672; x_wconf 87' lang='lat' dir='ltr'><strong><em>docebat.</em></strong></span> <span class='ocrx_word' id='word_1_576' title='bbox 1090 3614 1169 3670; x_wconf 89' lang='lat' dir='ltr'><strong><em>Unde</em></strong></span> <span class='ocrx_word' id='word_1_577' title='bbox 1182 3615 1252 3670; x_wconf 89' lang='lat' dir='ltr'><strong><em>bene</em></strong></span> <span class='ocrx_word' id='word_1_578' title='bbox 1272 3615 1330 3670; x_wconf 78' lang='lat' dir='ltr'><strong><em>fiac</em></strong></span> <span class='ocrx_word' id='word_1_579' title='bbox 1348 3615 1429 3670; x_wconf 84' lang='lat' dir='ltr'><strong><em>vidua</em></strong></span> <span class='ocrx_word' id='word_1_580' title='bbox 1451 3615 1478 3669; x_wconf 92' lang='lat' dir='ltr'><strong><em>in</em></strong></span> <span class='ocrx_word' id='word_1_581' title='bbox 1495 3615 1609 3687; x_wconf 81' lang='lat' dir='ltr'><strong><em>Sarepta</em></strong></span> <span class='ocrx_word' id='word_1_582' title='bbox 1624 3615 1742 3676; x_wconf 82' lang='lat' dir='ltr'><strong><em>Sidonias</em></strong></span> 
     </span>
     <span class='ocr_line' id='line_1_84' title="bbox 948 3702 1742 3776; baseline 0.004 -17"><span class='ocrx_word' id='word_1_583' title='bbox 948 3705 1050 3762; x_wconf 88' lang='lat' dir='ltr'><strong><em>dicitur</em></strong></span> <span class='ocrx_word' id='word_1_584' title='bbox 1071 3720 1132 3761; x_wconf 86' lang='lat' dir='ltr'><strong><em>osso</em></strong></span> <span class='ocrx_word' id='word_1_585' title='bbox 1151 3713 1268 3759; x_wconf 91' lang='lat' dir='ltr'><strong><em>morata.</em></strong></span> <span class='ocrx_word' id='word_1_586' title='bbox 1295 3702 1408 3759; x_wconf 88' lang='lat' dir='ltr'><strong><em>Sidonia</em></strong></span> <span class='ocrx_word' id='word_1_587' title='bbox 1428 3705 1530 3776; x_wconf 87' lang='lat' dir='ltr'><strong><em>quippe</em></strong></span> <span class='ocrx_word' id='word_1_588' title='bbox 1543 3707 1646 3761; x_wconf 85' lang='lat' dir='ltr'><strong><em>uenatio</em></strong></span> <span class='ocrx_word' id='word_1_589' title='bbox 1661 3708 1742 3762; x_wconf 83' lang='lat' dir='ltr'><strong><em>inreti-</em></strong></span> 
     </span>
     <span class='ocr_line' id='line_1_85' title="bbox 949 3795 1742 3869; baseline 0.006 -17"><span class='ocrx_word' id='word_1_590' title='bbox 949 3799 1000 3859; x_wconf 87' lang='lat' dir='ltr'><strong><em>lis,·</em></strong></span> <span class='ocrx_word' id='word_1_591' title='bbox 1019 3796 1132 3869; x_wconf 87' lang='lat' dir='ltr'><strong><em>Sarepta</em></strong></span> <span class='ocrx_word' id='word_1_592' title='bbox 1147 3811 1213 3852; x_wconf 84' lang='lat' dir='ltr'><strong><em>uero</em></strong></span> <span class='ocrx_word' id='word_1_593' title='bbox 1232 3795 1385 3868; x_wconf 77' lang='lat' dir='ltr'><strong><em>¹incendium</em></strong></span> <span class='ocrx_word' id='word_1_594' title='bbox 1406 3797 1449 3852; x_wconf 86' lang='lat' dir='ltr'><strong><em>rel</em></strong></span> <span class='ocrx_word' id='word_1_595' title='bbox 1470 3799 1594 3868; x_wconf 81' lang='lat' dir='ltr'><strong><em>angustia</em></strong></span> <span class='ocrx_word' id='word_1_596' title='bbox 1607 3801 1684 3868; x_wconf 87' lang='lat' dir='ltr'><strong><em>panis</em></strong></span> <span class='ocrx_word' id='word_1_597' title='bbox 1699 3801 1742 3858; x_wconf 89' lang='lat' dir='ltr'><strong><em>iu·</em></strong></span> 
     </span>
     <span class='ocr_line' id='line_1_86' title="bbox 948 3886 1742 3962; baseline 0.006 -19"><span class='ocrx_word' id='word_1_598' title='bbox 948 3895 1126 3959; x_wconf 89' lang='lat' dir='ltr'><strong><em>terpretatur.</em></strong></span> <span class='ocrx_word' id='word_1_599' title='bbox 1144 3886 1193 3943; x_wconf 89' lang='lat' dir='ltr'><strong><em>llis</em></strong></span> <span class='ocrx_word' id='word_1_600' title='bbox 1215 3895 1307 3943; x_wconf 80' lang='lat' dir='ltr'><strong><em>cirtem</em></strong></span> <span class='ocrx_word' id='word_1_601' title='bbox 1329 3887 1468 3958; x_wconf 80' lang='lat' dir='ltr'><strong><em>gentilitas</em></strong></span> <span class='ocrx_word' id='word_1_602' title='bbox 1493 3889 1666 3959; x_wconf 86' lang='lat' dir='ltr'><strong><em>exprimitur,</em></strong></span> <span class='ocrx_word' id='word_1_603' title='bbox 1681 3907 1742 3962; x_wconf 80' lang='lat' dir='ltr'><strong><em>quas</em></strong></span> 
     </span>
     <span class='ocr_line' id='line_1_87' title="bbox 948 3977 1742 4052; baseline 0.006 -18"><span class='ocrx_word' id='word_1_604' title='bbox 948 3977 1039 4034; x_wconf 93' lang='lat' dir='ltr'><strong><em>inutili</em></strong></span> <span class='ocrx_word' id='word_1_605' title='bbox 1054 3979 1193 4035; x_wconf 88' lang='lat' dir='ltr'><strong><em>venationi</em></strong></span> <span class='ocrx_word' id='word_1_606' title='bbox 1215 3979 1318 4043; x_wconf 85' lang='lat' dir='ltr'><strong><em>dedita,</em></strong></span> <span class='ocrx_word' id='word_1_607' title='bbox 1344 3977 1371 4032; x_wconf 92' lang='lat' dir='ltr'><strong><em>id</em></strong></span> <span class='ocrx_word' id='word_1_608' title='bbox 1394 3989 1452 4042; x_wconf 92' lang='lat' dir='ltr'><strong><em>est,</em></strong></span> <span class='ocrx_word' id='word_1_609' title='bbox 1476 3979 1561 4034; x_wconf 85' lang='lat' dir='ltr'><strong><em>lucris</em></strong></span> <span class='ocrx_word' id='word_1_610' title='bbox 1578 3993 1606 4034; x_wconf 90' lang='grc' dir='ltr'><strong><em>ει</em></strong></span> <span class='ocrx_word' id='word_1_611' title='bbox 1625 3983 1742 4052; x_wconf 86' lang='lat' dir='ltr'><strong><em>negotiis</em></strong></span> 
     </span>
     <span class='ocr_line' id='line_1_88' title="bbox 949 4067 1739 4143; baseline 0.006 -19"><span class='ocrx_word' id='word_1_612' title='bbox 949 4068 1042 4125; x_wconf 87' lang='lat' dir='ltr'><strong><em>saecnli</em></strong></span> <span class='ocrx_word' id='word_1_613' title='bbox 1057 4069 1191 4134; x_wconf 88' lang='lat' dir='ltr'><strong><em>serviens,</em></strong></span> <span class='ocrx_word' id='word_1_614' title='bbox 1209 4067 1367 4124; x_wconf 88' lang='lat' dir='ltr'><strong><em>incendium</em></strong></span> <span class='ocrx_word' id='word_1_615' title='bbox 1382 4070 1534 4125; x_wconf 87' lang='lat' dir='ltr'><strong><em>carnalium</em></strong></span> <span class='ocrx_word' id='word_1_616' title='bbox 1548 4073 1739 4143; x_wconf 87' lang='lat' dir='ltr'><strong><em>cupiditatum,</em></strong></span> 
     </span>
     <span class='ocr_line' id='line_1_89' title="bbox 949 4155 1740 4229; baseline 0.013 -20"><span class='ocrx_word' id='word_1_617' title='bbox 949 4155 1083 4228; x_wconf 85' lang='lat' dir='ltr'><strong><em>panisque</em></strong></span> <span class='ocrx_word' id='word_1_618' title='bbox 1107 4157 1260 4228; x_wconf 91' lang='lat' dir='ltr'><strong><em>spiritualis</em></strong></span> <span class='ocrx_word' id='word_1_619' title='bbox 1284 4157 1428 4228; x_wconf 88' lang='lat' dir='ltr'><strong><em>angustias</em></strong></span> <span class='ocrx_word' id='word_1_620' title='bbox 1453 4160 1628 4229; x_wconf 89' lang='lat' dir='ltr'><strong><em>patiebatur,</em></strong></span> <span class='ocrx_word' id='word_1_621' title='bbox 1654 4163 1740 4220; x_wconf 88' lang='lat' dir='ltr'><strong><em>donec</em></strong></span> 
     </span>
     <span class='ocr_line' id='line_1_90' title="bbox 948 4243 1739 4318; baseline 0.013 -20"><span class='ocrx_word' id='word_1_622' title='bbox 948 4243 1033 4310; x_wconf 91' lang='lat' dir='ltr'><strong><em>Elias,</em></strong></span> <span class='ocrx_word' id='word_1_623' title='bbox 1049 4245 1077 4300; x_wconf 92' lang='lat' dir='ltr'><strong><em>id</em></strong></span> <span class='ocrx_word' id='word_1_624' title='bbox 1092 4252 1135 4301; x_wconf 89' lang='lat' dir='ltr'><strong><em>est</em></strong></span> <span class='ocrx_word' id='word_1_625' title='bbox 1158 4245 1334 4318; x_wconf 89' lang='lat' dir='ltr'><strong><em>propheticus</em></strong></span> <span class='ocrx_word' id='word_1_626' title='bbox 1358 4262 1460 4314; x_wconf 84' lang='lat' dir='ltr'><strong><em>sermo,</em></strong></span> <span class='ocrx_word' id='word_1_627' title='bbox 1484 4248 1518 4303; x_wconf 86' lang='lat' dir='ltr'><strong><em>ad</em></strong></span> <span class='ocrx_word' id='word_1_628' title='bbox 1536 4266 1599 4306; x_wconf 82' lang='lat' dir='ltr'><strong><em>erim</em></strong></span> <span class='ocrx_word' id='word_1_629' title='bbox 1611 4253 1739 4318; x_wconf 91' lang='lat' dir='ltr'><strong><em>mittitur,</em></strong></span> 
     </span>
     <span class='ocr_line' id='line_1_91' title="bbox 948 4332 1740 4411; baseline 0.009 -24"><span class='ocrx_word' id='word_1_630' title='bbox 948 4335 995 4405; x_wconf 90' lang='lat' dir='ltr'><strong><em>qui</em></strong></span> <span class='ocrx_word' id='word_1_631' title='bbox 1005 4334 1033 4388; x_wconf 92' lang='lat' dir='ltr'><strong><em>in</em></strong></span> <span class='ocrx_word' id='word_1_632' title='bbox 1041 4332 1133 4389; x_wconf 80' lang='lat' dir='ltr'><strong><em>iudaea</em></strong></span> <span class='ocrx_word' id='word_1_633' title='bbox 1148 4334 1220 4390; x_wconf 91' lang='lat' dir='ltr'><strong><em>fame</em></strong></span> <span class='ocrx_word' id='word_1_634' title='bbox 1233 4335 1452 4406; x_wconf 86' lang='lat' dir='ltr'><strong><em>periclitabatur,</em></strong></span> <span class='ocrx_word' id='word_1_635' title='bbox 1466 4339 1558 4394; x_wconf 84' lang='lat' dir='ltr'><strong><em>clausa</em></strong></span> <span class='ocrx_word' id='word_1_636' title='bbox 1569 4341 1632 4395; x_wconf 84' lang='lat' dir='ltr'><strong><em>coeli</em></strong></span> <span class='ocrx_word' id='word_1_637' title='bbox 1643 4341 1740 4411; x_wconf 85' lang='lat' dir='ltr'><strong><em>janua.</em></strong></span> 
     </span>
     <span class='ocr_line' id='line_1_92' title="bbox 950 4424 1741 4503; baseline 0.013 -25"><span class='ocrx_word' id='word_1_638' title='bbox 950 4425 1043 4490; x_wconf 89' lang='lat' dir='ltr'><strong><em>idest,</em></strong></span> <span class='ocrx_word' id='word_1_639' title='bbox 1059 4433 1186 4481; x_wconf 91' lang='lat' dir='ltr'><strong><em>cessante</em></strong></span> <span class='ocrx_word' id='word_1_640' title='bbox 1201 4424 1409 4496; x_wconf 86' lang='lat' dir='ltr'><strong><em>Scripturarnm</em></strong></span> <span class='ocrx_word' id='word_1_641' title='bbox 1425 4428 1603 4500; x_wconf 77' lang='lat' dir='ltr'><strong><em>intelligentia</em></strong></span> <span class='ocrx_word' id='word_1_642' title='bbox 1618 4447 1668 4502; x_wconf 90' lang='lat' dir='ltr'><strong><em>pro</em></strong></span> <span class='ocrx_word' id='word_1_643' title='bbox 1682 4449 1741 4503; x_wconf 83' lang='lat' dir='ltr'><strong><em>per·</em></strong></span> 
     </span>
    </p>
   </div>
   <div class='ocr_carea' id='block_1_16' title="bbox 111 4513 1740 4968">
    <p class='ocr_par' dir='ltr' id='par_1_20' title="bbox 111 4513 1740 4968">
     <span class='ocr_line' id='line_1_93' title="bbox 111 4513 1740 4597; baseline -0.006 -11"><span class='ocrx_word' id='word_1_644' title='bbox 111 4548 176 4597; x_wconf 90' lang='lat' dir='ltr'><strong><em>mus,</em></strong></span> <span class='ocrx_word' id='word_1_645' title='bbox 191 4548 255 4584; x_wconf 89' lang='lat' dir='ltr'><strong><em>cura</em></strong></span> <span class='ocrx_word' id='word_1_646' title='bbox 269 4539 297 4584; x_wconf 88' lang='lat' dir='ltr'><strong><em>et</em></strong></span> <span class='ocrx_word' id='word_1_647' title='bbox 311 4539 335 4582; x_wconf 89' lang='lat' dir='ltr'><strong><em>te</em></strong></span> <span class='ocrx_word' id='word_1_648' title='bbox 349 4529 446 4597; x_wconf 84' lang='lat' dir='ltr'><strong><em>ipsum,</em></strong></span> <span class='ocrx_word' id='word_1_649' title='bbox 466 4526 492 4580; x_wconf 92' lang='lat' dir='ltr'><strong><em>id</em></strong></span> <span class='ocrx_word' id='word_1_650' title='bbox 514 4532 567 4588; x_wconf 89' lang='lat' dir='ltr'><strong><em>est,</em></strong></span> <span class='ocrx_word' id='word_1_651' title='bbox 591 4522 634 4576; x_wconf 92' lang='lat' dir='ltr'><strong><em>fac</em></strong></span> <span class='ocrx_word' id='word_1_652' title='bbox 647 4521 736 4577; x_wconf 87' lang='lat' dir='ltr'><strong><em>simile</em></strong></span> <span class='ocrx_word' id='word_1_653' title='bbox 749 4521 777 4575; x_wconf 93' lang='lat' dir='ltr'><strong><em>in</em></strong></span> <span class='ocrx_word' id='word_1_654' title='bbox 793 4527 840 4575; x_wconf 91' lang='lat' dir='ltr'><strong><em>tua</em></strong></span> <span class='ocrx_word' id='word_1_655' title='bbox 853 4521 895 4574; x_wconf 88' lang='lat' dir='ltr'><strong><em>ci·</em></strong></span> <span class='ocrx_word' id='word_1_656' title='bbox 912 4520 933 4575; x_wconf 86' lang='lat' dir='ltr'><strong><em>li</em></strong></span> <span class='ocrx_word' id='word_1_657' title='bbox 948 4516 1012 4571; x_wconf 83' lang='lat' dir='ltr'><strong><em>fidia</em></strong></span> <span class='ocrx_word' id='word_1_658' title='bbox 1030 4513 1198 4574; x_wconf 83' lang='lat' dir='ltr'><strong><em>ludaeorum.</em></strong></span> <span class='ocrx_word' id='word_1_659' title='bbox 1213 4515 1293 4573; x_wconf 71' lang='lat' dir='ltr'><strong><em>feriit</em></strong></span> <span class='ocrx_word' id='word_1_660' title='bbox 1313 4533 1378 4589; x_wconf 88' lang='lat' dir='ltr'><strong><em>ergo</em></strong></span> <span class='ocrx_word' id='word_1_661' title='bbox 1400 4519 1578 4588; x_wconf 85' lang='lat' dir='ltr'><strong><em>propheticus</em></strong></span> <span class='ocrx_word' id='word_1_662' title='bbox 1598 4537 1688 4576; x_wconf 85' lang='lat' dir='ltr'><strong><em>sermo</em></strong></span> <span class='ocrx_word' id='word_1_663' title='bbox 1705 4524 1740 4580; x_wconf 88' lang='lat' dir='ltr'><strong><em>ad</em></strong></span> 
     </span>
     <span class='ocr_line' id='line_1_94' title="bbox 112 4603 1740 4690; baseline -0.012 -12"><span class='ocrx_word' id='word_1_664' title='bbox 112 4626 197 4689; x_wconf 88' lang='lat' dir='ltr'><strong><em>vitate,</em></strong></span> <span class='ocrx_word' id='word_1_665' title='bbox 212 4623 259 4678; x_wconf 87' lang='lat' dir='ltr'><strong><em>ubi</em></strong></span> <span class='ocrx_word' id='word_1_666' title='bbox 274 4627 424 4690; x_wconf 88' lang='lat' dir='ltr'><strong><em>conceptus</em></strong></span> <span class='ocrx_word' id='word_1_667' title='bbox 438 4633 469 4674; x_wconf 90' lang='lat' dir='ltr'><strong><em>es</em></strong></span> <span class='ocrx_word' id='word_1_668' title='bbox 488 4624 516 4672; x_wconf 91' lang='grc' dir='ltr'><strong><em>ει</em></strong></span> <span class='ocrx_word' id='word_1_669' title='bbox 535 4615 664 4670; x_wconf 88' lang='lat' dir='ltr'><strong><em>nutritus.</em></strong></span> <span class='ocrx_word' id='word_1_670' title='bbox 681 4612 767 4680; x_wconf 80' lang='lat' dir='ltr'><strong><em>Quasi</em></strong></span> <span class='ocrx_word' id='word_1_671' title='bbox 780 4612 894 4668; x_wconf 87' lang='lat' dir='ltr'><strong><em>dicant:</em></strong></span> <span class='ocrx_word' id='word_1_672' title='bbox 947 4603 1118 4670; x_wconf 87' lang='lat' dir='ltr'><strong><em>Ecclesiam,</em></strong></span> <span class='ocrx_word' id='word_1_673' title='bbox 1147 4614 1177 4660; x_wconf 90' lang='lat' dir='ltr'><strong><em>nt</em></strong></span> <span class='ocrx_word' id='word_1_674' title='bbox 1200 4615 1328 4676; x_wconf 83' lang='lat' dir='ltr'><strong><em>receptus</em></strong></span> <span class='ocrx_word' id='word_1_675' title='bbox 1351 4617 1531 4678; x_wconf 83' lang='lat' dir='ltr'><strong><em>pasceretur,</em></strong></span> <span class='ocrx_word' id='word_1_676' title='bbox 1564 4618 1592 4665; x_wconf 92' lang='lat' dir='ltr'><strong><em>et</em></strong></span> <span class='ocrx_word' id='word_1_677' title='bbox 1616 4612 1740 4668; x_wconf 74' lang='lat' dir='ltr'><strong><em>reficerer</em></strong></span> 
     </span>
     <span class='ocr_line' id='line_1_95' title="bbox 112 4693 1740 4781; baseline -0.007 -13"><span class='ocrx_word' id='word_1_678' title='bbox 112 4713 165 4768; x_wconf 85' lang='lat' dir='ltr'><strong><em>lion</em></strong></span> <span class='ocrx_word' id='word_1_679' title='bbox 186 4713 328 4769; x_wconf 88' lang='lat' dir='ltr'><strong><em>crcdimus</em></strong></span> <span class='ocrx_word' id='word_1_680' title='bbox 351 4709 423 4781; x_wconf 90' lang='lat' dir='ltr'><strong><em>quod</em></strong></span> <span class='ocrx_word' id='word_1_681' title='bbox 448 4709 553 4762; x_wconf 88' lang='lat' dir='ltr'><strong><em>incerta</em></strong></span> <span class='ocrx_word' id='word_1_682' title='bbox 578 4704 650 4760; x_wconf 88' lang='lat' dir='ltr'><strong><em>fama</em></strong></span> <span class='ocrx_word' id='word_1_683' title='bbox 675 4704 810 4775; x_wconf 89' lang='lat' dir='ltr'><strong><em>vulgavit,</em></strong></span> <span class='ocrx_word' id='word_1_684' title='bbox 833 4717 896 4759; x_wconf 88' lang='lat' dir='ltr'><strong><em>cum</em></strong></span> <span class='ocrx_word' id='word_1_685' title='bbox 947 4694 1029 4750; x_wconf 77' lang='lat' dir='ltr'><strong><em>corda</em></strong></span> <span class='ocrx_word' id='word_1_686' title='bbox 1045 4694 1225 4750; x_wconf 86' lang='lat' dir='ltr'><strong><em>credentium.</em></strong></span> <span class='ocrx_word' id='word_1_687' title='bbox 1249 4693 1300 4749; x_wconf 91' lang='lat' dir='ltr'><strong><em>Ubi</em></strong></span> <span class='ocrx_word' id='word_1_688' title='bbox 1322 4696 1400 4766; x_wconf 86' lang='lat' dir='ltr'><strong><em>prius</em></strong></span> <span class='ocrx_word' id='word_1_689' title='bbox 1420 4704 1480 4752; x_wconf 88' lang='lat' dir='ltr'><strong><em>erat</em></strong></span> <span class='ocrx_word' id='word_1_690' title='bbox 1495 4698 1573 4767; x_wconf 87' lang='lat' dir='ltr'><strong><em>panis</em></strong></span> <span class='ocrx_word' id='word_1_691' title='bbox 1588 4698 1740 4769; x_wconf 89' lang='lat' dir='ltr'><strong><em>spiritualis</em></strong></span> 
     </span>
     <span class='ocr_line' id='line_1_96' title="bbox 113 4786 1740 4874; baseline -0.007 -16"><span class='ocrx_word' id='word_1_692' title='bbox 113 4805 177 4874; x_wconf 87' lang='lat' dir='ltr'><strong><em>apud</em></strong></span> <span class='ocrx_word' id='word_1_693' title='bbox 197 4820 247 4860; x_wconf 90' lang='lat' dir='ltr'><strong><em>uos</em></strong></span> <span class='ocrx_word' id='word_1_694' title='bbox 268 4802 338 4858; x_wconf 91' lang='lat' dir='ltr'><strong><em>nibil</em></strong></span> <span class='ocrx_word' id='word_1_695' title='bbox 357 4801 412 4855; x_wconf 90' lang='lat' dir='ltr'><strong><em>tale</em></strong></span> <span class='ocrx_word' id='word_1_696' title='bbox 436 4797 543 4864; x_wconf 89' lang='lat' dir='ltr'><strong><em>feceris,</em></strong></span> <span class='ocrx_word' id='word_1_697' title='bbox 566 4796 666 4867; x_wconf 87' lang='lat' dir='ltr'><strong><em>quibus</em></strong></span> <span class='ocrx_word' id='word_1_698' title='bbox 689 4795 896 4851; x_wconf 86' lang='lat' dir='ltr'><strong><em>convenientius</em></strong></span> <span class='ocrx_word' id='word_1_699' title='bbox 948 4787 1086 4858; x_wconf 90' lang='lat' dir='ltr'><strong><em>angustia,</em></strong></span> <span class='ocrx_word' id='word_1_700' title='bbox 1104 4787 1141 4842; x_wconf 91' lang='lat' dir='ltr'><strong><em>ibi</em></strong></span> <span class='ocrx_word' id='word_1_701' title='bbox 1156 4787 1244 4840; x_wconf 92' lang='lat' dir='ltr'><strong><em>farina</em></strong></span> <span class='ocrx_word' id='word_1_702' title='bbox 1259 4786 1404 4857; x_wconf 89' lang='lat' dir='ltr'><strong><em>oleumque</em></strong></span> <span class='ocrx_word' id='word_1_703' title='bbox 1419 4803 1467 4843; x_wconf 90' lang='lat' dir='ltr'><strong><em>ore</em></strong></span> <span class='ocrx_word' id='word_1_704' title='bbox 1482 4789 1643 4859; x_wconf 84' lang='lat' dir='ltr'><strong><em>prophetico</em></strong></span> <span class='ocrx_word' id='word_1_705' title='bbox 1656 4791 1740 4846; x_wconf 87' lang='lat' dir='ltr'><strong><em>bene-</em></strong></span> 
     </span>
     <span class='ocr_line' id='line_1_97' title="bbox 112 4876 1739 4968; baseline -0.007 -19"><span class='ocrx_word' id='word_1_706' title='bbox 112 4897 171 4951; x_wconf 89' lang='lat' dir='ltr'><strong><em>talia</em></strong></span> <span class='ocrx_word' id='word_1_707' title='bbox 193 4892 375 4968; x_wconf 87' lang='lat' dir='ltr'><strong><em>impendenda</em></strong></span> <span class='ocrx_word' id='word_1_708' title='bbox 394 4898 473 4946; x_wconf 89' lang='lat' dir='ltr'><strong><em>erant</em></strong></span> <span class='ocrx_word' id='word_1_709' title='bbox 496 4888 639 4945; x_wconf 87' lang='lat' dir='ltr'><strong><em>beneficia.</em></strong></span> <span class='ocrx_word' id='word_1_710' title='bbox 662 4885 751 4942; x_wconf 87' lang='lat' dir='ltr'><strong><em>Verus</em></strong></span> <span class='ocrx_word' id='word_1_711' title='bbox 774 4885 896 4942; x_wconf 89' lang='lat' dir='ltr'><strong><em>medicus</em></strong></span> <span class='ocrx_word' id='word_1_712' title='bbox 947 4878 1060 4942; x_wconf 77' lang='lat' dir='ltr'><strong><em>dicitur,</em></strong></span> <span class='ocrx_word' id='word_1_713' title='bbox 1075 4876 1104 4930; x_wconf 76' lang='lat' dir='ltr'><strong><em>ld</em></strong></span> <span class='ocrx_word' id='word_1_714' title='bbox 1122 4876 1308 4942; x_wconf 45' lang='lat' dir='ltr'><strong><em>ministratus</em></strong></span> <span class='ocrx_word' id='word_1_715' title='bbox 1333 4885 1361 4932; x_wconf 90' lang='lat' dir='ltr'><strong><em>et</em></strong></span> <span class='ocrx_word' id='word_1_716' title='bbox 1383 4878 1510 4935; x_wconf 86' lang='lat' dir='ltr'><strong><em>hilaritas</em></strong></span> <span class='ocrx_word' id='word_1_717' title='bbox 1531 4881 1739 4949; x_wconf 82' lang='lat' dir='ltr'><strong><em>eharitatis,rel</em></strong></span> 
     </span>
    </p>
   </div>
   <div class='ocr_carea' id='block_1_17' title="bbox 112 4967 1739 5134">
    <p class='ocr_par' dir='ltr' id='par_1_21' title="bbox 112 4967 1739 5134">
     <span class='ocr_line' id='line_1_98' title="bbox 112 4967 1738 5055; baseline -0.008 -19"><span class='ocrx_word' id='word_1_718' title='bbox 112 4995 148 5042; x_wconf 76' lang='lat' dir='ltr'><strong><em>ast</em></strong></span> <span class='ocrx_word' id='word_1_719' title='bbox 163 4984 376 5055; x_wconf 50' lang='lat' dir='ltr'><strong><em>christumquia</em></strong></span> <span class='ocrx_word' id='word_1_720' title='bbox 391 4988 528 5037; x_wconf 84' lang='lat' dir='ltr'><strong><em>restaurat</em></strong></span> <span class='ocrx_word' id='word_1_721' title='bbox 541 4981 644 5050; x_wconf 87' lang='lat' dir='ltr'><strong><em>lapsos,</em></strong></span> <span class='ocrx_word' id='word_1_722' title='bbox 662 4984 770 5048; x_wconf 79' lang='lat' dir='ltr'><strong><em>etpost</em></strong></span> <span class='ocrx_word' id='word_1_723' title='bbox 786 4977 896 5032; x_wconf 84' lang='lat' dir='ltr'><strong><em>virinera</em></strong></span> <span class='ocrx_word' id='word_1_724' title='bbox 947 4969 1036 5039; x_wconf 87' lang='lat' dir='ltr'><strong><em>gratia</em></strong></span> <span class='ocrx_word' id='word_1_725' title='bbox 1056 4967 1191 5022; x_wconf 82' lang='lat' dir='ltr'><strong><em>llominici</em></strong></span> <span class='ocrx_word' id='word_1_726' title='bbox 1204 4967 1330 5038; x_wconf 90' lang='lat' dir='ltr'><strong><em>corporis</em></strong></span> <span class='ocrx_word' id='word_1_727' title='bbox 1350 4975 1378 5023; x_wconf 92' lang='grc' dir='ltr'><strong><em>ει</em></strong></span> <span class='ocrx_word' id='word_1_728' title='bbox 1397 4969 1491 5024; x_wconf 88' lang='lat' dir='ltr'><strong><em>unctio</em></strong></span> <span class='ocrx_word' id='word_1_729' title='bbox 1506 4969 1680 5025; x_wconf 84' lang='lat' dir='ltr'><strong><em>charismatis</em></strong></span> <span class='ocrx_word' id='word_1_730' title='bbox 1696 4969 1738 5024; x_wconf 91' lang='lat' dir='ltr'><strong><em>in-</em></strong></span> 
     </span>
     <span class='ocr_line' id='line_1_99' title="bbox 114 5056 1739 5134; baseline 0.002 -24"><span class='ocrx_word' id='word_1_731' title='bbox 114 5080 168 5134; x_wconf 53' lang='lat' dir='ltr'>sani</span> <span class='ocrx_word' id='word_1_732' title='bbox 180 5079 276 5134; x_wconf 48' lang='lat' dir='ltr'><strong>simus·</strong></span> <span class='ocrx_word' id='word_1_733' title='bbox 947 5057 1082 5115; x_wconf 89' lang='lat' dir='ltr'><strong><em>defectivo</em></strong></span> <span class='ocrx_word' id='word_1_734' title='bbox 1095 5056 1172 5113; x_wconf 81' lang='lat' dir='ltr'><strong><em>verbi</em></strong></span> <span class='ocrx_word' id='word_1_735' title='bbox 1187 5058 1308 5114; x_wconf 85' lang='lat' dir='ltr'><strong><em>coelestis</em></strong></span> <span class='ocrx_word' id='word_1_736' title='bbox 1324 5074 1437 5115; x_wconf 89' lang='lat' dir='ltr'><strong><em>munere</em></strong></span> <span class='ocrx_word' id='word_1_737' title='bbox 1451 5058 1623 5122; x_wconf 87' lang='lat' dir='ltr'><strong><em>fecundatur,</em></strong></span> <span class='ocrx_word' id='word_1_738' title='bbox 1647 5067 1676 5113; x_wconf 87' lang='grc' dir='ltr'><strong><em>ει</em></strong></span> <span class='ocrx_word' id='word_1_739' title='bbox 1690 5059 1739 5114; x_wconf 82' lang='lat' dir='ltr'><strong><em>lra-</em></strong></span> 
     </span>
    </p>
   </div>
   <div class='ocr_carea' id='block_1_18' title="bbox 115 5147 1738 5862">
    <p class='ocr_par' dir='ltr' id='par_1_22' title="bbox 115 5147 1738 5862">
     <span class='ocr_line' id='line_1_100' title="bbox 182 5147 1734 5275; baseline -0.008 -57"><span class='ocrx_word' id='word_1_740' title='bbox 182 5188 220 5275; x_wconf 81' lang='grc' dir='ltr'><strong>Μ</strong></span> <span class='ocrx_word' id='word_1_741' title='bbox 280 5168 326 5217; x_wconf 74' lang='grc' dir='ltr'><strong><em>ιιι</em></strong></span> <span class='ocrx_word' id='word_1_742' title='bbox 376 5187 408 5271; x_wconf 74' lang='lat' dir='ltr'>R</span> <span class='ocrx_word' id='word_1_743' title='bbox 465 5162 491 5213; x_wconf 80' lang='lat' dir='ltr'><strong><em>ol</em></strong></span> <span class='ocrx_word' id='word_1_744' title='bbox 541 5181 573 5266; x_wconf 77' lang='lat' dir='ltr'>L</span> <span class='ocrx_word' id='word_1_745' title='bbox 626 5160 654 5209; x_wconf 79' lang='lat' dir='ltr'><strong><em>rt</em></strong></span> <span class='ocrx_word' id='word_1_746' title='bbox 701 5179 733 5265; x_wconf 75' lang='grc' dir='ltr'>Α</span> <span class='ocrx_word' id='word_1_747' title='bbox 791 5159 822 5207; x_wconf 77' lang='lat' dir='ltr'><strong><em>ab</em></strong></span> <span class='ocrx_word' id='word_1_748' title='bbox 948 5159 1044 5206; x_wconf 87' lang='lat' dir='ltr'><strong><em>etenus</em></strong></span> <span class='ocrx_word' id='word_1_749' title='bbox 1058 5150 1116 5205; x_wconf 86' lang='lat' dir='ltr'><strong><em>baec</em></strong></span> <span class='ocrx_word' id='word_1_750' title='bbox 1130 5164 1244 5204; x_wconf 91' lang='lat' dir='ltr'><strong><em>munera</em></strong></span> <span class='ocrx_word' id='word_1_751' title='bbox 1262 5150 1335 5221; x_wconf 90' lang='lat' dir='ltr'><strong><em>apud</em></strong></span> <span class='ocrx_word' id='word_1_752' title='bbox 1356 5150 1507 5206; x_wconf 88' lang='lat' dir='ltr'><strong><em>Ecclesiam</em></strong></span> <span class='ocrx_word' id='word_1_753' title='bbox 1527 5164 1583 5203; x_wconf 91' lang='lat' dir='ltr'><strong><em>non</em></strong></span> <span class='ocrx_word' id='word_1_754' title='bbox 1596 5147 1734 5206; x_wconf 75' lang='lat' dir='ltr'><strong><em>debriant.</em></strong></span> 
     </span>
     <span class='ocr_line' id='line_1_101' title="bbox 231 5238 1738 5313; baseline -0.003 -13"><span class='ocrx_word' id='word_1_755' title='bbox 231 5250 244 5274; x_wconf 81' lang='lat'>⁸</span> <span class='ocrx_word' id='word_1_756' title='bbox 415 5245 428 5268; x_wconf 76' lang='lat'><strong>⁹</strong></span> <span class='ocrx_word' id='word_1_757' title='bbox 582 5241 593 5265; x_wconf 82' lang='grc'><strong>”</strong></span> <span class='ocrx_word' id='word_1_758' title='bbox 741 5239 754 5264; x_wconf 83' lang='lat'><em>⁰</em></span> <span class='ocrx_word' id='word_1_759' title='bbox 947 5240 1035 5307; x_wconf 69' lang='lat' dir='ltr'><strong><em>Quodn</em></strong></span> <span class='ocrx_word' id='word_1_760' title='bbox 1048 5242 1105 5296; x_wconf 83' lang='lat' dir='ltr'><strong><em>haec</em></strong></span> <span class='ocrx_word' id='word_1_761' title='bbox 1128 5240 1228 5296; x_wconf 86' lang='lat' dir='ltr'><strong><em>rnulier</em></strong></span> <span class='ocrx_word' id='word_1_762' title='bbox 1251 5240 1397 5313; x_wconf 79' lang='lat' dir='ltr'><strong><em>mysticum</em></strong></span> <span class='ocrx_word' id='word_1_763' title='bbox 1422 5254 1520 5310; x_wconf 85' lang='lat' dir='ltr'><strong><em>panem</em></strong></span> <span class='ocrx_word' id='word_1_764' title='bbox 1541 5238 1659 5304; x_wconf 86' lang='lat' dir='ltr'><strong><em>factura,</em></strong></span> <span class='ocrx_word' id='word_1_765' title='bbox 1682 5239 1738 5297; x_wconf 85' lang='lat' dir='ltr'><strong><em>cina</em></strong></span> 
     </span>
     <span class='ocr_line' id='line_1_102' title="bbox 150 5327 1736 5403; baseline -0.008 -6"><span class='ocrx_word' id='word_1_766' title='bbox 150 5337 225 5390; x_wconf 76' lang='lat' dir='ltr'><strong><em>lmen</em></strong></span> <span class='ocrx_word' id='word_1_767' title='bbox 239 5335 297 5390; x_wconf 75' lang='lat' dir='ltr'><strong><em>dito</em></strong></span> <span class='ocrx_word' id='word_1_768' title='bbox 311 5332 395 5398; x_wconf 69' lang='lat' dir='ltr'><strong><em>volit.</em></strong></span> <span class='ocrx_word' id='word_1_769' title='bbox 417 5333 480 5395; x_wconf 85' lang='lat' dir='ltr'><strong><em>quia</em></strong></span> <span class='ocrx_word' id='word_1_770' title='bbox 495 5346 569 5385; x_wconf 63' lang='lat' dir='ltr'><strong><em>ww</em></strong></span> <span class='ocrx_word' id='word_1_771' title='bbox 583 5327 709 5399; x_wconf 87' lang='lat' dir='ltr'><strong><em>propbeta</em></strong></span> <span class='ocrx_word' id='word_1_772' title='bbox 724 5335 844 5394; x_wconf 62' lang='lat' dir='ltr'><strong><em>“tibilim</em></strong></span> <span class='ocrx_word' id='word_1_773' title='bbox 858 5337 896 5381; x_wconf 86' lang='lat' dir='ltr'><strong><em>est</em></strong></span> <span class='ocrx_word' id='word_1_774' title='bbox 948 5347 978 5388; x_wconf 87' lang='lat' dir='ltr'><strong><em>se</em></strong></span> <span class='ocrx_word' id='word_1_775' title='bbox 992 5333 1064 5402; x_wconf 89' lang='lat' dir='ltr'><strong><em>ligna</em></strong></span> <span class='ocrx_word' id='word_1_776' title='bbox 1077 5332 1148 5388; x_wconf 89' lang='lat' dir='ltr'><strong><em>velie</em></strong></span> <span class='ocrx_word' id='word_1_777' title='bbox 1162 5331 1291 5403; x_wconf 87' lang='lat' dir='ltr'><strong><em>colligere</em></strong></span> <span class='ocrx_word' id='word_1_778' title='bbox 1310 5340 1437 5393; x_wconf 88' lang='lat' dir='ltr'><strong><em>testator,</em></strong></span> <span class='ocrx_word' id='word_1_779' title='bbox 1459 5329 1564 5399; x_wconf 88' lang='lat' dir='ltr'><strong><em>Ugnum</em></strong></span> <span class='ocrx_word' id='word_1_780' title='bbox 1581 5331 1674 5387; x_wconf 86' lang='lat' dir='ltr'><strong><em>crucis</em></strong></span> <span class='ocrx_word' id='word_1_781' title='bbox 1685 5345 1736 5385; x_wconf 80' lang='lat' dir='ltr'><strong><em>ex·</em></strong></span> 
     </span>
     <span class='ocr_line' id='line_1_103' title="bbox 115 5418 1738 5495; baseline -0.002 -18"><span class='ocrx_word' id='word_1_782' title='bbox 115 5427 470 5494; x_wconf 85' lang='lat' dir='ltr'><strong><em>inpatrlasuactiuaoma</em></strong></span> <span class='ocrx_word' id='word_1_783' title='bbox 487 5437 546 5476; x_wconf 85' lang='lat' dir='ltr'><strong><em>sua.</em></strong></span> <span class='ocrx_word' id='word_1_784' title='bbox 573 5419 606 5474; x_wconf 90' lang='lat' dir='ltr'><strong><em>Et</em></strong></span> <span class='ocrx_word' id='word_1_785' title='bbox 623 5437 674 5474; x_wconf 91' lang='lat' dir='ltr'><strong><em>non</em></strong></span> <span class='ocrx_word' id='word_1_786' title='bbox 688 5418 799 5490; x_wconf 74' lang='lat' dir='ltr'><strong><em>tecitibi</em></strong></span> <span class='ocrx_word' id='word_1_787' title='bbox 814 5420 896 5473; x_wconf 87' lang='lat' dir='ltr'><strong><em>uirtu-</em></strong></span> <span class='ocrx_word' id='word_1_788' title='bbox 947 5424 1070 5495; x_wconf 80' lang='lat' dir='ltr'><strong><em>primic,</em></strong></span> <span class='ocrx_word' id='word_1_789' title='bbox 1104 5439 1160 5495; x_wconf 87' lang='lat' dir='ltr'><strong><em>qno</em></strong></span> <span class='ocrx_word' id='word_1_790' title='bbox 1182 5424 1264 5478; x_wconf 82' lang='lat' dir='ltr'><strong><em>nobis</em></strong></span> <span class='ocrx_word' id='word_1_791' title='bbox 1287 5433 1330 5478; x_wconf 87' lang='lat' dir='ltr'><strong><em>est</em></strong></span> <span class='ocrx_word' id='word_1_792' title='bbox 1351 5428 1519 5492; x_wconf 85' lang='lat' dir='ltr'><strong><em>praeparatus</em></strong></span> <span class='ocrx_word' id='word_1_793' title='bbox 1542 5420 1606 5475; x_wconf 85' lang='lat' dir='ltr'><strong><em>ritae</em></strong></span> <span class='ocrx_word' id='word_1_794' title='bbox 1628 5426 1738 5480; x_wconf 70' lang='lat' dir='ltr'><strong><em>aeterrtm</em></strong></span> 
     </span>
     <span class='ocr_line' id='line_1_104' title="bbox 117 5511 1036 5586; baseline -0.001 -18"><span class='ocrx_word' id='word_1_795' title='bbox 117 5525 150 5570; x_wconf 88' lang='lat' dir='ltr'><strong><em>tes</em></strong></span> <span class='ocrx_word' id='word_1_796' title='bbox 164 5516 258 5570; x_wconf 84' lang='lat' dir='ltr'><strong><em>multas</em></strong></span> <span class='ocrx_word' id='word_1_797' title='bbox 271 5524 377 5586; x_wconf 87' lang='lat' dir='ltr'><strong><em>propter</em></strong></span> <span class='ocrx_word' id='word_1_798' title='bbox 396 5512 608 5568; x_wconf 89' lang='lat' dir='ltr'><strong><em>incredulitatem</em></strong></span> <span class='ocrx_word' id='word_1_799' title='bbox 630 5511 748 5576; x_wconf 91' lang='lat' dir='ltr'><strong><em>illarum,</em></strong></span> <span class='ocrx_word' id='word_1_800' title='bbox 765 5511 817 5566; x_wconf 85' lang='lat' dir='ltr'><strong><em>nisi</em></strong></span> <span class='ocrx_word' id='word_1_801' title='bbox 830 5525 897 5580; x_wconf 85' lang='lat' dir='ltr'><strong><em>pan·</em></strong></span> <span class='ocrx_word' id='word_1_802' title='bbox 947 5512 1036 5584; x_wconf 86' lang='lat' dir='ltr'><strong><em>panis.</em></strong></span> 
     </span>
     <span class='ocr_line' id='line_1_105' title="bbox 117 5595 1738 5677; baseline -0.003 -18"><span class='ocrx_word' id='word_1_803' title='bbox 117 5623 156 5660; x_wconf 87' lang='lat' dir='ltr'><strong><em>cos</em></strong></span> <span class='ocrx_word' id='word_1_804' title='bbox 169 5608 284 5677; x_wconf 73' lang='lat' dir='ltr'><strong><em>infirmos</em></strong></span> <span class='ocrx_word' id='word_1_805' title='bbox 299 5606 429 5675; x_wconf 84' lang='lat' dir='ltr'><strong><em>impositis</em></strong></span> <span class='ocrx_word' id='word_1_806' title='bbox 444 5604 566 5659; x_wconf 88' lang='lat' dir='ltr'><strong><em>manibus</em></strong></span> <span class='ocrx_word' id='word_1_807' title='bbox 583 5604 693 5669; x_wconf 87' lang='lat' dir='ltr'><strong><em>curauit,</em></strong></span> <span class='ocrx_word' id='word_1_808' title='bbox 710 5611 735 5658; x_wconf 86' lang='lat' dir='ltr'><strong><em>et</em></strong></span> <span class='ocrx_word' id='word_1_809' title='bbox 749 5601 897 5657; x_wconf 90' lang='lat' dir='ltr'><strong><em>mirabatur</em></strong></span> <span class='ocrx_word' id='word_1_810' title='bbox 982 5603 1019 5657; x_wconf 91' lang='lat' dir='ltr'><strong><em>Et</em></strong></span> <span class='ocrx_word' id='word_1_811' title='bbox 1033 5602 1110 5657; x_wconf 88' lang='lat' dir='ltr'><strong><em>malti</em></strong></span> <span class='ocrx_word' id='word_1_812' title='bbox 1131 5601 1229 5671; x_wconf 87' lang='lat' dir='ltr'><strong><em>leprosi</em></strong></span> <span class='ocrx_word' id='word_1_813' title='bbox 1247 5609 1324 5655; x_wconf 75' lang='lat' dir='ltr'><strong><em>mant</em></strong></span> <span class='ocrx_word' id='word_1_814' title='bbox 1344 5601 1371 5654; x_wconf 91' lang='lat' dir='ltr'><strong><em>in</em></strong></span> <span class='ocrx_word' id='word_1_815' title='bbox 1394 5598 1481 5654; x_wconf 82' lang='lat' dir='ltr'><strong><em>lsrael</em></strong></span> <span class='ocrx_word' id='word_1_816' title='bbox 1502 5596 1550 5652; x_wconf 89' lang='lat' dir='ltr'><strong><em>sttb</em></strong></span> <span class='ocrx_word' id='word_1_817' title='bbox 1571 5595 1660 5652; x_wconf 78' lang='lat' dir='ltr'><strong><em>Elissa</em></strong></span> <span class='ocrx_word' id='word_1_818' title='bbox 1673 5613 1738 5668; x_wconf 81' lang='lat' dir='ltr'><strong><em>prs·</em></strong></span> 
     </span>
     <span class='ocr_line' id='line_1_106' title="bbox 116 5687 1736 5764; baseline 0.001 -16"><span class='ocrx_word' id='word_1_819' title='bbox 116 5707 214 5764; x_wconf 85' lang='lat' dir='ltr'><strong><em>propter</em></strong></span> <span class='ocrx_word' id='word_1_820' title='bbox 223 5697 432 5752; x_wconf 86' lang='lat' dir='ltr'><strong><em>incredulitatem</em></strong></span> <span class='ocrx_word' id='word_1_821' title='bbox 443 5695 563 5750; x_wconf 89' lang='lat' dir='ltr'><strong><em>illarum.</em></strong></span> <span class='ocrx_word' id='word_1_822' title='bbox 947 5693 1036 5764; x_wconf 83' lang='lat' dir='ltr'><strong><em>pieta,</em></strong></span> <span class='ocrx_word' id='word_1_823' title='bbox 1053 5704 1079 5749; x_wconf 93' lang='lat' dir='ltr'><strong><em>et</em></strong></span> <span class='ocrx_word' id='word_1_824' title='bbox 1098 5709 1172 5748; x_wconf 89' lang='lat' dir='ltr'><strong><em>nemo</em></strong></span> <span class='ocrx_word' id='word_1_825' title='bbox 1189 5708 1280 5748; x_wconf 87' lang='lat' dir='ltr'><strong><em>eornm</em></strong></span> <span class='ocrx_word' id='word_1_826' title='bbox 1297 5688 1439 5746; x_wconf 80' lang='lat' dir='ltr'><strong><em>mastdatus</em></strong></span> <span class='ocrx_word' id='word_1_827' title='bbox 1459 5700 1518 5757; x_wconf 86' lang='lat' dir='ltr'><strong><em>est,</em></strong></span> <span class='ocrx_word' id='word_1_828' title='bbox 1538 5689 1591 5746; x_wconf 85' lang='lat' dir='ltr'><strong><em>nisi</em></strong></span> <span class='ocrx_word' id='word_1_829' title='bbox 1609 5687 1736 5750; x_wconf 77' lang='lat' dir='ltr'><strong><em>nonnas</em></strong></span> 
     </span>
     <span class='ocr_line' id='line_1_107' title="bbox 117 5775 1042 5862; baseline 0.002 -24"><span class='ocrx_word' id='word_1_830' title='bbox 117 5775 122 5783; x_wconf 83' lang='lat'>&#39;</span> <span class='ocrx_word' id='word_1_831' title='bbox 151 5783 253 5860; x_wconf 67' lang='lat' dir='ltr'><strong><em>[baral</em></strong></span> <span class='ocrx_word' id='word_1_832' title='bbox 271 5786 330 5846; x_wconf 83' lang='lat' dir='ltr'><strong><em>Nou</em></strong></span> <span class='ocrx_word' id='word_1_833' title='bbox 346 5787 434 5845; x_wconf 89' lang='lat' dir='ltr'><strong><em>solum</em></strong></span> <span class='ocrx_word' id='word_1_834' title='bbox 457 5786 515 5862; x_wconf 87' lang='lat' dir='ltr'><strong><em>ipse</em></strong></span> <span class='ocrx_word' id='word_1_835' title='bbox 538 5783 668 5840; x_wconf 86' lang='lat' dir='ltr'><strong><em>Dominus</em></strong></span> <span class='ocrx_word' id='word_1_836' title='bbox 690 5791 717 5840; x_wconf 88' lang='grc' dir='ltr'><strong><em>ει</em></strong></span> <span class='ocrx_word' id='word_1_837' title='bbox 737 5790 819 5854; x_wconf 86' lang='lat' dir='ltr'><strong><em>caput</em></strong></span> <span class='ocrx_word' id='word_1_838' title='bbox 833 5799 897 5856; x_wconf 88' lang='lat' dir='ltr'><strong><em>pro·</em></strong></span> <span class='ocrx_word' id='word_1_839' title='bbox 948 5783 1042 5858; x_wconf 72' lang='lat' dir='ltr'><strong><em>Syrus.</em></strong></span> 
     </span>
    </p>
   </div>
   <div class='ocr_carea' id='block_1_19' title="bbox 0 0 1990 6324">
    <p class='ocr_par' dir='ltr' id='par_1_23' title="bbox 0 0 1990 6324">
     <span class='ocr_line' id='line_1_108' title="bbox 0 0 1990 6324; baseline 0 0"><span class='ocrx_word' id='word_1_840' title='bbox 0 0 1990 6324; x_wconf 95' lang='lat' dir='ltr'><strong><em> </em></strong></span> 
     </span>
    </p>
   </div>
  </div>
 </body>
</html>
