3967 6334
89 395 167 450 100⁹
472 401 502 457 ii.
523 401 605 459 ttuc.
628 403 798 462 ttttuoo't)
817 407 1117 502 oustutnttoa'us.
1138 442 1173 454 -
1193 413 1227 466 lai
1247 414 1311 472 tls.
1333 414 1356 471 l.
1665 424 1736 484 tuto

89 512 159 568 torti
181 512 312 582 quioniam
335 515 487 571 bonitatem
515 517 576 573 sine
600 517 731 576 bonitatis
756 519 1058 594 operibusAmajores
1073 525 1184 584 assidue
1198 526 1268 584 liunt
1281 539 1364 602 atque
1379 531 1524 592 drmiorss.
1547 533 1634 606 Cuius
1649 539 1689 594 rei
1704 539 1741 598 ad

89 600 251 658 babebunt‘t
274 603 303 657 in
326 603 450 676 gehenna
473 607 565 663 miuus
586 609 814 681 mali,quoniam
828 627 888 667 ma·
938 617 1143 687 expressionem
1169 617 1301 677 Dominus
1324 619 1415 690 iesus,
1439 627 1483 680 eui
1509 627 1575 682 niltil
1598 635 1641 684 est
1661 627 1742 686 dtttt·.

90 694 181 750 titiam
195 695 301 768 absque
323 698 435 755 malitiae
452 701 582 771 operibus
602 703 763 760 obtinebunt
774 705 787 760 l
799 703 889 777 Opera
939 709 1002 773 elle,
1018 717 1081 780 post
1095 711 1176 782 primi
1191 712 1399 770 suscitationem
1413 719 1533 784 ntortui,
1548 721 1669 792 reliquus
1683 723 1733 793 qui

89 787 181 853 bona,
197 791 329 860 quoniam
344 800 410 848 sunt
425 793 562 852 laboriosa
576 796 605 850 in
623 797 695 853 eoelo
713 813 769 853 uon
788 806 887 864 erunt,
940 800 1057 857 busdam
1087 802 1265 861 laettltatibus
1291 808 1466 878 generalibus
1491 812 1657 875 suscitavit,
1689 828 1739 883 qiu

90 883 210 953 nequid
223 882 363 940 lelieitatis
377 885 569 953 imminuatur,
585 896 613 944 et
627 891 758 960 quoniam
776 907 832 946 ιιοιι
846 897 890 947 est
941 894 1059 949 aliorum
1086 905 1184 968 praeter
1209 913 1313 954 risorem
1341 900 1483 955 bominum
1508 909 1586 959 tanta
1616 904 1742 960 bonitate

91 989 165 1045 opus
185 983 215 1030 ut
237 976 274 1030 ibi
291 977 419 1032 atteritum
439 987 582 1050 augeatur.
602 979 692 1054 Opera
716 983 782 1038 item
800 984 887 1049 naula,
942 984 1033 1042 adbuc
1048 986 1130 1042 etiam
1154 990 1300 1054 mortalis,
1323 991 1454 1061 quoniam
1478 991 1551 1048 idem
1574 1000 1634 1049 erat
1648 992 1738 1060 Deus,

90 1069 226 1139 quioniam
251 1076 316 1127 sunt
337 1073 420 1128 malis
442 1075 623 1144 voluptuosa,
649 1076 678 1130 iu
702 1075 812 1132 interno
833 1093 890 1134 uon
942 1077 1052 1133 videtur
1065 1080 1217 1144 enituisse,
1234 1088 1263 1135 ut
1285 1082 1412 1153 quantris
1423 1083 1528 1154 iugiter
1544 1083 1614 1141 bene
1634 1087 1738 1157 egerit,

91 1169 193 1226 erant,
224 1179 260 1218 ne
283 1179 338 1236 quo
362 1165 475 1221 miseria
507 1166 636 1224 tertiatur.
662 1167 777 1226 liabitas
801 1178 891 1227 tatnen
943 1162 1060 1220 bonitati
1075 1175 1167 1223 tamen
1182 1169 1243 1240 ejus
1257 1169 1327 1224 nibil
1343 1173 1503 1227 accreverit.

92 1255 208 1322 mentis,
223 1255 251 1310 id
265 1262 308 1312 est
322 1256 428 1311 malitia
441 1258 482 1314 rel
503 1258 612 1315 bonitas
630 1262 743 1326 sordis,
761 1264 892 1333 quioniam
979 1253 1043 1310 ttatt
1059 1259 1086 1312 in
1102 1257 1212 1316 interno
1227 1261 1298 1316 stitis
1314 1268 1341 1316 et
1355 1261 1459 1332 ignium
1473 1263 1666 1318 contrarietate
1679 1279 1740 1320 eru·

92 1347 205 1403 ridetur
223 1356 291 1406 tune
310 1351 567 1417 consummandos,
582 1352 651 1407 nibil
670 1355 763 1410 suiuus
784 1354 893 1413 videtur
943 1352 1026 1418 etati,
1042 1354 1173 1423 quottium
1187 1355 1237 1410 etit
1253 1365 1353 1424 tempas
1371 1371 1461 1409 eorum
1477 1356 1504 1410 io
1520 1357 1620 1412 seculo
1640 1355 1737 1430 (Paul.

92 1447 164 1494 tune
179 1440 287 1510 rigere,
302 1456 385 1513 quam
401 1442 424 1497 si
440 1442 518 1498 tieret
532 1451 563 1499 ut
577 1458 667 1517 opus;
684 1447 815 1516 quoniam
829 1464 894 1520 per-
944 1459 1033 1509 trux,
1049 1445 1115 1517 to),
1142 1447 1248 1502 nullum
1273 1447 1387 1502 amitino
1405 1447 1556 1506 retnedium
1577 1449 1738 1520 sperabunt.

94 1530 170 1586 tecta
180 1532 309 1588 uoluntas
323 1531 440 1589 faciendi
454 1542 599 1607 reputatur
613 1551 663 1608 pro
676 1553 759 1608 opere
773 1537 847 1596 laeti.
860 1539 894 1596 tlt
945 1537 1014 1592 Bmti
1035 1552 1154 1610 quorum
1173 1539 1344 1595 incessanter
1365 1539 1457 1595 adesse
1477 1538 1604 1609 sesumam
1624 1550 1741 1611 temporo

93 1623 165 1680 item
178 1625 312 1696 quoniam
328 1624 401 1682 lleus
416 1643 505 1698 usque
523 1629 593 1684 adeo
607 1630 752 1688 bonusest
770 1634 797 1688 in
815 1650 846 1690 se
865 1642 894 1689 ut
947 1627 1041 1700 iveti·
1058 1644 1152 1694 init·
1177 1629 1243 1700 55).
1264 1631 1337 1686 sieut
1355 1645 1451 1686 eorum
1469 1645 1587 1701 quorum
1607 1631 1658 1688 etii
1677 1645 1742 1700 por·

94 1717 197 1773 melior
210 1717 269 1774 lieri
281 1727 400 1790 nequeat
414 1736 446 1777 ex
460 1722 622 1792 operatione
634 1741 641 1790 ;
653 1725 774 1782 urtiversi
785 1743 896 1800 quoque
947 1721 1066 1789 tieipatia
1086 1722 1113 1774 io
1127 1720 1243 1791 idipsum
1258 1719 1352 1792 (Psoi.
1369 1737 1451 1788 cust,
1470 1723 1500 1794 ὅ)
1513 1763 1520 1787 t
1537 1723 1644 1778 nullum
1659 1723 1738 1778 tinto·

95 1807 170 1864 tanti
186 1809 215 1864 iu
228 1809 323 1865 tuturo
338 1810 469 1867 uidentur
482 1813 511 1867 in
525 1829 577 1870 suo
591 1821 665 1870 statu
682 1815 767 1872 tutari
781 1826 811 1872 ut
826 1818 894 1874 niiail
945 1813 1016 1868 bunt
1032 1829 1142 1877 casum,
1159 1813 1231 1884 apud
1247 1829 1317 1885 quos
1333 1814 1407 1869 aliod
1422 1821 1449 1870 et
1464 1814 1537 1870 aliud
1552 1831 1606 1871 non
1620 1815 1741 1872 inueniet

94 1901 262 1956 inerementi
277 1900 403 1957 videatur
417 1901 477 1958 dari
491 1920 527 1959 ex
542 1905 767 1975 superadditione
781 1923 894 1980 operan-
908 1915 930 1972 Β
944 1905 1051 1970 loeum,
1067 1906 1200 1977 quoniam
1220 1908 1407 1978 perseverabit
1422 1907 1581 1979 inidipsum
1596 1927 1602 1963 :
1620 1909 1702 1979 tuisse
1715 1917 1741 1963 et

95 1992 138 2050 di.
155 1993 237 2049 llodo
249 2001 341 2050 aarum
352 1997 452 2052 merito
465 2011 581 2068 operum
595 2000 731 2054 bonorum
747 2007 795 2055 aut
805 2001 894 2056 rnalo-
945 1999 1066 2070 t'utorom
1080 2015 1232 2056 essonemo
1248 2000 1330 2056 dubie
1344 2002 1416 2056 inter
1429 2016 1479 2057 eos
1492 2001 1605 2071 cogitet,
1623 2000 1671 2056 sed
1685 2015 1746 2058 ease,

96 2101 182 2150 marn,
198 2086 315 2142 interior
328 2087 453 2154 bonitas,
470 2097 518 2144 aut
531 2090 636 2145 malitia
651 2092 753 2148 cressit
766 2098 794 2147 et
809 2091 892 2147 robo-
946 2099 1054 2148 tantum
1082 2093 1251 2163 admiretur3
1273 2097 1404 2165 quoniam
1425 2094 1462 2150 ibi
1484 2095 1552 2150 nibil
1575 2093 1739 2165 praeteribit.

97 2187 189 2236 ratur.
211 2178 327 2237 liabitas
347 2181 421 2236 enim
436 2184 538 2239 mentis
551 2199 584 2238 er
600 2198 629 2240 se
645 2199 728 2255 opera
748 2183 854 2256 protert
866 2193 893 2240 et
945 2185 1014 2242 nibil
1031 2193 1177 2242 ventarum
1194 2188 1257 2245 erit.
1272 2187 1351 2255 Quod
1366 2190 1440 2246 euim
1455 2189 1491 2244 ibi
1507 2197 1565 2254 est,
1580 2203 1688 2260 semper
1703 2189 1744 2243 ita,

96 2287 151 2345 per
163 2287 200 2350 ea
217 2272 356 2330 bominem
372 2291 461 2346 usque
478 2276 506 2330 in
525 2291 664 2331 summum
685 2277 827 2349 provehit,
846 2285 893 2332 aut
946 2294 1009 2335 esse
1024 2294 1138 2336 necesse
1155 2288 1208 2337 est.
1225 2279 1304 2353 Apud
1323 2281 1428 2338 inieras
1448 2289 1604 2352 temporum
1622 2281 1741 2336 uarietas

97 2367 129 2421 iu
145 2364 314 2438 protundum
328 2369 459 2424 uitiorum
473 2370 617 2442 demergit.
629 2368 695 2426 lnde
706 2378 748 2425 est
767 2370 840 2440 quoi
855 2370 897 2426 ui·
947 2371 1132 2443 intelligatur,
1162 2373 1208 2429 ubi
1235 2381 1435 2430 tormentorum
1464 2374 1604 2430 mutabilis
1630 2373 1741 2429 miseria

94 2459 148 2518 tiis
166 2467 194 2518 et
210 2460 483 2527 uirtutibusdeditt,
505 2478 557 2519 suo
574 2463 692 2535 quisque
705 2463 733 2521 iu
758 2463 898 2535 proposito
949 2465 1147 2534 perseverabit.

144 2827 170 3014 ἢ
277 2784 456 2862 ²⁸⁹²⁹¹
482 2821 576 2974 n.
620 2801 1557 2981 uuuoutsuttuuouu

100 3121 380 3221 nonnum
409 3088 842 3252 nuuuummm,
875 3122 1404 3222 uouenuetrtoms
1434 3125 1483 3220 s.
1512 3125 1737 3260 ιιιιιιιι,

306 3321 309 3326 ’
622 3357 1213 3482 oasuuvtutonus

212 3621 292 3776 ii
351 3615 556 3775 tlttt
605 3608 1063 3770 stlttlltttttttt
1125 3612 1370 3772 bilbili
1427 3617 1626 3774 libbi.

598 4038 673 4128 to
711 4033 943 4130 utuuutt
984 4033 1288 4176 nutriunt„

418 4249 534 4307 CAPUT
554 4247 597 4306 lli.
912 4246 1126 4319 cgitatauetor
1142 4260 1202 4301 eam
1223 4243 1343 4306 Svmbuli
1369 4244 1587 4315 explanationem
1609 4257 1670 4314 qum
1691 4243 1742 4302 ba-

952 4326 1050 4373 etenus
1062 4318 1132 4372 inter
1143 4331 1225 4386 opera
1241 4306 1272 4370 il.
1295 4315 1450 4387 Hieronymi
1472 4314 1663 4370 eireumlertm·
1680 4317 1746 4374 sub.

81 4409 86 4416 ’
143 4389 244 4454 Mans
260 4386 587 4459 testamenmentum
608 4400 650 4439 rea
673 4384 755 4455 gigatit
781 4382 809 4437 iti
831 4382 900 4454 qatod
952 4389 1075 4443 tituloex
1097 4388 1243 4442 tonationis
1261 4385 1381 4458 Symbuli
1403 4385 1438 4466 ad
1466 4384 1635 4467 llamasum:
1657 4401 1739 4470 quatu

105 4466 115 4477 ⁴
135 4479 169 4517 so
181 4477 237 4523 ert‚·
251 4476 271 4516 e.
282 4475 331 4514 otta
345 4475 451 4529 equom,
467 4457 544 4512 latmo
555 4456 696 4519 bantinem,
709 4456 779 4509 beas
805 4453 898 4510 Denta.
951 4461 1049 4514 merito
1092 4459 1167 4514 arius
1181 4455 1340 4512 Victorinus
1352 4457 1447 4526 rejecit
1470 4473 1498 4511 ιιι
1518 4457 1647 4528 angulum
1668 4463 1740 4514 tuter

100 4575 114 4589 .
134 4532 216 4587 lludit
226 4477 364 4586 Puilusad
378 4528 499 4584 liuttebu
522 4529 604 4584 ustini
619 4528 720 4588 lotum,
735 4534 801 4580 toto.
814 4523 848 4590 li,
862 4525 900 4582 lle
951 4527 1053 4586 illei-on
1075 4529 1111 4582 mi
1126 4529 1219 4584 notba.
1235 4526 1264 4584 ln
1279 4544 1311 4583 ea
1324 4535 1414 4583 autem
1425 4528 1465 4583 sie
1482 4528 1598 4610 babetur
1609 4526 1643 4583 ad
1662 4543 1741 4584 men-

100 4604 204 4660 verbis
218 4601 367 4656 llominiin
395 4544 525 4672 Evangei.
552 4598 676 4670 loannis,
706 4611 833 4653 sermone
853 4597 899 4664 51,
951 4607 1005 4655 tem
1018 4545 1242 4670 232auetoris.
1261 4597 1525 4680 Noneaimnommt
1546 4599 1738 4664 tantummodo,

102 4675 158 4731 ulai
174 4675 271 4745 probat
284 4688 332 4728 eos
346 4671 475 4742 injuriam
496 4670 598 4727 interae
615 4667 693 4727 Pristi
712 4676 825 4732 aeterno,
851 4669 900 4734 otti
950 4670 996 4725 sed
1017 4671 1153 4725 storatianum
1176 4670 1256 4726 etium
1276 4670 1464 4739 proprietates,
1487 4667 1515 4724 ai
1538 4679 1576 4724 eat
1598 4685 1739 4738 persuasos:

101 4745 212 4804 Filium
224 4745 286 4810 ejus
304 4742 640 4813 consubstantialemmeg
660 4739 698 4794 itt.
723 4737 753 4793 Si
765 4754 825 4811 erpo
851 4737 900 4793 tt·-
951 4742 1001 4805 oel,
1016 4751 1044 4796 ut
1060 4740 1151 4796 Groui·
1165 4742 1326 4810 capriatam,
1341 4739 1505 4812 lappostuses,
1519 4740 1567 4796 boo
1586 4751 1626 4796 ost
1651 4742 1741 4798 sulti·

103 4817 165 4874 iius
176 4815 288 4872 ulterius
302 4813 460 4869 substantioe
478 4822 519 4866 eut
537 4755 726 4884 ammiates,
752 4821 900 4866 monstrum
951 4815 1074 4875 steatioa,
1089 4813 1260 4892 eonfitetuttr,
1425 4881 1430 4894 ι

46 4885 51 4894 ’
100 4898 217 4960 generat
232 4886 324 4943 Pater.
339 4883 453 4951 Quartae
464 4884 533 4938 enim
544 4892 676 4945 creatora,
692 4878 772 4934 idest
793 4882 899 4946 nauiter,
987 4883 1088 4940 Verum
1104 4898 1154 4938 rtee
1171 4899 1186 4937 a
1203 4881 1366 4954 Hieronymo
1378 4886 1520 4952 scriptam,
1532 4896 1582 4936 nee
1597 4881 1631 4937 ad
1641 4880 1741 4965 Dama.

100 4955 265 5029 puritpoad
279 4965 377 5016 nonest
390 4955 479 5017 bomo,
494 4962 642 5010 naonatrom
665 4951 773 5007 dicitur.
793 4949 827 5007 iit
850 4970 901 5006 ort·
951 4954 1148 5020 summissam,
1169 4952 1233 5008 bine
1251 4955 1319 5009 satis
1330 4961 1452 5024 apparet,
1475 4952 1548 5022 qttod
1569 4952 1745 5024 Augustanus

103 5041 166 5086 tem
182 5029 282 5088 nonsit
296 5036 454 5089 nronstrnm,
469 5025 518 5082 bor
532 5033 571 5079 est
590 5025 636 5096 poi
664 5031 743 5077 notos
768 5023 901 5094 meguod
950 5041 1011 5082 eam
1023 5033 1116 5096 aperte
1131 5024 1230 5080 tribuit
1244 5024 1372 5080 haeretico
1386 5023 1506 5094 Pelagio,
1521 5039 1576 5078 non
1589 5027 1622 5077 att
1642 5023 1740 5078 Dama-

102 5111 151 5158 est
162 5099 261 5169 ittepui
274 5095 669 5168 genuit,idestiaoaroetltomo,
709 5110 758 5148 uus
772 5103 797 5147 et
807 5111 900 5166 egatus,
952 5093 1739 5179 sun1‚sedadtnnoeentmmpapamsertoenthtceotm.

102 5168 237 5228 colurnio
247 5178 272 5224 et
287 5169 423 5229 eolumoot
436 5183 529 5238 poster
541 5176 566 5220 et
578 5181 680 5234 passer.
705 5174 731 5219 ta
744 5165 827 5220 etiam
840 5165 903 5237 Epi·
952 5183 1013 5238 eap.
1026 5169 1071 5230 bil,
1085 5166 1103 5222 i.
1118 5166 1156 5224 lle
1170 5167 1258 5240 gratia
1268 5167 1382 5224 illusisti.
1400 5165 1559 5248 Pelopiuslet
1574 5167 1677 5248 litteras
1690 5181 1740 5220 ηιι-

103 5243 233 5315 pbauius
248 5241 345 5296 haeresi
359 5241 402 5301 to,
414 5255 490 5293 num.
509 5239 535 5294 6.
558 5235 776 5293 Filiumonmino
799 5239 900 5306 petiuit,
951 5256 1008 5311 per,
1025 5247 1050 5292 et
1064 5238 1183 5293 libellum
1202 5237 1313 5292 Rolnam
1328 5237 1390 5308 fidei
1409 5236 1739 5302 spumantemamnem

103 5314 175 5386 fieri
189 5329 242 5366 non
257 5311 417 5382 potestqoin
443 5309 520 5364 Patri
538 5309 574 5364 sit
597 5308 707 5379 equalis
734 5324 766 5362 oo
790 5309 899 5365 similis.
952 5311 1035 5365 deute
1048 5310 1180 5364 aremorite
1191 5325 1286 5380 papam
1301 5306 1482 5364 innocentium
1493 5323 1569 5380 quem
1587 5307 1740 5390 defunctum

104 5382 251 5454 Quidquid
264 5383 336 5438 enim
347 5381 441 5454 piguit,
456 5378 606 5436 ailisirniie
626 5380 725 5450 pipant:
746 5395 792 5433 nee
814 5380 901 5435 solum
951 5397 1008 5437 esse
1021 5379 1159 5436 nesciebat.
1175 5380 1242 5451 Cap.
1259 5386 1350 5435 aarum
1361 5378 1410 5446 iffi
1426 5385 1453 5435 et
1463 5395 1521 5449 seu.
1535 5379 1659 5450 quamdam
1674 5385 1746 5462 citat

104 5455 212 5518 simite,
226 5453 271 5508 sed
288 5455 328 5508 ito
339 5470 361 5507 oe
380 5453 450 5513 uate,
467 5460 496 5504 ut
509 5452 546 5506 sit
559 5449 628 5504 idem
639 5464 648 5502 .·
659 5466 721 5504 ιιιιιιι
745 5449 824 5504 tronto
853 5449 902 5506 lto·
952 5453 987 5508 de
998 5451 1050 5506 boe
1062 5449 1162 5522 Pelagii
1176 5452 1277 5518 libello,
1294 5465 1356 5521 quae
1377 5449 1411 5506 tle
1428 5451 1512 5506 rerbo
1529 5450 1689 5507 adverbum
1711 5465 1740 5506 ιιι

104 5528 212 5584 maiman
227 5535 343 5595 generat,
362 5471 431 5578 item
443 5521 538 5577 Deoia.
560 5519 664 5575 Similia
675 5520 778 5591 proteat
800 5523 906 5579 iterum⁴
952 5539 986 5580 ea
1011 5523 1139 5594 leguntur
1151 5523 1268 5593 exposit,
1283 5519 1452 5577 Crediderim
1464 5527 1557 5578 tamen
1568 5522 1675 5604 Pallam
1689 5535 1740 5590 pa·

103 5598 297 5669 Augustinus,
320 5595 413 5650 bomil.
438 5593 484 5657 tt,
503 5593 575 5648 inter
597 5592 632 5646 tu
651 5611 658 5646 ι
680 5591 741 5647 vide
769 5593 1027 5673 praeten‘aaflltlieo
1054 5594 1097 5649 sui
1121 5595 1253 5665 temporis
1284 5607 1378 5648 errore
1401 5592 1537 5658 delusum,
1566 5593 1744 5675 existimatae

103 5671 186 5727 libro
200 5683 221 5725 tt
234 5673 330 5722 eontra
343 5663 495 5729 blasiano,
507 5679 533 5718 e.
548 5663 584 5730 ὃς
608 5661 751 5734 Cyrillum,
768 5663 817 5718 l.x
833 5662 901 5718 Tire·
954 5665 1026 5723 bano
1036 5663 1097 5720 utet
1106 5665 1286 5736 paraphrasin
1297 5663 1480 5719 indubitatum
1500 5678 1561 5721 esse
1583 5660 1739 5744 Hieronymi

104 5741 201 5804 sauri,
215 5746 243 5795 et
253 5739 273 5792 1.
286 5752 305 5791 ιι
320 5735 436 5792 inloan.
954 5735 1051 5800 letum,
1062 5737 1107 5792 eui
1118 5735 1176 5806 jam
1191 5743 1254 5793 ante
1265 5735 1356 5794 Caroli
1366 5732 1455 5804 ilagai
1469 5741 1576 5816 ειιιιειιι
1591 5737 1739 5818 ascriptum

148 5809 266 5868 urtttst
280 5809 308 5864 io
325 5807 457 5864 Trimtote
474 5805 663 5868 uertentieom,
679 5822 731 5860 ιιιιιι
743 5805 828 5861 sotum
855 5821 904 5859 no·
953 5806 1058 5869 videas.
1073 5813 1263 5865 utooustatex
1278 5807 1334 5864 iilis
1356 5805 1395 5866 oe
1419 5807 1678 5890 imoptuiiottlrbrts
1690 5811 1739 5876 qui

108 5880 297 5949 abramiri
311 5880 447 5936 mininam
458 5877 629 5948 proprietates
647 5875 811 5948 eonfitemur.
829 5873 902 5932 indi·
954 5875 1542 5950 predictodarolotribuuutur.insumptam
1556 5883 1638 5934 ettam
1647 5875 1743 5946 bugu·
1788 5903 1790 5916 ι
