3967 6334
70 411 122 469 ιιι
519 399 552 456 tn
571 397 671 458 unns
690 397 737 454 nx
756 394 927 466 ounrron
947 393 1048 450 rouen
1067 378 1229 450 rnnrrusj
1656 395 1709 454 ses

70 523 190 582 mittitur
212 522 242 578 in
266 519 419 578 exteriores
433 516 621 576 tenebres'rel
643 516 798 589 gentilium,
822 516 866 571 rel
880 520 903 578 Α
916 514 990 586 qnod
1004 529 1054 587 pro
1067 513 1163 572 decem
1177 513 1297 570 nummis
1312 513 1533 587 computabatur,
1550 522 1578 573 et
1593 515 1711 575 babebat

68 617 237 678 iudeorum,
260 613 303 670 rel
327 611 530 668 hereticorum.
553 609 587 665 Et
613 609 729 666 lorsitan
752 607 865 679 propin·
914 607 1062 678 imaginem
1076 607 1203 665 cenans.

69 722 180 780 quiores
192 713 260 762 sunt
271 705 393 762 tenebre
403 702 558 776 gentilium,
569 702 617 774 qui
630 702 773 758 ueritatem
787 715 865 771 sper·
951 697 1213 755 resitutionem:
1227 698 1310 770 Cujus
1330 709 1369 756 est
1389 699 1444 756 duo
1467 702 1554 774 inrogo
1571 711 1597 756 et
1614 717 1709 772 snper·

68 806 137 854 nunt
149 813 235 870 quam
248 812 306 853 nou
319 795 482 862 audierunt;
494 795 645 852 exteriores
654 801 747 850 antem
756 791 865 850 ludeo·
915 792 1023 861 smiptrb
1032 794 1045 848 ,⁹
1054 792 1153 848 Dicunt
1165 793 1191 847 ei
1205 808 1215 845 .·
1229 791 1356 850 dosoris.

69 907 139 956 nrm,
154 891 204 963 qui
217 905 274 946 non
286 888 578 959 credideruut3magis
590 888 743 944 exteriores
757 886 866 942 baereti·
949 883 1103 956 luterrogat
1125 900 1180 939 non
1205 884 1347 957 ignorans,
1372 884 1420 941 sed
1445 891 1475 940 ut
1500 884 1534 940 ad
1554 899 1709 942 sermonem

69 997 177 1046 cornus,
190 981 239 1052 qui
252 979 420 1036 didicerunt.
438 977 519 1034 bludo
533 976 681 1032 mittuntur
693 977 723 1032 in
735 975 866 1032 tenebras
915 990 1011 1034 eorum
1032 981 1219 1046 competenter
1232 977 1421 1050 responderet.
1435 976 1575 1034 Tiberium
1590 977 1641 1034 sub
1655 993 1710 1049 qno

69 1074 232 1138 exteriores,
242 1078 338 1144 poster
346 1070 486 1142 patientur
496 1068 625 1125 detumet
641 1067 788 1126 stridorem
795 1065 864 1122 den·
916 1081 1016 1138 passus
1029 1075 1071 1124 cst
1085 1066 1228 1136 Dominus,
1244 1068 1398 1140 privignum
1414 1068 1541 1140 Augusti,
1555 1069 1651 1126 dicunt
1665 1071 1710 1126 bie

70 1167 147 1223 tium.
916 1159 1063 1228 Caesarem,
1079 1160 1126 1232 qui
1149 1161 1177 1216 in
1198 1162 1260 1218 loco
1287 1161 1378 1218 uitrici
1402 1171 1585 1220 successerat.
1607 1163 1710 1221 Omnes

336 1255 452 1314 CAPUT
478 1251 597 1312 cxxvi.
916 1259 1007 1308 antem
1023 1267 1102 1325 reges
1119 1251 1237 1310 Romani
1259 1269 1275 1309 a
1296 1253 1363 1312 Caio
1382 1254 1492 1312 Caesare
1504 1255 1550 1327 qui
1566 1253 1711 1328 imperinm

252 1414 255 1421 Ι
328 1369 378 1418 223
507 1364 554 1416 150
656 1361 703 1411 qqg
917 1344 1082 1414 arripuerat,
1097 1343 1221 1402 Caesares
1237 1345 1365 1418 appellati
1380 1355 1454 1403 sunt.

228 1388 293 1476 M·
345 1443 364 1478 ιι
457 1448 470 1473 ο
589 1381 621 1469 L
709 1442 721 1467 ο
953 1436 1428 1511 ronenitiiiisffleddneerqoqnn
1445 1438 1633 1496 suntCoesoris
1653 1439 1713 1498 Gu-

104 1537 181 1592 Tunc
194 1536 319 1592 uisurus
331 1535 475 1598 Pderiscei,
490 1531 631 1588 eonsilium
645 1529 760 1584 inierunt
774 1535 803 1580 ut
818 1541 865 1579 co·
916 1527 990 1594 sori,
1007 1536 1034 1583 et
1043 1544 1102 1599 quoe
1116 1538 1177 1584 sunt
1192 1529 1251 1596 bet,
1266 1529 1331 1586 Deo.

70 1638 158 1698 perent
174 1629 278 1682 eumin
292 1642 421 1684 merone.
436 1618 783 1690 Etmittunteidisoipulos
803 1633 866 1672 tuot
952 1619 1072 1678 Censoris
1101 1628 1166 1678 sunt
1195 1623 1301 1678 nummi
1322 1623 1474 1690 tributum,
1505 1625 1638 1697 pentima
1663 1623 1709 1682 bei

70 1737 126 1774 enin
144 1717 323 1784 Herodionis,
348 1717 490 1774 dicentes:
513 1713 655 1786 llogister,
681 1712 781 1766 scimus
802 1709 867 1781 quio
917 1725 984 1768 uero
1008 1719 1072 1770 sunt
1093 1711 1216 1778 decimae,
1239 1712 1377 1784 primitie,
1401 1714 1563 1772 oblationes.
1586 1715 1619 1769 Et
1641 1715 1714 1772 sieut

70 1827 201 1873 resones,
216 1819 243 1866 et
256 1809 327 1864 num
341 1808 392 1864 liei
405 1808 434 1862 in
447 1806 558 1862 ueritate
566 1805 655 1870 doces,
667 1813 692 1860 et
705 1818 758 1858 non
767 1811 807 1858 est
818 1801 867 1855 tili
918 1801 1011 1859 Caesar
1033 1803 1119 1875 exigit
1141 1804 1351 1875 impressionem
1377 1821 1433 1863 suae
1454 1806 1593 1879 imaginis,
1618 1808 1659 1864 sic
1684 1815 1713 1864 et

70 1920 133 1958 osro
143 1903 180 1958 de
190 1902 290 1973 oliquo.
302 1899 365 1956 Non
371 1901 441 1956 enint
452 1898 561 1970 respiois
571 1895 865 1970 personomltontinunt.
882 1863 992 1954 BDens
1006 1897 1125 1952 animam
1140 1898 1343 1956 lumiuevultus
1354 1900 1397 1956 sni
1408 1901 1554 1972 signatum.
1567 1900 1711 1976 [desnos]

105 1988 234 2064 [Rusio]
265 1990 326 2048 Non
357 1990 441 2049 times
471 1990 612 2063 praelatam
634 2000 793 2060 personam,
819 1984 868 2041 sed
918 1984 988 2041 Cum
1010 1985 1094 2058 igitur
1107 1987 1161 2042 alia
1173 1987 1212 2044 sit
1225 1989 1316 2062 imago
1330 1988 1389 2055 Dei,
1403 1991 1456 2046 alia
1469 1991 1576 2057 mundi,
1592 1991 1616 2048 si
1630 1990 1713 2050 cirri·

69 2097 146 2154 mque
165 2083 241 2140 dieis
260 2083 405 2139 veritatem
423 2081 578 2154 majoribus
588 2087 617 2137 et
629 2079 794 2136 minoribns.
810 2077 869 2133 bln-
919 2083 979 2133 stus
1003 2091 1059 2132 non
1080 2075 1176 2132 babuit
1199 2075 1346 2149 imaginem
1372 2077 1499 2147 Caesaris,
1524 2094 1575 2136 cnr
1599 2095 1714 2138 censum

69 2177 190 2246 gistrum
211 2183 313 2231 roearn
332 2182 358 2230 et
373 2189 510 2240 resecem,
526 2181 557 2230 ut
570 2173 650 2245 quasi
663 2172 792 2229 laudatus
806 2187 868 2244 my»
918 2167 1015 2225 dedier
1028 2166 1088 2225 Non
1103 2167 1137 2225 de
1150 2183 1202 2227 suo
1217 2169 1303 2236 dedit,
1319 2170 1367 2227 sed
1382 2170 1485 2228 mundo
1500 2170 1619 2230 reddidit
1638 2174 1714 2246 qnod

68 2269 186 2323 sterium
209 2268 304 2324 cordis
317 2267 363 2324 sui
379 2266 544 2340 simpliciter
564 2267 607 2324 eis
628 2266 744 2338 aperiat,
765 2279 870 2336 eosque
918 2265 978 2315 erat
990 2259 1096 2316 mundi.
1111 2259 1145 2314 Et
1159 2261 1183 2318 si
1196 2268 1226 2316 ιιι
1240 2276 1297 2316 non
1310 2261 1352 2317 ris
1366 2262 1502 2320 obnoxius
1516 2279 1578 2322 esse
1598 2262 1713 2330 Caesari,

71 2360 133 2415 uelit
156 2359 265 2418 babere
285 2359 449 2432 discipulos.
474 2358 528 2416 Per
549 2357 724 2416 Herodianus
748 2357 870 2429 intellige
918 2349 976 2406 nuli
991 2350 1094 2408 babere
1109 2367 1170 2423 quae
1184 2362 1249 2410 sunt
1261 2353 1367 2410 mnndi.
1387 2351 1441 2412 Sed
1455 2355 1479 2412 si
1493 2355 1712 2425 babesdiritias,

71 2453 200 2524 gentiles,
214 2451 319 2509 ilerodi
332 2451 481 2509 tctrnrcbae
498 2451 547 2521 qui
569 2449 704 2508 loannem
722 2449 870 2508 decollavit
919 2442 1055 2500 obnoxius
1078 2443 1181 2502 Caesari
1196 2461 1236 2503 es.
1255 2445 1285 2502 Si
1299 2446 1342 2504 vis
1369 2454 1479 2504 terreno
1501 2449 1559 2520 regi
1572 2448 1643 2505 nibil
1661 2449 1712 2508 de·

71 2543 250 2610 famulantes,
274 2545 333 2600 sire
351 2544 398 2600 alii
418 2541 522 2600 llerodi
540 2541 679 2615 Antipatri
699 2541 766 2599 lilio.
783 2540 870 2609 Quale
920 2536 997 2602 bere,
1013 2539 1106 2594 omnia
1119 2547 1165 2594 tna
1174 2538 1309 2612 relinque,
1322 2539 1463 2597 Christum
1473 2555 1598 2613 sequere,
1607 2549 1635 2597 et
1644 2541 1715 2599 bens

71 2637 232 2703 eonsilium,
254 2636 324 2693 tales
346 2644 376 2693 et
393 2635 597 2692 consiliatores.
618 2633 783 2708 Cogitabam
797 2633 870 2706 apud
920 2632 998 2704 prius
1022 2647 1084 2703 quae
1106 2632 1225 2691 cesaris
1246 2641 1311 2691 sunt
1334 2633 1474 2692 reddenda
1498 2634 1625 2692 decerne.
1652 2634 1715 2692 Non

69 2743 100 2792 se
112 2727 298 2784 sacerdotes:
314 2724 416 2784 Omnes
428 2727 521 2784 sciunt
534 2727 600 2798 quia
614 2725 719 2782 inimici
738 2726 799 2798 ejus
821 2741 871 2784 eu·
919 2723 994 2781 enim
1018 2731 1110 2796 potest
1130 2741 1193 2784 esse
1215 2727 1279 2799 quis
1301 2725 1421 2794 Domini,
1438 2726 1493 2787 nisi
1507 2729 1586 2804 prius
1610 2729 1714 2787 mundo

70 2835 140 2882 mus,
152 2827 184 2876 et
196 2819 374 2875 inimicorum
383 2818 585 2885 testimoninm,
594 2817 704 2875 etiamn
717 2833 811 2876 rerum
821 2817 868 2884 sit,
919 2815 1129 2874 renuntiaverit.

71 2912 249 2983 reprobatur.
265 2909 406 2985 [emim]
419 2909 454 2966 rt
467 2911 530 2968 ideo
542 2926 592 2982 per
601 2910 708 2982 seipsos
717 2925 775 2966 non
783 2911 871 2968 inter·
956 2906 992 2962 Et
1005 2908 1141 2966 audientes
1153 2911 1245 2968 mirati
1256 2922 1327 2980 sunt,
1343 2921 1369 2970 et
1381 2914 1471 2971 relicto
1485 2932 1526 2984 eo,
1542 2915 1673 2972 obierunt.

69 3011 165 3075 rogant
183 3021 192 3058 ι
209 3017 275 3058 nam
289 3002 420 3060 inimicus
435 3001 600 3059 manilestus
611 3003 767 3058 meliorest
786 3016 870 3073 qnam
957 2998 1080 3076 [Hicin]
1096 3001 1165 3059 Cum
1176 3003 1268 3078 potius
1281 3006 1393 3065 credere
1415 3007 1557 3075 deberent,
1581 3009 1716 3067 recedunt

69 3086 176 3152 amicus
192 3095 292 3152 lictus:
304 3094 414 3151 facilius
427 3095 512 3159 enim,
532 3092 599 3149 dum
614 3093 738 3160 timetur,
753 3093 868 3151 uitetur.
920 3092 1064 3161 mirantes,
1080 3095 1144 3166 quin
1158 3111 1214 3152 nou
1224 3097 1325 3156 babent
1336 3101 1459 3157 tentandi
1471 3103 1572 3158 locum.
1581 3101 1631 3158 Est
1640 3102 1716 3160 enirn

70 3187 208 3244 lliseruut
231 3202 299 3259 ergo
310 3181 476 3258 [discipulos
504 3199 571 3244 snos
600 3201 666 3242 eum
698 3185 870 3257 interrogare
882 3208 906 3272 ο
919 3191 999 3240 entra
1012 3187 1152 3257 querelam
1166 3189 1284 3261 injurie,
1299 3189 1401 3248 Caesari
1414 3193 1492 3250 reddi
1504 3193 1578 3264 qnod
1598 3194 1716 3252 Caemris

68 3281 147 3352 quasi
159 3280 260 3338 minus
270 3287 426 3352 suspectos,
439 3287 471 3336 ut
481 3287 531 3335 aut
542 3293 607 3336 enm
618 3277 781 3335 abscondite
794 3277 870 3334 deci·
921 3285 982 3346 est;
996 3277 1053 3335 Deo
1066 3288 1158 3338 auteur
1172 3297 1234 3354 quse
1246 3283 1307 3354 ejus
1319 3285 1430 3356 propria
1444 3294 1509 3342 snut
1528 3285 1644 3343 reddere
1663 3301 1715 3346 nos

68 3381 174 3446 premi,
204 3379 256 3431 aut
278 3372 443 3444 deprehensi
466 3372 558 3429 minus
581 3371 788 3428 erubescerent.
814 3368 871 3426 Sed
920 3379 1060 3441 oportere,
1072 3371 1199 3432 videlicet
1211 3390 1322 3447 corpus,
1339 3377 1469 3444 enimam,
1481 3377 1716 3435 uoluntatem.tib

68 3465 200 3536 discipuli
230 3479 313 3534 pares
341 3471 422 3520 erant
445 3463 587 3536 magistris
610 3463 669 3520 suis
695 3462 726 3518 in
751 3461 869 3527 malitia,
921 3473 956 3516 co
970 3461 1045 3518 enim
1060 3461 1119 3518 btec
1132 3471 1160 3518 et
1174 3464 1309 3536 originem
1325 3473 1352 3522 et
1366 3465 1521 3538 proiectum
1535 3475 1658 3525 sumunt.

68 3557 198 3628 quamvis
213 3563 294 3614 atate
315 3558 448 3614 minores.
470 3555 540 3612 llam
562 3563 591 3612 et
610 3555 678 3628 pulli
701 3555 871 3626 serpentium
1186 3559 1301 3618 CAPUT
1320 3559 1449 3619 cxxvii.

69 3657 174 3707 statura
200 3658 269 3706 sunt
288 3649 441 3716 breuiores,
461 3665 569 3706 veneno
585 3655 678 3705 antem
697 3649 827 3720 equales,
842 3653 871 3704 et
958 3650 992 3707 ln
1005 3651 1054 3708 illo
1068 3652 1111 3709 die
1125 3662 1291 3710 coemerunt
1308 3654 1417 3712 odeum
1434 3655 1586 3725 sadducei,
1608 3661 1654 3731 qui
1673 3661 1715 3716 di-

68 3743 150 3796 cntuli
167 3743 301 3812 luporum
316 3740 407 3797 adbuc
420 3741 525 3805 mrtem,
541 3740 596 3798 etsi
616 3741 712 3796 uersari
731 3755 787 3796 non
802 3753 868 3811 pos-
921 3753 984 3798 ount
997 3761 1050 3800 non
1060 3761 1118 3800 esse
1129 3747 1356 3812 resurrectionem,
1376 3756 1402 3803 et
1415 3748 1643 3823 interrogaverunt
1655 3767 1715 3807 eum

68 3839 142 3901 sunt,
154 3833 284 3905 gaudent
305 3840 399 3890 tamen
422 3832 451 3888 in
473 3833 607 3904 sanguine
625 3838 653 3887 et
667 3831 816 3890 morsibus.
831 3831 871 3888 lie
920 3830 1037 3888 dieentes
1050 3848 1059 3887 .·
1074 3833 1213 3906 blopister,
1232 3835 1337 3908 lloyses
1359 3836 1452 3893 dixit:
1474 3837 1505 3895 ss·
1518 3841 1576 3912 quis
1595 3850 1715 3898 mortuus

67 3924 169 3980 talibus
186 3923 231 3979 ait
243 3921 380 3994 Propbeta
399 3942 407 3979 ι
422 3922 523 3978 Molliti
541 3931 604 3977 sunt
623 3938 756 3978 sermones
778 3937 870 3978 eorum
921 3921 1003 3994 {urit
1017 3940 1070 3979 non
1082 3923 1180 3980 itabens
1194 3927 1276 3996 filios,
1296 3938 1325 3982 nt
1338 3926 1417 3984 dnoot
1431 3929 1516 4002 {roten
1533 3931 1590 4002 ejus
1604 3949 1715 3989 uxorem

67 4033 145 4088 super
156 4016 262 4080 oleunt,
276 4016 366 4085 stipsi
380 4023 442 4069 sunt
452 4013 548 4084 jaculo
561 4013 650 4086 (Psoi.
663 4014 731 4087 err).
920 4015 1005 4084 iilius,
1020 4025 1046 4071 et
1059 4018 1168 4074 suscitet
1181 4035 1269 4075 senuit
1281 4020 1363 4092 [ratri
1375 4038 1434 4079 suo.
1449 4021 1631 4082 Erontoulern
1641 4027 1714 4099 opud

100 4108 152 4164 llio
165 4124 236 4180 ergo
248 4107 324 4163 moltis
338 4105 402 4178 quid
414 4106 463 4161 titi
474 4105 795 4164 uideturidioetcensurn
804 4109 870 4166 dore
920 4126 969 4166 nos
982 4119 1080 4181 septem
1095 4110 1204 4192 fratres,
1221 4122 1246 4170 et
1259 4115 1361 4186 primus
1375 4131 1458 4173 risose
1472 4116 1552 4175 ducto
1572 4119 1713 4191 defunctus

67 4199 171 4256 Cursori
184 4216 300 4256 onnon.
640 4249 646 4260 .
920 4212 971 4269 est,
984 4213 1010 4259 el
1021 4221 1074 4260 non
1084 4204 1182 4262 boiens
1194 4223 1290 4275 minen,
1302 4208 1406 4281 reliquit
1417 4226 1526 4266 uxorem
1542 4229 1619 4269 esrom
1632 4213 1714 4280 troni

101 4291 298 4348 Fraudulenta
308 4290 498 4364 interrogatio,
514 4291 567 4347 snb
579 4291 632 4348 boe
644 4306 740 4358 sensu,
755 4300 870 4350 nonest
919 4311 979 4350 suo.
996 4293 1128 4352 Similiter
1136 4297 1267 4354 secundus
1278 4309 1397 4357 mortuus
1411 4311 1450 4359 est
1464 4304 1522 4360 sine
1535 4305 1603 4376 filio,
1623 4315 1648 4362 et
1662 4319 1717 4364 ter-1

65 4384 171 4453 justum
188 4391 227 4440 nt
239 4398 303 4450 nos,
321 4383 395 4440 serri
409 4382 511 4440 stimmi
526 4383 600 4453 regis
620 4383 740 4440 terrenis
758 4385 869 4456 regibus
921 4386 975 4442 tius
988 4390 1088 4458 occepit
1103 4389 1190 4456 illone,
1205 4398 1231 4445 et
1246 4407 1337 4447 ornnes
1356 4403 1463 4464 septem,
1483 4403 1508 4450 et
1529 4413 1581 4452 non
1602 4399 1715 4472 relique-

65 4480 238 4535 eerriamus.
263 4475 293 4533 Si
314 4477 390 4534 eninr
413 4475 556 4549 iudignum
575 4484 619 4534 est
640 4483 671 4532 ut
689 4476 773 4534 bomo
785 4480 869 4534 rusius
920 4488 984 4534 rust
999 4497 1097 4538 semen.
1117 4480 1266 4538 Nouissime
1285 4493 1373 4540 nutem
1390 4487 1507 4542 omnium
1523 4498 1548 4546 et
1564 4492 1717 4550 mulierie-

67 4570 138 4641 regis
160 4568 248 4626 alteri
267 4567 326 4640 regi
339 4567 453 4634 serviat,
467 4573 496 4624 et
509 4568 534 4624 si
547 4569 600 4624 boe
615 4567 721 4636 iecerit,
739 4568 869 4640 injuriam
885 4572 1014 4642 lifuncto
1032 4583 1082 4632 est.
1101 4573 1135 4630 ln
1157 4578 1346 4632 resurrectione
1368 4595 1429 4650 ergo
1457 4581 1533 4654 ortjue
1554 4601 1644 4642 eorum
1664 4590 1715 4644 erit

65 4661 149 4718 saciet
159 4660 283 4718 domino
297 4675 349 4716 suo
365 4677 373 4714 s
389 4667 495 4730 quanto
506 4659 596 4732 magis
608 4659 753 4734 indignum
771 4669 824 4728 est,
840 4669 871 4719 ut
921 4667 1011 4721 uror?
1022 4664 1119 4722 Omnes
1128 4667 1197 4721 enin
1208 4667 1355 4724 debuerunt
1366 4686 1434 4726 cont.

65 4755 191 4810 cultores
204 4751 257 4808 Dei
273 4752 402 4808 humanis
415 4753 598 4824 potestatibus
611 4755 781 4824 graventur?
792 4753 870 4827 [llrs-
956 4752 1130 4825 [idimon.-
1139 4756 1237 4830 Brun]
1252 4757 1317 4814 llnae
1330 4767 1411 4816 erant
1426 4761 1544 4821 brercses
1559 4766 1587 4822 in
1600 4768 1713 4830 ironis.

64 4844 141 4917 uon]
157 4843 216 4899 nni
240 4849 332 4898 antem
353 4842 483 4898 dicebant
511 4841 644 4901 Romanis
666 4859 718 4916 pro
741 4845 870 4903 omuibus
920 4845 1122 4904 Pharisaeorum
1148 4855 1176 4905 et
1199 4847 1421 4911 Sadducaeorum.
1447 4853 1579 4916 anrisni
1602 4877 1716 4919 snorum

66 4935 274 4999 militantibus,
290 4934 326 4990 ad
340 4935 519 4992 securitntem
533 4942 561 4992 et
573 4950 681 5007 pacem,
696 4936 798 4994 debere
820 4939 871 4994 tri-
920 4938 1110 5004 traditionum,
1125 4955 1194 5011 quas
1209 4941 1370 5000 deuterosin
1385 4944 1424 5018 (id
1451 4954 1495 5004 est
1509 4953 1659 5009 secundam
1673 4957 1715 5011 lc-

65 5026 131 5081 buta
154 5025 294 5097 persolvi.
315 5023 370 5081 Pro
386 5042 442 5098 qua
456 5026 591 5084 seditione
604 5035 699 5099 postea
712 5043 828 5101 regnum
843 5039 871 5088 et
920 5031 993 5104 gem)
1011 5039 1121 5097 uocant,
1140 5031 1275 5102 justitiam
1295 5035 1488 5107 praelerebnnt,
1506 5043 1618 5100 undeet
1633 5045 1716 5104 divisi

64 5118 156 5188 patria
178 5117 328 5174 destructa
348 5127 423 5174 sunt.
438 5118 482 5176 Ad
496 5120 549 5176 boe
561 5121 645 5192 igitur
657 5119 791 5179 Pharisaei
805 5139 870 5194 pro-
919 5124 1091 5180 uocabantur
1106 5139 1121 5179 a
1134 5127 1244 5196 populo.
1260 5125 1403 5186 Sadducaei
1419 5141 1511 5189 nutem
1528 5136 1574 5206 qui
1587 5136 1658 5206 justi
1673 5139 1713 5196 in-

42 5215 166 5269 iroeant
190 5209 419 5280 respondentem,
443 5220 476 5266 ut
497 5212 573 5268 dicat
597 5228 653 5269 non
675 5213 777 5271 debere
799 5217 870 5274 solvi
919 5222 1116 5285 terpretantur,
1132 5219 1257 5289 corporis
1274 5228 1301 5276 et
1316 5223 1656 5286 animaeresurrectioncm
1670 5249 1714 5288 no

43 5288 44 5349 ἶ
63 5300 182 5365 tributo,
199 5306 232 5356 et
244 5299 308 5357 inde
327 5309 428 5358 eoutm
446 5301 587 5361 Romanos
607 5305 752 5364 seditionis
773 5316 869 5365 auctor
920 5308 1033 5380 gabant,
1044 5315 1172 5380 putantes
1184 5310 1296 5369 interire
1309 5315 1490 5373 animnscum
1501 5333 1626 5390 corpore.
1641 5321 1718 5390 Qun.

64 5399 209 5446 teneatur.
919 5399 995 5457 cirea
1009 5401 1207 5472 turpitudinem
1222 5402 1320 5460 lnbulae
1333 5405 1448 5476 [lugunt.
1465 5411 1508 5466 rel
1530 5420 1621 5485 potest
1643 5415 1714 5482 lieri,

45 5551 46 5557 ἵ
98 5482 225 5552 Cognita
235 5493 326 5540 outesn
337 5483 418 5542 lesus
433 5488 552 5559 omitia
563 5504 666 5555 eorum,
677 5491 737 5546 uit:
749 5490 820 5558 Quid
829 5509 870 5547 me
920 5498 952 5547 nt
964 5492 993 5547 in
1008 5499 1088 5564 gente
1102 5507 1197 5549 eorum
1212 5494 1264 5550 boc
1279 5496 1426 5568 aliqnando
1440 5502 1579 5560 occiderit.
1604 5505 1634 5562 ln
1657 5508 1717 5580 lege
1742 5475 1745 5486 ¹

65 5578 190 5642 tentans,
204 5577 373 5649 deponito!
386 5579 524 5638 ostendite
535 5581 600 5636 milti
611 5583 746 5640 nurnisnto
763 5601 867 5641 oensns
919 5585 994 5640 enim
1008 5585 1116 5651 litterae,
1132 5587 1302 5660 cogebantur
1314 5591 1418 5649 nubere
1433 5594 1461 5649 in
1475 5595 1542 5659 ritu,
1558 5597 1644 5654 sedin
1656 5599 1716 5671 lege

62 5669 154 5724 Atilii
168 5668 524 5730 obtulerunteidenoriurn.
920 5677 1053 5747 spiritus,
1078 5680 1285 5736 commendatur
1308 5683 1431 5742 castitas.
1456 5685 1585 5759 Mystico,
1610 5697 1716 5763 septem

103 5763 209 5820 Prima
236 5763 325 5820 uirtus
353 5773 399 5822 est
425 5767 619 5838 respondentis
640 5770 868 5842 interrogeutium
922 5769 1022 5827 iratres
1035 5771 1095 5828 siue
1109 5770 1173 5828 illlis
1187 5771 1320 5844 defuncti,
1336 5779 1462 5851 reprobis
1475 5757 1631 5855 quibusque
1645 5799 1716 5840 oon·

63 5861 176 5912 mentes
199 5869 385 5927 cognoscere.
410 5857 555 5916 Nomisma
577 5867 621 5916 est
644 5875 732 5932 genus
753 5865 868 5930 nummi,
921 5871 1034 5935 gruum,
1061 5865 1108 5936 qni
1131 5881 1181 5936 per
1203 5873 1290 5927 totam
1312 5869 1395 5944 huius
1418 5873 1511 5931 seculi
1531 5875 1627 5944 uitam,
1652 5877 1731 5950 quas'
