<?xml version="1.0" encoding="UTF-8"?>
<!DOCTYPE html PUBLIC "-//W3C//DTD XHTML 1.0 Transitional//EN"
    "http://www.w3.org/TR/xhtml1/DTD/xhtml1-transitional.dtd">
<html xmlns="http://www.w3.org/1999/xhtml" xml:lang="en" lang="en">
 <head>
  <title>
</title>
<meta http-equiv="Content-Type" content="text/html;charset=utf-8" />
  <meta name='ocr-system' content='tesseract 3.04.00' />
  <meta name='ocr-capabilities' content='ocr_page ocr_carea ocr_par ocr_line ocrx_word'/>
</head>
<body>
  <div class='ocr_page' id='page_1' title='image "./patrologiaecurs141migngoog_0173.png"; bbox 0 0 3967 6334; ppageno 0'>
   <div class='ocr_carea' id='block_1_1' title="bbox 124 382 1746 454">
    <p class='ocr_par' dir='ltr' id='par_1_1' title="bbox 124 382 1746 454">
     <span class='ocr_line' id='line_1_1' title="bbox 124 382 1746 454; baseline 0.001 -15"><span class='ocrx_word' id='word_1_1' title='bbox 124 397 174 453; x_wconf 72' lang='lat'>557</span> <span class='ocrx_word' id='word_1_2' title='bbox 573 384 608 440; x_wconf 83' lang='lat' dir='ltr'>trt</span> <span class='ocrx_word' id='word_1_3' title='bbox 628 385 726 441; x_wconf 76' lang='lat' dir='ltr'>enan</span> <span class='ocrx_word' id='word_1_4' title='bbox 746 385 792 440; x_wconf 77' lang='lat' dir='ltr'>att</span> <span class='ocrx_word' id='word_1_5' title='bbox 811 383 980 454; x_wconf 77' lang='lat' dir='ltr'>Qbsrbou</span> <span class='ocrx_word' id='word_1_6' title='bbox 1000 384 1102 442; x_wconf 79' lang='lat' dir='ltr'>llaatt</span> <span class='ocrx_word' id='word_1_7' title='bbox 1122 382 1283 444; x_wconf 76' lang='lat' dir='ltr'>TERTIUS.</span> <span class='ocrx_word' id='word_1_8' title='bbox 1691 395 1746 451; x_wconf 63' lang='lat'>553</span> 
     </span>
    </p>
   </div>
   <div class='ocr_carea' id='block_1_2' title="bbox 121 498 1747 1212">
    <p class='ocr_par' dir='ltr' id='par_1_2' title="bbox 123 498 1747 846">
     <span class='ocr_line' id='line_1_2' title="bbox 156 498 1746 577; baseline 0.001 -17"><span class='ocrx_word' id='word_1_9' title='bbox 156 506 337 576; x_wconf 85' lang='lat' dir='ltr'>Disputautem</span> <span class='ocrx_word' id='word_1_10' title='bbox 360 500 394 557; x_wconf 90' lang='lat' dir='ltr'>de</span> <span class='ocrx_word' id='word_1_11' title='bbox 415 507 574 570; x_wconf 86' lang='lat' dir='ltr'>contemptu</span> <span class='ocrx_word' id='word_1_12' title='bbox 598 498 693 554; x_wconf 88' lang='lat' dir='ltr'>raaudi</span> <span class='ocrx_word' id='word_1_13' title='bbox 718 499 901 564; x_wconf 82' lang='lat' dir='ltr'>deridebant,</span> <span class='ocrx_word' id='word_1_14' title='bbox 917 503 941 561; x_wconf 79' lang='grc' dir='ltr'><strong>Α</strong></span> <span class='ocrx_word' id='word_1_15' title='bbox 955 501 1127 569; x_wconf 83' lang='lat' dir='ltr'>corisolatio,</span> <span class='ocrx_word' id='word_1_16' title='bbox 1141 501 1272 557; x_wconf 86' lang='lat' dir='ltr'>adiciunt.</span> <span class='ocrx_word' id='word_1_17' title='bbox 1293 501 1451 558; x_wconf 81' lang='lat' dir='ltr'>Carerrdum</span> <span class='ocrx_word' id='word_1_18' title='bbox 1471 519 1539 574; x_wconf 88' lang='lat' dir='ltr'>erga</span> <span class='ocrx_word' id='word_1_19' title='bbox 1560 521 1594 559; x_wconf 91' lang='lat' dir='ltr'>ue</span> <span class='ocrx_word' id='word_1_20' title='bbox 1612 522 1746 577; x_wconf 84' lang='lat' dir='ltr'>pauperes</span> 
     </span>
     <span class='ocr_line' id='line_1_3' title="bbox 123 587 1747 666; baseline 0.002 -16"><span class='ocrx_word' id='word_1_21' title='bbox 123 609 180 650; x_wconf 89' lang='lat' dir='ltr'>eum</span> <span class='ocrx_word' id='word_1_22' title='bbox 190 593 230 648; x_wconf 80' lang='lat' dir='ltr'>lex</span> <span class='ocrx_word' id='word_1_23' title='bbox 242 590 300 645; x_wconf 82' lang='lat' dir='ltr'>suis</span> <span class='ocrx_word' id='word_1_24' title='bbox 310 587 613 648; x_wconf 75' lang='lat' dir='ltr'>observatoribasbona</span> <span class='ocrx_word' id='word_1_25' title='bbox 623 599 702 644; x_wconf 76' lang='lat' dir='ltr'>terrae</span> <span class='ocrx_word' id='word_1_26' title='bbox 712 589 900 659; x_wconf 84' lang='lat' dir='ltr'>promitteret,</span> <span class='ocrx_word' id='word_1_27' title='bbox 955 592 1157 663; x_wconf 88' lang='lat' dir='ltr'>despiciamus,</span> <span class='ocrx_word' id='word_1_28' title='bbox 1173 595 1237 648; x_wconf 90' lang='lat' dir='ltr'>etsi</span> <span class='ocrx_word' id='word_1_29' title='bbox 1253 609 1307 665; x_wconf 92' lang='lat' dir='ltr'>qua</span> <span class='ocrx_word' id='word_1_30' title='bbox 1323 595 1351 648; x_wconf 92' lang='lat' dir='ltr'>iu</span> <span class='ocrx_word' id='word_1_31' title='bbox 1366 596 1407 651; x_wconf 91' lang='lat' dir='ltr'>eis</span> <span class='ocrx_word' id='word_1_32' title='bbox 1422 596 1649 666; x_wconf 77' lang='lat' dir='ltr'>reprehensibilia</span> <span class='ocrx_word' id='word_1_33' title='bbox 1670 601 1747 657; x_wconf 86' lang='lat' dir='ltr'>ride·</span> 
     </span>
     <span class='ocr_line' id='line_1_4' title="bbox 124 680 1747 754; baseline 0.003 -13"><span class='ocrx_word' id='word_1_34' title='bbox 124 701 172 742; x_wconf 85' lang='lat' dir='ltr'>nou</span> <span class='ocrx_word' id='word_1_35' title='bbox 186 681 355 738; x_wconf 88' lang='lat' dir='ltr'>attendentes</span> <span class='ocrx_word' id='word_1_36' title='bbox 365 680 431 751; x_wconf 89' lang='lat' dir='ltr'>quia</span> <span class='ocrx_word' id='word_1_37' title='bbox 445 681 474 734; x_wconf 94' lang='lat' dir='ltr'>in</span> <span class='ocrx_word' id='word_1_38' title='bbox 489 681 547 750; x_wconf 87' lang='lat' dir='ltr'>lege</span> <span class='ocrx_word' id='word_1_39' title='bbox 561 681 720 736; x_wconf 89' lang='lat' dir='ltr'>carnalibus</span> <span class='ocrx_word' id='word_1_40' title='bbox 735 681 859 746; x_wconf 88' lang='lat' dir='ltr'>minora,</span> <span class='ocrx_word' id='word_1_41' title='bbox 874 683 903 738; x_wconf 92' lang='lat' dir='ltr'>iu</span> <span class='ocrx_word' id='word_1_42' title='bbox 954 698 1034 746; x_wconf 92' lang='lat' dir='ltr'>ruus,</span> <span class='ocrx_word' id='word_1_43' title='bbox 1051 684 1115 753; x_wconf 89' lang='lat' dir='ltr'>quia</span> <span class='ocrx_word' id='word_1_44' title='bbox 1131 683 1249 738; x_wconf 80' lang='lat' dir='ltr'>tortasse</span> <span class='ocrx_word' id='word_1_45' title='bbox 1263 699 1334 754; x_wconf 82' lang='lat' dir='ltr'>quaes</span> <span class='ocrx_word' id='word_1_46' title='bbox 1355 700 1462 738; x_wconf 88' lang='lat' dir='ltr'>tuorum</span> <span class='ocrx_word' id='word_1_47' title='bbox 1485 684 1632 742; x_wconf 81' lang='lat' dir='ltr'>infirmitas</span> <span class='ocrx_word' id='word_1_48' title='bbox 1650 690 1747 746; x_wconf 80' lang='lat' dir='ltr'>rrrlue-</span> 
     </span>
     <span class='ocr_line' id='line_1_5' title="bbox 123 771 1453 846; baseline -0.002 -14"><span class='ocrx_word' id='word_1_49' title='bbox 123 773 261 846; x_wconf 79' lang='lat' dir='ltr'>llraugelio</span> <span class='ocrx_word' id='word_1_50' title='bbox 275 771 465 844; x_wconf 77' lang='lat' dir='ltr'>spiritualibus</span> <span class='ocrx_word' id='word_1_51' title='bbox 481 772 587 843; x_wconf 87' lang='lat' dir='ltr'>majora</span> <span class='ocrx_word' id='word_1_52' title='bbox 599 771 662 842; x_wconf 88' lang='lat' dir='ltr'>jure</span> <span class='ocrx_word' id='word_1_53' title='bbox 676 773 882 844; x_wconf 80' lang='lat' dir='ltr'>praecipiuntur.</span> <span class='ocrx_word' id='word_1_54' title='bbox 954 780 1014 836; x_wconf 89' lang='lat' dir='ltr'>rut,</span> <span class='ocrx_word' id='word_1_55' title='bbox 1030 774 1167 829; x_wconf 88' lang='lat' dir='ltr'>medicina</span> <span class='ocrx_word' id='word_1_56' title='bbox 1181 775 1351 845; x_wconf 70' lang='lat' dir='ltr'>paupertatis</span> <span class='ocrx_word' id='word_1_57' title='bbox 1365 784 1453 830; x_wconf 90' lang='lat' dir='ltr'>curat.</span> 
     </span>
    </p>

    <p class='ocr_par' dir='ltr' id='par_1_3' title="bbox 121 863 1746 1129">
     <span class='ocr_line' id='line_1_6' title="bbox 155 863 1746 950; baseline 0.005 -24"><span class='ocrx_word' id='word_1_58' title='bbox 155 867 186 926; x_wconf 74' lang='lat' dir='ltr'>dr</span> <span class='ocrx_word' id='word_1_59' title='bbox 199 867 235 920; x_wconf 80' lang='lat' dir='ltr'>rt&#39;l</span> <span class='ocrx_word' id='word_1_60' title='bbox 246 865 322 919; x_wconf 74' lang='lat' dir='ltr'>iilis-⁹</span> <span class='ocrx_word' id='word_1_61' title='bbox 340 863 391 919; x_wconf 80' lang='lat' dir='ltr'>Vas</span> <span class='ocrx_word' id='word_1_62' title='bbox 412 865 477 918; x_wconf 82' lang='lat' dir='ltr'>eatis</span> <span class='ocrx_word' id='word_1_63' title='bbox 493 865 538 935; x_wconf 83' lang='lat' dir='ltr'>qai</span> <span class='ocrx_word' id='word_1_64' title='bbox 549 863 680 933; x_wconf 78' lang='lat' dir='ltr'>judicatis</span> <span class='ocrx_word' id='word_1_65' title='bbox 695 882 739 919; x_wconf 84' lang='lat' dir='ltr'>uus</span> <span class='ocrx_word' id='word_1_66' title='bbox 753 881 842 920; x_wconf 86' lang='lat' dir='ltr'>corum</span> <span class='ocrx_word' id='word_1_67' title='bbox 854 865 903 918; x_wconf 88' lang='lat' dir='ltr'>ito·</span> <span class='ocrx_word' id='word_1_68' title='bbox 989 869 1103 926; x_wconf 79' lang='lat' dir='ltr'>Factam</span> <span class='ocrx_word' id='word_1_69' title='bbox 1117 881 1157 928; x_wconf 83' lang='lat' dir='ltr'>ost</span> <span class='ocrx_word' id='word_1_70' title='bbox 1171 883 1258 928; x_wconf 83' lang='lat' dir='ltr'>antem</span> <span class='ocrx_word' id='word_1_71' title='bbox 1273 884 1301 928; x_wconf 90' lang='lat' dir='ltr'>nt</span> <span class='ocrx_word' id='word_1_72' title='bbox 1316 885 1462 930; x_wconf 90' lang='lat' dir='ltr'>moreretur</span> <span class='ocrx_word' id='word_1_73' title='bbox 1477 877 1631 943; x_wconf 79' lang='lat' dir='ltr'>rrrendieua,</span> <span class='ocrx_word' id='word_1_74' title='bbox 1647 888 1672 934; x_wconf 89' lang='lat' dir='ltr'>et</span> <span class='ocrx_word' id='word_1_75' title='bbox 1683 896 1746 950; x_wconf 69' lang='lat' dir='ltr'>per·</span> 
     </span>
     <span class='ocr_line' id='line_1_7' title="bbox 122 954 1746 1034; baseline 0.009 -20"><span class='ocrx_word' id='word_1_76' title='bbox 122 959 243 1021; x_wconf 78' lang='lat' dir='ltr'>minibus,</span> <span class='ocrx_word' id='word_1_77' title='bbox 255 957 326 1011; x_wconf 83' lang='lat' dir='ltr'>Deae</span> <span class='ocrx_word' id='word_1_78' title='bbox 342 967 431 1010; x_wconf 87' lang='lat' dir='ltr'>autem</span> <span class='ocrx_word' id='word_1_79' title='bbox 446 956 517 1009; x_wconf 88' lang='lat' dir='ltr'>nooit</span> <span class='ocrx_word' id='word_1_80' title='bbox 530 954 612 1010; x_wconf 86' lang='lat' dir='ltr'>eorda</span> <span class='ocrx_word' id='word_1_81' title='bbox 626 965 732 1020; x_wconf 84' lang='lat' dir='ltr'>oestro,</span> <span class='ocrx_word' id='word_1_82' title='bbox 749 959 812 1027; x_wconf 89' lang='lat' dir='ltr'>quin</span> <span class='ocrx_word' id='word_1_83' title='bbox 832 956 901 1028; x_wconf 87' lang='lat' dir='ltr'>quod</span> <span class='ocrx_word' id='word_1_84' title='bbox 953 970 1055 1016; x_wconf 86' lang='lat' dir='ltr'>teretur</span> <span class='ocrx_word' id='word_1_85' title='bbox 1078 961 1110 1017; x_wconf 89' lang='lat' dir='ltr'>ab</span> <span class='ocrx_word' id='word_1_86' title='bbox 1134 964 1233 1034; x_wconf 82' lang='lat' dir='ltr'>anqelir</span> <span class='ocrx_word' id='word_1_87' title='bbox 1254 966 1282 1018; x_wconf 89' lang='lat' dir='ltr'>in</span> <span class='ocrx_word' id='word_1_88' title='bbox 1305 966 1393 1020; x_wconf 80' lang='lat' dir='ltr'>rituum</span> <span class='ocrx_word' id='word_1_89' title='bbox 1413 966 1537 1022; x_wconf 73' lang='lat' dir='ltr'>Abrabae.</span> <span class='ocrx_word' id='word_1_90' title='bbox 1562 968 1684 1026; x_wconf 74' lang='lat' dir='ltr'>bertarit</span> <span class='ocrx_word' id='word_1_91' title='bbox 1705 982 1746 1028; x_wconf 83' lang='lat' dir='ltr'>ert</span> 
     </span>
     <span class='ocr_line' id='line_1_8' title="bbox 121 1047 1618 1129; baseline 0.006 -22"><span class='ocrx_word' id='word_1_92' title='bbox 121 1049 258 1107; x_wconf 76' lang='lat' dir='ltr'>bominibus</span> <span class='ocrx_word' id='word_1_93' title='bbox 277 1050 361 1103; x_wconf 86' lang='lat' dir='ltr'>altam</span> <span class='ocrx_word' id='word_1_94' title='bbox 380 1056 437 1112; x_wconf 86' lang='lat' dir='ltr'>est,</span> <span class='ocrx_word' id='word_1_95' title='bbox 459 1047 623 1103; x_wconf 79' lang='lat' dir='ltr'>abominatio</span> <span class='ocrx_word' id='word_1_96' title='bbox 642 1059 681 1104; x_wconf 85' lang='lat' dir='ltr'>ert</span> <span class='ocrx_word' id='word_1_97' title='bbox 702 1059 763 1104; x_wconf 89' lang='lat' dir='ltr'>ante</span> <span class='ocrx_word' id='word_1_98' title='bbox 786 1048 881 1105; x_wconf 83' lang='lat' dir='ltr'>Deam.</span> <span class='ocrx_word' id='word_1_99' title='bbox 953 1064 1042 1108; x_wconf 84' lang='lat' dir='ltr'>antem</span> <span class='ocrx_word' id='word_1_100' title='bbox 1061 1063 1086 1109; x_wconf 89' lang='lat' dir='ltr'>et</span> <span class='ocrx_word' id='word_1_101' title='bbox 1107 1054 1196 1120; x_wconf 82' lang='lat' dir='ltr'>diues,</span> <span class='ocrx_word' id='word_1_102' title='bbox 1215 1067 1242 1110; x_wconf 86' lang='lat' dir='ltr'>et</span> <span class='ocrx_word' id='word_1_103' title='bbox 1261 1057 1380 1127; x_wconf 77' lang='lat' dir='ltr'>sepultas</span> <span class='ocrx_word' id='word_1_104' title='bbox 1400 1068 1439 1112; x_wconf 82' lang='lat' dir='ltr'>ert</span> <span class='ocrx_word' id='word_1_105' title='bbox 1459 1059 1488 1112; x_wconf 88' lang='lat' dir='ltr'>iu</span> <span class='ocrx_word' id='word_1_106' title='bbox 1504 1060 1618 1129; x_wconf 68' lang='lat' dir='ltr'>inferno.</span> 
     </span>
    </p>

    <p class='ocr_par' dir='ltr' id='par_1_4' title="bbox 151 1140 901 1212">
     <span class='ocr_line' id='line_1_9' title="bbox 151 1140 901 1212; baseline -0.003 -13"><span class='ocrx_word' id='word_1_107' title='bbox 151 1144 243 1200; x_wconf 88' lang='lat' dir='ltr'>Coram</span> <span class='ocrx_word' id='word_1_108' title='bbox 261 1141 420 1197; x_wconf 85' lang='lat' dir='ltr'>homiuibus</span> <span class='ocrx_word' id='word_1_109' title='bbox 439 1157 472 1197; x_wconf 88' lang='lat' dir='ltr'>se</span> <span class='ocrx_word' id='word_1_110' title='bbox 485 1140 655 1210; x_wconf 82' lang='lat' dir='ltr'>justificant,</span> <span class='ocrx_word' id='word_1_111' title='bbox 676 1142 723 1212; x_wconf 92' lang='lat' dir='ltr'>qui</span> <span class='ocrx_word' id='word_1_112' title='bbox 742 1149 901 1212; x_wconf 86' lang='lat' dir='ltr'>peccatores</span> 
     </span>
    </p>
   </div>
   <div class='ocr_carea' id='block_1_3' title="bbox 118 1234 901 1579">
    <p class='ocr_par' dir='ltr' id='par_1_5' title="bbox 118 1234 901 1579">
     <span class='ocr_line' id='line_1_10' title="bbox 119 1234 901 1305; baseline -0.004 -15"><span class='ocrx_word' id='word_1_113' title='bbox 119 1241 303 1298; x_wconf 70' lang='lat' dir='ltr'>romermunt,</span> <span class='ocrx_word' id='word_1_114' title='bbox 320 1243 347 1288; x_wconf 89' lang='lat' dir='ltr'>et</span> <span class='ocrx_word' id='word_1_115' title='bbox 362 1249 392 1288; x_wconf 91' lang='lat' dir='ltr'>se</span> <span class='ocrx_word' id='word_1_116' title='bbox 404 1234 497 1302; x_wconf 81' lang='lat' dir='ltr'>justos</span> <span class='ocrx_word' id='word_1_117' title='bbox 513 1249 575 1288; x_wconf 90' lang='lat' dir='ltr'>esse</span> <span class='ocrx_word' id='word_1_118' title='bbox 590 1241 734 1298; x_wconf 88' lang='lat' dir='ltr'>asserunt,</span> <span class='ocrx_word' id='word_1_119' title='bbox 750 1234 901 1305; x_wconf 84' lang='lat' dir='ltr'>eleemosy-</span> 
     </span>
     <span class='ocr_line' id='line_1_11' title="bbox 119 1322 901 1395; baseline -0.006 -12"><span class='ocrx_word' id='word_1_120' title='bbox 119 1342 207 1384; x_wconf 80' lang='lat' dir='ltr'>narum</span> <span class='ocrx_word' id='word_1_121' title='bbox 218 1325 339 1381; x_wconf 91' lang='lat' dir='ltr'>rernedia</span> <span class='ocrx_word' id='word_1_122' title='bbox 354 1325 530 1395; x_wconf 80' lang='lat' dir='ltr'>negligentes.</span> <span class='ocrx_word' id='word_1_123' title='bbox 550 1322 603 1380; x_wconf 84' lang='lat' dir='ltr'>Sed</span> <span class='ocrx_word' id='word_1_124' title='bbox 618 1325 674 1379; x_wconf 75' lang='lat' dir='ltr'>bec</span> <span class='ocrx_word' id='word_1_125' title='bbox 689 1341 770 1380; x_wconf 86' lang='lat' dir='ltr'>arara</span> <span class='ocrx_word' id='word_1_126' title='bbox 786 1325 901 1379; x_wconf 81' lang='lat' dir='ltr'>altitudo</span> 
     </span>
     <span class='ocr_line' id='line_1_12' title="bbox 118 1416 901 1491; baseline 0.001 -20"><span class='ocrx_word' id='word_1_127' title='bbox 118 1433 191 1489; x_wconf 90' lang='lat' dir='ltr'>quam</span> <span class='ocrx_word' id='word_1_128' title='bbox 203 1418 274 1491; x_wconf 82' lang='lat' dir='ltr'>juste</span> <span class='ocrx_word' id='word_1_129' title='bbox 288 1416 445 1470; x_wconf 90' lang='lat' dir='ltr'>danmanda</span> <span class='ocrx_word' id='word_1_130' title='bbox 460 1416 513 1482; x_wconf 91' lang='lat' dir='ltr'>sit,</span> <span class='ocrx_word' id='word_1_131' title='bbox 530 1417 557 1470; x_wconf 91' lang='lat' dir='ltr'>iu</span> <span class='ocrx_word' id='word_1_132' title='bbox 573 1417 698 1487; x_wconf 87' lang='lat' dir='ltr'>sequenti</span> <span class='ocrx_word' id='word_1_133' title='bbox 713 1419 837 1488; x_wconf 80' lang='lat' dir='ltr'>exemplo</span> <span class='ocrx_word' id='word_1_134' title='bbox 851 1418 901 1472; x_wconf 87' lang='lat' dir='ltr'>do-</span> 
     </span>
     <span class='ocr_line' id='line_1_13' title="bbox 118 1506 900 1579; baseline -0.006 -14"><span class='ocrx_word' id='word_1_135' title='bbox 118 1521 156 1565; x_wconf 90' lang='lat' dir='ltr'>eet</span> <span class='ocrx_word' id='word_1_136' title='bbox 175 1510 227 1572; x_wconf 85' lang='lat' dir='ltr'>tlte,</span> <span class='ocrx_word' id='word_1_137' title='bbox 249 1510 294 1579; x_wconf 83' lang='lat' dir='ltr'>qai</span> <span class='ocrx_word' id='word_1_138' title='bbox 315 1506 477 1562; x_wconf 84' lang='lat' dir='ltr'>illuminabit</span> <span class='ocrx_word' id='word_1_139' title='bbox 490 1507 645 1562; x_wconf 86' lang='lat' dir='ltr'>abscondita</span> <span class='ocrx_word' id='word_1_140' title='bbox 667 1509 851 1572; x_wconf 85' lang='lat' dir='ltr'>tenebrarum,</span> <span class='ocrx_word' id='word_1_141' title='bbox 874 1518 900 1563; x_wconf 90' lang='lat' dir='ltr'>et</span> 
     </span>
    </p>
   </div>
   <div class='ocr_carea' id='block_1_4' title="bbox 118 1599 757 1675">
    <p class='ocr_par' dir='ltr' id='par_1_6' title="bbox 118 1599 757 1675">
     <span class='ocr_line' id='line_1_14' title="bbox 118 1599 757 1675; baseline -0.005 -15"><span class='ocrx_word' id='word_1_142' title='bbox 118 1603 286 1675; x_wconf 72' lang='lat' dir='ltr'>manifestabit</span> <span class='ocrx_word' id='word_1_143' title='bbox 309 1604 421 1658; x_wconf 83' lang='lat' dir='ltr'>consilia</span> <span class='ocrx_word' id='word_1_144' title='bbox 439 1602 559 1656; x_wconf 86' lang='lat' dir='ltr'>cordium</span> <span class='ocrx_word' id='word_1_145' title='bbox 577 1600 610 1673; x_wconf 81' lang='grc' dir='ltr'>(Ι</span> <span class='ocrx_word' id='word_1_146' title='bbox 622 1600 684 1656; x_wconf 83' lang='lat' dir='ltr'>Car.</span> <span class='ocrx_word' id='word_1_147' title='bbox 702 1599 757 1670; x_wconf 75' lang='lat' dir='ltr'>tr).</span> 
     </span>
    </p>
   </div>
   <div class='ocr_carea' id='block_1_5' title="bbox 416 1735 625 1978">
    <p class='ocr_par' dir='ltr' id='par_1_7' title="bbox 416 1735 625 1978">
     <span class='ocr_line' id='line_1_15' title="bbox 416 1735 625 1792; baseline 0 0"><span class='ocrx_word' id='word_1_148' title='bbox 416 1737 530 1792; x_wconf 72' lang='lat' dir='ltr'>carel</span> <span class='ocrx_word' id='word_1_149' title='bbox 547 1735 625 1792; x_wconf 77' lang='lat' dir='ltr'>cl‘ll.</span> 
     </span>
     <span class='ocr_line' id='line_1_16' title="bbox 436 1873 571 1978; baseline 0 -56"><span class='ocrx_word' id='word_1_150' title='bbox 436 1895 455 1978; x_wconf 77' lang='lat' dir='ltr'>l</span> <span class='ocrx_word' id='word_1_151' title='bbox 526 1873 571 1922; x_wconf 81' lang='lat' dir='ltr'>las</span> 
     </span>
    </p>
   </div>
   <div class='ocr_carea' id='block_1_6' title="bbox 114 1951 898 3136">
    <p class='ocr_par' dir='ltr' id='par_1_8' title="bbox 455 1951 555 1986">
     <span class='ocr_line' id='line_1_17' title="bbox 455 1951 555 1986; baseline 0.06 -6"><span class='ocrx_word' id='word_1_152' title='bbox 455 1953 490 1983; x_wconf 74' lang='lat' dir='ltr'>a·</span> <span class='ocrx_word' id='word_1_153' title='bbox 541 1951 555 1986; x_wconf 80' lang='lat' dir='ltr'>x</span> 
     </span>
    </p>

    <p class='ocr_par' dir='ltr' id='par_1_9' title="bbox 116 2057 898 2313">
     <span class='ocr_line' id='line_1_18' title="bbox 149 2057 898 2132; baseline -0.007 -15"><span class='ocrx_word' id='word_1_154' title='bbox 149 2061 239 2117; x_wconf 88' lang='lat' dir='ltr'>lteram</span> <span class='ocrx_word' id='word_1_155' title='bbox 258 2061 347 2114; x_wconf 81' lang='lat' dir='ltr'>dixit:</span> <span class='ocrx_word' id='word_1_156' title='bbox 363 2059 449 2114; x_wconf 80' lang='lat' dir='ltr'>Homo</span> <span class='ocrx_word' id='word_1_157' title='bbox 464 2061 573 2132; x_wconf 90' lang='lat' dir='ltr'>qaidam</span> <span class='ocrx_word' id='word_1_158' title='bbox 587 2068 645 2113; x_wconf 87' lang='lat' dir='ltr'>erat</span> <span class='ocrx_word' id='word_1_159' title='bbox 660 2059 747 2124; x_wconf 79' lang='lat' dir='ltr'>diors,</span> <span class='ocrx_word' id='word_1_160' title='bbox 764 2069 788 2114; x_wconf 90' lang='lat' dir='ltr'>et</span> <span class='ocrx_word' id='word_1_161' title='bbox 804 2057 898 2112; x_wconf 87' lang='lat' dir='ltr'>indae·</span> 
     </span>
     <span class='ocr_line' id='line_1_19' title="bbox 117 2149 897 2222; baseline -0.004 -15"><span class='ocrx_word' id='word_1_162' title='bbox 117 2154 185 2207; x_wconf 82' lang='lat' dir='ltr'>batur</span> <span class='ocrx_word' id='word_1_163' title='bbox 209 2167 328 2222; x_wconf 82' lang='lat' dir='ltr'>perpura</span> <span class='ocrx_word' id='word_1_164' title='bbox 358 2161 383 2206; x_wconf 86' lang='lat' dir='ltr'>et</span> <span class='ocrx_word' id='word_1_165' title='bbox 413 2151 507 2222; x_wconf 77' lang='lat' dir='ltr'>bysso,</span> <span class='ocrx_word' id='word_1_166' title='bbox 537 2161 562 2205; x_wconf 90' lang='lat' dir='ltr'>et</span> <span class='ocrx_word' id='word_1_167' title='bbox 590 2150 750 2220; x_wconf 82' lang='lat' dir='ltr'>epulabatur</span> <span class='ocrx_word' id='word_1_168' title='bbox 780 2149 897 2220; x_wconf 85' lang='lat' dir='ltr'>qnotidie</span> 
     </span>
     <span class='ocr_line' id='line_1_20' title="bbox 116 2241 245 2313; baseline 0 -15"><span class='ocrx_word' id='word_1_169' title='bbox 116 2241 245 2313; x_wconf 79' lang='lat' dir='ltr'>splendide.</span> 
     </span>
    </p>

    <p class='ocr_par' dir='ltr' id='par_1_10' title="bbox 114 2332 897 3136">
     <span class='ocr_line' id='line_1_21' title="bbox 146 2332 897 2404; baseline 0 -17"><span class='ocrx_word' id='word_1_170' title='bbox 146 2335 172 2389; x_wconf 95' lang='lat' dir='ltr'>ln</span> <span class='ocrx_word' id='word_1_171' title='bbox 188 2333 287 2389; x_wconf 80' lang='lat' dir='ltr'>divitiis</span> <span class='ocrx_word' id='word_1_172' title='bbox 313 2340 425 2388; x_wconf 88' lang='lat' dir='ltr'>notatur</span> <span class='ocrx_word' id='word_1_173' title='bbox 444 2332 668 2404; x_wconf 87' lang='lat' dir='ltr'>eoncupiscentia</span> <span class='ocrx_word' id='word_1_174' title='bbox 688 2333 846 2395; x_wconf 88' lang='lat' dir='ltr'>oculorum,</span> <span class='ocrx_word' id='word_1_175' title='bbox 868 2332 897 2388; x_wconf 93' lang='lat' dir='ltr'>in</span> 
     </span>
     <span class='ocr_line' id='line_1_22' title="bbox 117 2424 896 2499; baseline -0.003 -18"><span class='ocrx_word' id='word_1_176' title='bbox 117 2426 231 2499; x_wconf 83' lang='lat' dir='ltr'>pretiosis</span> <span class='ocrx_word' id='word_1_177' title='bbox 248 2427 372 2482; x_wconf 88' lang='lat' dir='ltr'>restibus</span> <span class='ocrx_word' id='word_1_178' title='bbox 388 2427 517 2498; x_wconf 90' lang='lat' dir='ltr'>superbia</span> <span class='ocrx_word' id='word_1_179' title='bbox 532 2427 612 2490; x_wconf 86' lang='lat' dir='ltr'>vitae,</span> <span class='ocrx_word' id='word_1_180' title='bbox 630 2427 658 2480; x_wconf 93' lang='lat' dir='ltr'>iu</span> <span class='ocrx_word' id='word_1_181' title='bbox 673 2424 815 2496; x_wconf 91' lang='lat' dir='ltr'>splendida</span> <span class='ocrx_word' id='word_1_182' title='bbox 829 2439 896 2494; x_wconf 88' lang='lat' dir='ltr'>epu·</span> 
     </span>
     <span class='ocr_line' id='line_1_23' title="bbox 115 2512 896 2584; baseline -0.003 -14"><span class='ocrx_word' id='word_1_183' title='bbox 115 2517 204 2570; x_wconf 88' lang='lat' dir='ltr'>latione</span> <span class='ocrx_word' id='word_1_184' title='bbox 224 2514 449 2584; x_wconf 86' lang='lat' dir='ltr'>eouerrplseentia</span> <span class='ocrx_word' id='word_1_185' title='bbox 473 2517 577 2571; x_wconf 88' lang='lat' dir='ltr'>earnis.</span> <span class='ocrx_word' id='word_1_186' title='bbox 607 2512 712 2569; x_wconf 87' lang='lat' dir='ltr'>ideirco</span> <span class='ocrx_word' id='word_1_187' title='bbox 737 2513 813 2570; x_wconf 82' lang='lat' dir='ltr'>diues</span> <span class='ocrx_word' id='word_1_188' title='bbox 844 2514 896 2569; x_wconf 89' lang='lat' dir='ltr'>iste</span> 
     </span>
     <span class='ocr_line' id='line_1_24' title="bbox 115 2604 894 2676; baseline 0.001 -18"><span class='ocrx_word' id='word_1_189' title='bbox 115 2605 183 2674; x_wconf 86' lang='lat' dir='ltr'>quasi</span> <span class='ocrx_word' id='word_1_190' title='bbox 197 2605 308 2674; x_wconf 86' lang='lat' dir='ltr'>ignotus</span> <span class='ocrx_word' id='word_1_191' title='bbox 321 2604 393 2676; x_wconf 89' lang='lat' dir='ltr'>apud</span> <span class='ocrx_word' id='word_1_192' title='bbox 407 2605 510 2670; x_wconf 85' lang='lat' dir='ltr'>Deum,</span> <span class='ocrx_word' id='word_1_193' title='bbox 530 2605 640 2660; x_wconf 90' lang='lat' dir='ltr'>nemine</span> <span class='ocrx_word' id='word_1_194' title='bbox 654 2621 709 2659; x_wconf 95' lang='lat' dir='ltr'>non</span> <span class='ocrx_word' id='word_1_195' title='bbox 725 2605 894 2675; x_wconf 90' lang='lat' dir='ltr'>designatur.</span> 
     </span>
     <span class='ocr_line' id='line_1_25' title="bbox 116 2697 896 2770; baseline 0.003 -20"><span class='ocrx_word' id='word_1_196' title='bbox 116 2697 257 2770; x_wconf 70' lang='lat' dir='ltr'>[deorse]</span> <span class='ocrx_word' id='word_1_197' title='bbox 273 2697 343 2764; x_wconf 79' lang='lat' dir='ltr'>Qurae</span> <span class='ocrx_word' id='word_1_198' title='bbox 356 2706 398 2753; x_wconf 89' lang='lat' dir='ltr'>est</span> <span class='ocrx_word' id='word_1_199' title='bbox 413 2699 465 2754; x_wconf 89' lang='lat' dir='ltr'>ista</span> <span class='ocrx_word' id='word_1_200' title='bbox 480 2699 616 2763; x_wconf 87' lang='lat' dir='ltr'>aviditas,</span> <span class='ocrx_word' id='word_1_201' title='bbox 636 2715 699 2753; x_wconf 91' lang='lat' dir='ltr'>cum</span> <span class='ocrx_word' id='word_1_202' title='bbox 715 2699 780 2768; x_wconf 76' lang='lat' dir='ltr'>ipsae</span> <span class='ocrx_word' id='word_1_203' title='bbox 800 2698 896 2753; x_wconf 87' lang='lat' dir='ltr'>belluae</span> 
     </span>
     <span class='ocr_line' id='line_1_26' title="bbox 116 2789 895 2861; baseline 0 -17"><span class='ocrx_word' id='word_1_204' title='bbox 116 2790 212 2844; x_wconf 91' lang='lat' dir='ltr'>modum</span> <span class='ocrx_word' id='word_1_205' title='bbox 226 2789 368 2844; x_wconf 87' lang='lat' dir='ltr'>babeant?</span> <span class='ocrx_word' id='word_1_206' title='bbox 383 2789 462 2844; x_wconf 80' lang='lat' dir='ltr'>Turrre</span> <span class='ocrx_word' id='word_1_207' title='bbox 477 2790 549 2846; x_wconf 90' lang='lat' dir='ltr'>enim</span> <span class='ocrx_word' id='word_1_208' title='bbox 564 2791 691 2861; x_wconf 91' lang='lat' dir='ltr'>rapiunt,</span> <span class='ocrx_word' id='word_1_209' title='bbox 708 2790 818 2860; x_wconf 90' lang='lat' dir='ltr'>quaudo</span> <span class='ocrx_word' id='word_1_210' title='bbox 832 2805 895 2844; x_wconf 89' lang='lat' dir='ltr'>esu-</span> 
     </span>
     <span class='ocr_line' id='line_1_27' title="bbox 115 2880 896 2952; baseline 0 -18"><span class='ocrx_word' id='word_1_211' title='bbox 115 2880 195 2942; x_wconf 74' lang='lat' dir='ltr'>riunt:</span> <span class='ocrx_word' id='word_1_212' title='bbox 211 2888 328 2951; x_wconf 89' lang='lat' dir='ltr'>pareunt</span> <span class='ocrx_word' id='word_1_213' title='bbox 342 2895 407 2937; x_wconf 85' lang='lat' dir='ltr'>uero</span> <span class='ocrx_word' id='word_1_214' title='bbox 421 2882 535 2952; x_wconf 79' lang='lat' dir='ltr'>predae,</span> <span class='ocrx_word' id='word_1_215' title='bbox 550 2898 612 2937; x_wconf 88' lang='lat' dir='ltr'>eum</span> <span class='ocrx_word' id='word_1_216' title='bbox 628 2882 750 2938; x_wconf 91' lang='lat' dir='ltr'>sentiunt</span> <span class='ocrx_word' id='word_1_217' title='bbox 765 2881 896 2937; x_wconf 90' lang='lat' dir='ltr'>saturita-</span> 
     </span>
     <span class='ocr_line' id='line_1_28' title="bbox 115 2972 895 3044; baseline 0 -16"><span class='ocrx_word' id='word_1_218' title='bbox 115 2982 170 3028; x_wconf 86' lang='lat' dir='ltr'>tem.</span> <span class='ocrx_word' id='word_1_219' title='bbox 185 2972 359 3044; x_wconf 83' lang='lat' dir='ltr'>lnerplebilis</span> <span class='ocrx_word' id='word_1_220' title='bbox 372 2985 415 3030; x_wconf 89' lang='lat' dir='ltr'>est</span> <span class='ocrx_word' id='word_1_221' title='bbox 430 2974 546 3029; x_wconf 84' lang='lat' dir='ltr'>auaritia</span> <span class='ocrx_word' id='word_1_222' title='bbox 563 2973 698 3042; x_wconf 90' lang='lat' dir='ltr'>diuitum;</span> <span class='ocrx_word' id='word_1_223' title='bbox 720 2989 830 3044; x_wconf 89' lang='lat' dir='ltr'>semper</span> <span class='ocrx_word' id='word_1_224' title='bbox 850 2989 895 3028; x_wconf 93' lang='lat' dir='ltr'>ra-</span> 
     </span>
     <span class='ocr_line' id='line_1_29' title="bbox 114 3065 896 3136; baseline -0.001 -17"><span class='ocrx_word' id='word_1_225' title='bbox 114 3066 162 3136; x_wconf 89' lang='lat' dir='ltr'>pit,</span> <span class='ocrx_word' id='word_1_226' title='bbox 184 3073 208 3121; x_wconf 87' lang='lat' dir='ltr'>et</span> <span class='ocrx_word' id='word_1_227' title='bbox 228 3081 372 3136; x_wconf 84' lang='lat' dir='ltr'>uunqrram</span> <span class='ocrx_word' id='word_1_228' title='bbox 397 3067 524 3130; x_wconf 88' lang='lat' dir='ltr'>saliatur,</span> <span class='ocrx_word' id='word_1_229' title='bbox 549 3083 601 3122; x_wconf 89' lang='lat' dir='ltr'>nee</span> <span class='ocrx_word' id='word_1_230' title='bbox 624 3066 708 3122; x_wconf 87' lang='lat' dir='ltr'>Deum</span> <span class='ocrx_word' id='word_1_231' title='bbox 730 3065 823 3129; x_wconf 86' lang='lat' dir='ltr'>timet,</span> <span class='ocrx_word' id='word_1_232' title='bbox 844 3079 896 3118; x_wconf 91' lang='lat' dir='ltr'>nee</span> 
     </span>
    </p>
   </div>
   <div class='ocr_carea' id='block_1_7' title="bbox 950 1166 1744 1701">
    <p class='ocr_par' dir='ltr' id='par_1_11' title="bbox 950 1166 1744 1701">
     <span class='ocr_line' id='line_1_30' title="bbox 988 1166 1743 1248; baseline 0.016 -27"><span class='ocrx_word' id='word_1_233' title='bbox 988 1166 1072 1225; x_wconf 91' lang='lat' dir='ltr'>Sinus</span> <span class='ocrx_word' id='word_1_234' title='bbox 1091 1169 1206 1226; x_wconf 71' lang='lat' dir='ltr'>Abrabae</span> <span class='ocrx_word' id='word_1_235' title='bbox 1224 1173 1333 1243; x_wconf 83' lang='lat' dir='ltr'>requies</span> <span class='ocrx_word' id='word_1_236' title='bbox 1352 1182 1394 1229; x_wconf 90' lang='lat' dir='ltr'>est</span> <span class='ocrx_word' id='word_1_237' title='bbox 1411 1175 1553 1231; x_wconf 91' lang='lat' dir='ltr'>beatorum</span> <span class='ocrx_word' id='word_1_238' title='bbox 1573 1193 1743 1248; x_wconf 84' lang='lat' dir='ltr'>pauperum,</span> 
     </span>
     <span class='ocr_line' id='line_1_31' title="bbox 951 1261 1744 1340; baseline 0.016 -26"><span class='ocrx_word' id='word_1_239' title='bbox 951 1261 1092 1330; x_wconf 88' lang='lat' dir='ltr'>sepultura</span> <span class='ocrx_word' id='word_1_240' title='bbox 1103 1263 1212 1325; x_wconf 91' lang='lat' dir='ltr'>inlerui,</span> <span class='ocrx_word' id='word_1_241' title='bbox 1228 1266 1354 1334; x_wconf 85' lang='lat' dir='ltr'>superbis</span> <span class='ocrx_word' id='word_1_242' title='bbox 1366 1277 1392 1322; x_wconf 90' lang='lat' dir='ltr'>ct</span> <span class='ocrx_word' id='word_1_243' title='bbox 1403 1268 1667 1326; x_wconf 81' lang='lat' dir='ltr'>immisericordibus</span> <span class='ocrx_word' id='word_1_244' title='bbox 1680 1287 1744 1340; x_wconf 89' lang='lat' dir='ltr'>pra·</span> 
     </span>
     <span class='ocr_line' id='line_1_32' title="bbox 951 1351 1743 1428; baseline 0.013 -22"><span class='ocrx_word' id='word_1_245' title='bbox 951 1351 1073 1408; x_wconf 79' lang='lat' dir='ltr'>funditas</span> <span class='ocrx_word' id='word_1_246' title='bbox 1089 1362 1131 1408; x_wconf 89' lang='lat' dir='ltr'>est</span> <span class='ocrx_word' id='word_1_247' title='bbox 1146 1369 1299 1422; x_wconf 84' lang='lat' dir='ltr'>poerurrum.</span> <span class='ocrx_word' id='word_1_248' title='bbox 1315 1355 1392 1411; x_wconf 80' lang='lat' dir='ltr'>Unde</span> <span class='ocrx_word' id='word_1_249' title='bbox 1412 1357 1560 1428; x_wconf 75' lang='lat' dir='ltr'>Gregorius</span> <span class='ocrx_word' id='word_1_250' title='bbox 1581 1361 1743 1416; x_wconf 89' lang='lat' dir='ltr'>duodecimo</span> 
     </span>
     <span class='ocr_line' id='line_1_33' title="bbox 952 1443 1744 1516; baseline 0.015 -19"><span class='ocrx_word' id='word_1_251' title='bbox 952 1445 979 1498; x_wconf 93' lang='lat' dir='ltr'>iu</span> <span class='ocrx_word' id='word_1_252' title='bbox 995 1443 1068 1499; x_wconf 85' lang='lat' dir='ltr'>Jeb:</span> <span class='ocrx_word' id='word_1_253' title='bbox 1085 1465 1093 1495; x_wconf 81' lang='lat' dir='ltr'>r</span> <span class='ocrx_word' id='word_1_254' title='bbox 1109 1444 1167 1499; x_wconf 87' lang='lat' dir='ltr'>Nou</span> <span class='ocrx_word' id='word_1_255' title='bbox 1180 1447 1319 1516; x_wconf 86' lang='lat' dir='ltr'>justorum</span> <span class='ocrx_word' id='word_1_256' title='bbox 1335 1448 1442 1503; x_wconf 87' lang='lat' dir='ltr'>auinras</span> <span class='ocrx_word' id='word_1_257' title='bbox 1462 1450 1494 1503; x_wconf 91' lang='lat' dir='ltr'>ad</span> <span class='ocrx_word' id='word_1_258' title='bbox 1517 1451 1654 1508; x_wconf 79' lang='lat' dir='ltr'>infernum</span> <span class='ocrx_word' id='word_1_259' title='bbox 1674 1455 1744 1509; x_wconf 89' lang='lat' dir='ltr'>diei·</span> 
     </span>
     <span class='ocr_line' id='line_1_34' title="bbox 950 1537 1741 1611; baseline 0.011 -21"><span class='ocrx_word' id='word_1_260' title='bbox 950 1553 1012 1592; x_wconf 89' lang='lat' dir='ltr'>mus</span> <span class='ocrx_word' id='word_1_261' title='bbox 1025 1537 1215 1604; x_wconf 82' lang='lat' dir='ltr'>descendisse,</span> <span class='ocrx_word' id='word_1_262' title='bbox 1232 1546 1261 1592; x_wconf 92' lang='lat' dir='ltr'>ul</span> <span class='ocrx_word' id='word_1_263' title='bbox 1276 1540 1303 1592; x_wconf 93' lang='lat' dir='ltr'>iu</span> <span class='ocrx_word' id='word_1_264' title='bbox 1319 1540 1387 1595; x_wconf 87' lang='lat' dir='ltr'>loris</span> <span class='ocrx_word' id='word_1_265' title='bbox 1402 1542 1556 1611; x_wconf 76' lang='lat' dir='ltr'>pennalibus</span> <span class='ocrx_word' id='word_1_266' title='bbox 1571 1552 1741 1609; x_wconf 88' lang='lat' dir='ltr'>tenerentur,</span> 
     </span>
     <span class='ocr_line' id='line_1_35' title="bbox 950 1629 1743 1701; baseline 0.013 -19"><span class='ocrx_word' id='word_1_267' title='bbox 950 1629 997 1683; x_wconf 84' lang='lat' dir='ltr'>sed</span> <span class='ocrx_word' id='word_1_268' title='bbox 1012 1637 1042 1683; x_wconf 91' lang='lat' dir='ltr'>ut</span> <span class='ocrx_word' id='word_1_269' title='bbox 1057 1629 1085 1684; x_wconf 88' lang='lat' dir='ltr'>in</span> <span class='ocrx_word' id='word_1_270' title='bbox 1101 1630 1289 1699; x_wconf 89' lang='lat' dir='ltr'>superioribus</span> <span class='ocrx_word' id='word_1_271' title='bbox 1304 1633 1518 1701; x_wconf 70' lang='lat' dir='ltr'>requiescerent.</span> <span class='ocrx_word' id='word_1_272' title='bbox 1536 1655 1545 1686; x_wconf 85' lang='lat' dir='ltr'>r</span> <span class='ocrx_word' id='word_1_273' title='bbox 1560 1633 1633 1690; x_wconf 79' lang='lat' dir='ltr'>lietu</span> <span class='ocrx_word' id='word_1_274' title='bbox 1661 1638 1743 1692; x_wconf 89' lang='lat' dir='ltr'>tertio</span> 
     </span>
    </p>
   </div>
   <div class='ocr_carea' id='block_1_8' title="bbox 914 1721 1801 1979">
    <p class='ocr_par' dir='ltr' id='par_1_12' title="bbox 914 1721 1801 1979">
     <span class='ocr_line' id='line_1_36' title="bbox 943 1721 1801 1792; baseline 0.009 -16"><span class='ocrx_word' id='word_1_275' title='bbox 943 1721 1075 1776; x_wconf 87' lang='lat' dir='ltr'>decimo:</span> <span class='ocrx_word' id='word_1_276' title='bbox 1092 1721 1239 1776; x_wconf 77' lang='lat' dir='ltr'>«Tedium</span> <span class='ocrx_word' id='word_1_277' title='bbox 1263 1739 1318 1792; x_wconf 77' lang='lat' dir='ltr'>aquo</span> <span class='ocrx_word' id='word_1_278' title='bbox 1339 1723 1407 1791; x_wconf 90' lang='lat' dir='ltr'>justi</span> <span class='ocrx_word' id='word_1_279' title='bbox 1433 1724 1625 1780; x_wconf 89' lang='lat' dir='ltr'>desiderabant</span> <span class='ocrx_word' id='word_1_280' title='bbox 1650 1727 1744 1784; x_wconf 84' lang='lat' dir='ltr'>ridere</span> <span class='ocrx_word' id='word_1_281' title='bbox 1798 1757 1801 1762; x_wconf 96' lang='lat'>·</span> 
     </span>
     <span class='ocr_line' id='line_1_37' title="bbox 914 1810 1742 1900; baseline 0.014 -37"><span class='ocrx_word' id='word_1_282' title='bbox 914 1847 934 1900; x_wconf 65' lang='lat' dir='ltr'>B</span> <span class='ocrx_word' id='word_1_283' title='bbox 951 1810 1136 1877; x_wconf 73' lang='lat' dir='ltr'>Salvatorem,</span> <span class='ocrx_word' id='word_1_284' title='bbox 1153 1821 1233 1868; x_wconf 82' lang='lat' dir='ltr'>uocat</span> <span class='ocrx_word' id='word_1_285' title='bbox 1252 1813 1303 1868; x_wconf 81' lang='lat' dir='ltr'>iob</span> <span class='ocrx_word' id='word_1_286' title='bbox 1317 1816 1463 1878; x_wconf 91' lang='lat' dir='ltr'>tenebras,</span> <span class='ocrx_word' id='word_1_287' title='bbox 1480 1816 1525 1870; x_wconf 93' lang='lat' dir='ltr'>ubi</span> <span class='ocrx_word' id='word_1_288' title='bbox 1544 1818 1601 1872; x_wconf 86' lang='lat' dir='ltr'>ait:</span> <span class='ocrx_word' id='word_1_289' title='bbox 1619 1817 1651 1872; x_wconf 86' lang='lat' dir='ltr'>ln</span> <span class='ocrx_word' id='word_1_290' title='bbox 1672 1829 1742 1876; x_wconf 85' lang='lat' dir='ltr'>terre·</span> 
     </span>
     <span class='ocr_line' id='line_1_38' title="bbox 949 1903 1742 1979; baseline 0.011 -22"><span class='ocrx_word' id='word_1_291' title='bbox 949 1903 1005 1958; x_wconf 83' lang='lat' dir='ltr'>bris</span> <span class='ocrx_word' id='word_1_292' title='bbox 1029 1908 1112 1960; x_wconf 83' lang='lat' dir='ltr'>rtruei</span> <span class='ocrx_word' id='word_1_293' title='bbox 1136 1905 1260 1960; x_wconf 81' lang='lat' dir='ltr'>lectulum</span> <span class='ocrx_word' id='word_1_294' title='bbox 1282 1923 1368 1959; x_wconf 88' lang='lat' dir='ltr'>ureum</span> <span class='ocrx_word' id='word_1_295' title='bbox 1390 1905 1458 1978; x_wconf 82' lang='lat' dir='ltr'>(Job</span> <span class='ocrx_word' id='word_1_296' title='bbox 1478 1909 1591 1979; x_wconf 61' lang='lat' dir='ltr'>neubi</span> <span class='ocrx_word' id='word_1_297' title='bbox 1615 1907 1687 1964; x_wconf 87' lang='lat' dir='ltr'>idem</span> <span class='ocrx_word' id='word_1_298' title='bbox 1712 1911 1742 1966; x_wconf 88' lang='lat' dir='ltr'>in</span> 
     </span>
    </p>
   </div>
   <div class='ocr_carea' id='block_1_9' title="bbox 947 1993 1744 2506">
    <p class='ocr_par' dir='ltr' id='par_1_13' title="bbox 947 1993 1744 2506">
     <span class='ocr_line' id='line_1_39' title="bbox 949 1993 1741 2067; baseline 0.011 -19"><span class='ocrx_word' id='word_1_299' title='bbox 949 2003 1047 2048; x_wconf 88' lang='lat' dir='ltr'>octauo</span> <span class='ocrx_word' id='word_1_300' title='bbox 1060 2038 1066 2048; x_wconf 92' lang='lat'>.</span> <span class='ocrx_word' id='word_1_301' title='bbox 1081 2013 1090 2044; x_wconf 84' lang='lat' dir='ltr'>r</span> <span class='ocrx_word' id='word_1_302' title='bbox 1105 1993 1181 2050; x_wconf 87' lang='lat' dir='ltr'>Sicut</span> <span class='ocrx_word' id='word_1_303' title='bbox 1194 1996 1368 2049; x_wconf 86' lang='lat' dir='ltr'>corisunritur</span> <span class='ocrx_word' id='word_1_304' title='bbox 1381 1997 1469 2051; x_wconf 92' lang='lat' dir='ltr'>nubes</span> <span class='ocrx_word' id='word_1_305' title='bbox 1479 2004 1507 2052; x_wconf 91' lang='lat' dir='ltr'>et</span> <span class='ocrx_word' id='word_1_306' title='bbox 1521 1999 1685 2067; x_wconf 88' lang='lat' dir='ltr'>pertransit,</span> <span class='ocrx_word' id='word_1_307' title='bbox 1700 2002 1741 2057; x_wconf 89' lang='lat' dir='ltr'>sic</span> 
     </span>
     <span class='ocr_line' id='line_1_40' title="bbox 948 2085 1744 2154; baseline 0.011 -15"><span class='ocrx_word' id='word_1_308' title='bbox 948 2085 994 2154; x_wconf 83' lang='lat' dir='ltr'>qud</span> <span class='ocrx_word' id='word_1_309' title='bbox 1022 2086 1164 2141; x_wconf 89' lang='lat' dir='ltr'>deseendit</span> <span class='ocrx_word' id='word_1_310' title='bbox 1190 2087 1224 2140; x_wconf 91' lang='lat' dir='ltr'>ad</span> <span class='ocrx_word' id='word_1_311' title='bbox 1250 2086 1371 2150; x_wconf 80' lang='lat' dir='ltr'>inferos,</span> <span class='ocrx_word' id='word_1_312' title='bbox 1399 2103 1454 2142; x_wconf 89' lang='lat' dir='ltr'>uou</span> <span class='ocrx_word' id='word_1_313' title='bbox 1479 2089 1612 2144; x_wconf 91' lang='lat' dir='ltr'>ascendit.</span> <span class='ocrx_word' id='word_1_314' title='bbox 1630 2109 1638 2140; x_wconf 82' lang='lat' dir='ltr'>r</span> <span class='ocrx_word' id='word_1_315' title='bbox 1654 2091 1694 2147; x_wconf 80' lang='lat' dir='ltr'>Ao</span> <span class='ocrx_word' id='word_1_316' title='bbox 1717 2095 1744 2150; x_wconf 85' lang='lat' dir='ltr'>si</span> 
     </span>
     <span class='ocr_line' id='line_1_41' title="bbox 949 2175 1741 2246; baseline 0.013 -19"><span class='ocrx_word' id='word_1_317' title='bbox 949 2183 1043 2246; x_wconf 89' lang='lat' dir='ltr'>aperte</span> <span class='ocrx_word' id='word_1_318' title='bbox 1059 2176 1217 2245; x_wconf 90' lang='lat' dir='ltr'>loqueretur</span> <span class='ocrx_word' id='word_1_319' title='bbox 1231 2175 1299 2237; x_wconf 76' lang='lat' dir='ltr'>lob,</span> <span class='ocrx_word' id='word_1_320' title='bbox 1316 2177 1413 2232; x_wconf 86' lang='lat' dir='ltr'>diceus</span> <span class='ocrx_word' id='word_1_321' title='bbox 1428 2197 1434 2232; x_wconf 92' lang='lat'>:</span> <span class='ocrx_word' id='word_1_322' title='bbox 1452 2177 1481 2232; x_wconf 92' lang='lat' dir='ltr'>ln</span> <span class='ocrx_word' id='word_1_323' title='bbox 1500 2180 1586 2234; x_wconf 72' lang='lat' dir='ltr'>altum</span> <span class='ocrx_word' id='word_1_324' title='bbox 1604 2184 1741 2238; x_wconf 84' lang='lat' dir='ltr'>currendo</span> 
     </span>
     <span class='ocr_line' id='line_1_42' title="bbox 948 2267 1740 2338; baseline 0.006 -16"><span class='ocrx_word' id='word_1_325' title='bbox 948 2267 1057 2330; x_wconf 86' lang='lat' dir='ltr'>deficit,</span> <span class='ocrx_word' id='word_1_326' title='bbox 1073 2268 1120 2338; x_wconf 90' lang='lat' dir='ltr'>qui</span> <span class='ocrx_word' id='word_1_327' title='bbox 1136 2267 1319 2338; x_wconf 91' lang='lat' dir='ltr'>superbiendo</span> <span class='ocrx_word' id='word_1_328' title='bbox 1333 2267 1368 2322; x_wconf 92' lang='lat' dir='ltr'>ad</span> <span class='ocrx_word' id='word_1_329' title='bbox 1384 2268 1524 2324; x_wconf 90' lang='lat' dir='ltr'>interitum</span> <span class='ocrx_word' id='word_1_330' title='bbox 1542 2271 1637 2326; x_wconf 91' lang='lat' dir='ltr'>tendit.</span> <span class='ocrx_word' id='word_1_331' title='bbox 1654 2271 1740 2338; x_wconf 85' lang='lat' dir='ltr'>Quem</span> 
     </span>
     <span class='ocr_line' id='line_1_43' title="bbox 948 2359 1742 2430; baseline 0.009 -17"><span class='ocrx_word' id='word_1_332' title='bbox 948 2359 971 2413; x_wconf 92' lang='lat' dir='ltr'>si</span> <span class='ocrx_word' id='word_1_333' title='bbox 990 2360 1074 2414; x_wconf 89' lang='lat' dir='ltr'>seruel</span> <span class='ocrx_word' id='word_1_334' title='bbox 1094 2361 1173 2429; x_wconf 87' lang='lat' dir='ltr'>eulpa</span> <span class='ocrx_word' id='word_1_335' title='bbox 1194 2359 1227 2412; x_wconf 89' lang='lat' dir='ltr'>ad</span> <span class='ocrx_word' id='word_1_336' title='bbox 1247 2375 1356 2430; x_wconf 85' lang='lat' dir='ltr'>poenam</span> <span class='ocrx_word' id='word_1_337' title='bbox 1379 2361 1531 2430; x_wconf 85' lang='lat' dir='ltr'>pertrabit,</span> <span class='ocrx_word' id='word_1_338' title='bbox 1552 2363 1742 2420; x_wconf 86' lang='lat' dir='ltr'>misericordia</span> 
     </span>
     <span class='ocr_line' id='line_1_44' title="bbox 947 2448 1434 2506; baseline 0.006 -3"><span class='ocrx_word' id='word_1_339' title='bbox 947 2448 1064 2506; x_wconf 90' lang='lat' dir='ltr'>ulterius</span> <span class='ocrx_word' id='word_1_340' title='bbox 1079 2451 1235 2505; x_wconf 77' lang='lat' dir='ltr'>adveniam</span> <span class='ocrx_word' id='word_1_341' title='bbox 1250 2465 1306 2504; x_wconf 91' lang='lat' dir='ltr'>non</span> <span class='ocrx_word' id='word_1_342' title='bbox 1320 2451 1434 2506; x_wconf 83' lang='lat' dir='ltr'>reducit.</span> 
     </span>
    </p>
   </div>
   <div class='ocr_carea' id='block_1_10' title="bbox 945 2551 1743 3170">
    <p class='ocr_par' dir='ltr' id='par_1_14' title="bbox 948 2551 1740 2722">
     <span class='ocr_line' id='line_1_45' title="bbox 984 2551 1740 2625; baseline 0.011 -20"><span class='ocrx_word' id='word_1_343' title='bbox 984 2551 1097 2608; x_wconf 81' lang='lat' dir='ltr'>Elaeam</span> <span class='ocrx_word' id='word_1_344' title='bbox 1111 2565 1199 2608; x_wconf 86' lang='lat' dir='ltr'>aateru</span> <span class='ocrx_word' id='word_1_345' title='bbox 1209 2553 1298 2608; x_wconf 73' lang='lat' dir='ltr'>oculor</span> <span class='ocrx_word' id='word_1_346' title='bbox 1310 2571 1383 2619; x_wconf 81' lang='lat' dir='ltr'>suos,</span> <span class='ocrx_word' id='word_1_347' title='bbox 1396 2570 1455 2607; x_wconf 89' lang='lat' dir='ltr'>cam</span> <span class='ocrx_word' id='word_1_348' title='bbox 1469 2565 1534 2610; x_wconf 82' lang='lat' dir='ltr'>erret</span> <span class='ocrx_word' id='word_1_349' title='bbox 1549 2557 1576 2610; x_wconf 89' lang='lat' dir='ltr'>in</span> <span class='ocrx_word' id='word_1_350' title='bbox 1591 2560 1740 2625; x_wconf 82' lang='lat' dir='ltr'>tormentis,</span> 
     </span>
     <span class='ocr_line' id='line_1_46' title="bbox 948 2643 1723 2722; baseline 0.013 -24"><span class='ocrx_word' id='word_1_351' title='bbox 948 2643 1012 2698; x_wconf 88' lang='lat' dir='ltr'>uidit</span> <span class='ocrx_word' id='word_1_352' title='bbox 1031 2645 1168 2700; x_wconf 79' lang='lat' dir='ltr'>Abrabam</span> <span class='ocrx_word' id='word_1_353' title='bbox 1188 2663 1205 2698; x_wconf 94' lang='lat' dir='ltr'>a</span> <span class='ocrx_word' id='word_1_354' title='bbox 1226 2645 1301 2717; x_wconf 77' lang='lat' dir='ltr'>iouqe</span> <span class='ocrx_word' id='word_1_355' title='bbox 1324 2655 1349 2701; x_wconf 89' lang='lat' dir='ltr'>et</span> <span class='ocrx_word' id='word_1_356' title='bbox 1371 2645 1507 2702; x_wconf 77' lang='lat' dir='ltr'>Lanarum</span> <span class='ocrx_word' id='word_1_357' title='bbox 1526 2649 1555 2703; x_wconf 92' lang='lat' dir='ltr'>iu</span> <span class='ocrx_word' id='word_1_358' title='bbox 1574 2651 1635 2704; x_wconf 83' lang='lat' dir='ltr'>sinu</span> <span class='ocrx_word' id='word_1_359' title='bbox 1654 2653 1723 2722; x_wconf 66' lang='lat' dir='ltr'>que.</span> 
     </span>
    </p>

    <p class='ocr_par' dir='ltr' id='par_1_15' title="bbox 945 2736 1743 3170">
     <span class='ocr_line' id='line_1_47' title="bbox 984 2736 1740 2810; baseline 0.011 -19"><span class='ocrx_word' id='word_1_360' title='bbox 984 2737 1091 2810; x_wconf 70' lang='lat' dir='ltr'>[lissa]</span> <span class='ocrx_word' id='word_1_361' title='bbox 1112 2736 1181 2792; x_wconf 88' lang='lat' dir='ltr'>Cum</span> <span class='ocrx_word' id='word_1_362' title='bbox 1200 2737 1325 2794; x_wconf 90' lang='lat' dir='ltr'>dieamus</span> <span class='ocrx_word' id='word_1_363' title='bbox 1340 2738 1478 2793; x_wconf 85' lang='lat' dir='ltr'>Abrabam</span> <span class='ocrx_word' id='word_1_364' title='bbox 1494 2741 1644 2796; x_wconf 88' lang='lat' dir='ltr'>secuudum</span> <span class='ocrx_word' id='word_1_365' title='bbox 1660 2743 1740 2799; x_wconf 83' lang='lat' dir='ltr'>ludera</span> 
     </span>
     <span class='ocr_line' id='line_1_48' title="bbox 946 2830 1740 2900; baseline 0.006 -18"><span class='ocrx_word' id='word_1_366' title='bbox 946 2836 1054 2900; x_wconf 87' lang='lat' dir='ltr'>patrem</span> <span class='ocrx_word' id='word_1_367' title='bbox 1081 2836 1227 2893; x_wconf 88' lang='lat' dir='ltr'>nostrum,</span> <span class='ocrx_word' id='word_1_368' title='bbox 1256 2837 1345 2885; x_wconf 86' lang='lat' dir='ltr'>eoetus</span> <span class='ocrx_word' id='word_1_369' title='bbox 1370 2830 1540 2885; x_wconf 86' lang='lat' dir='ltr'>credentium</span> <span class='ocrx_word' id='word_1_370' title='bbox 1565 2830 1740 2888; x_wconf 85' lang='lat' dir='ltr'>liberatorem</span> 
     </span>
     <span class='ocr_line' id='line_1_49' title="bbox 945 2919 1742 2993; baseline 0.004 -18"><span class='ocrx_word' id='word_1_371' title='bbox 945 2919 1181 2991; x_wconf 84' lang='lat' dir='ltr'>exspectantium,</span> <span class='ocrx_word' id='word_1_372' title='bbox 1196 2921 1275 2976; x_wconf 89' lang='lat' dir='ltr'>sinus</span> <span class='ocrx_word' id='word_1_373' title='bbox 1288 2928 1348 2976; x_wconf 91' lang='lat' dir='ltr'>erat</span> <span class='ocrx_word' id='word_1_374' title='bbox 1361 2920 1496 2976; x_wconf 75' lang='lat' dir='ltr'>abrahe:</span> <span class='ocrx_word' id='word_1_375' title='bbox 1514 2920 1548 2975; x_wconf 93' lang='lat' dir='ltr'>ad</span> <span class='ocrx_word' id='word_1_376' title='bbox 1564 2938 1645 2993; x_wconf 90' lang='lat' dir='ltr'>quem</span> <span class='ocrx_word' id='word_1_377' title='bbox 1658 2923 1742 2978; x_wconf 87' lang='lat' dir='ltr'>mini-</span> 
     </span>
     <span class='ocr_line' id='line_1_50' title="bbox 946 3009 1743 3080; baseline 0.001 -14"><span class='ocrx_word' id='word_1_378' title='bbox 946 3011 1032 3066; x_wconf 88' lang='lat' dir='ltr'>sterio</span> <span class='ocrx_word' id='word_1_379' title='bbox 1046 3010 1206 3080; x_wconf 85' lang='lat' dir='ltr'>arrgelormu</span> <span class='ocrx_word' id='word_1_380' title='bbox 1220 3010 1342 3066; x_wconf 89' lang='lat' dir='ltr'>directus</span> <span class='ocrx_word' id='word_1_381' title='bbox 1357 3009 1409 3065; x_wconf 87' lang='lat' dir='ltr'>luit</span> <span class='ocrx_word' id='word_1_382' title='bbox 1422 3009 1555 3075; x_wconf 88' lang='lat' dir='ltr'>Lazarus,</span> <span class='ocrx_word' id='word_1_383' title='bbox 1567 3011 1601 3066; x_wconf 87' lang='lat' dir='ltr'>de</span> <span class='ocrx_word' id='word_1_384' title='bbox 1615 3009 1743 3067; x_wconf 86' lang='lat' dir='ltr'>mendico</span> 
     </span>
     <span class='ocr_line' id='line_1_51' title="bbox 947 3098 1741 3170; baseline 0 -15"><span class='ocrx_word' id='word_1_385' title='bbox 947 3101 1024 3156; x_wconf 82' lang='lat' dir='ltr'>diues</span> <span class='ocrx_word' id='word_1_386' title='bbox 1039 3098 1137 3154; x_wconf 87' lang='lat' dir='ltr'>lactus.</span> <span class='ocrx_word' id='word_1_387' title='bbox 1154 3099 1280 3155; x_wconf 89' lang='lat' dir='ltr'>inlideles</span> <span class='ocrx_word' id='word_1_388' title='bbox 1294 3108 1384 3156; x_wconf 91' lang='lat' dir='ltr'>autem</span> <span class='ocrx_word' id='word_1_389' title='bbox 1402 3101 1481 3170; x_wconf 81' lang='lat' dir='ltr'>juxta</span> <span class='ocrx_word' id='word_1_390' title='bbox 1500 3100 1660 3156; x_wconf 86' lang='lat' dir='ltr'>uarietatem</span> <span class='ocrx_word' id='word_1_391' title='bbox 1681 3101 1741 3156; x_wconf 90' lang='lat' dir='ltr'>eul-</span> 
     </span>
    </p>
   </div>
   <div class='ocr_carea' id='block_1_11' title="bbox 114 3157 1739 3267">
    <p class='ocr_par' dir='ltr' id='par_1_16' title="bbox 114 3157 1739 3267">
     <span class='ocr_line' id='line_1_52' title="bbox 114 3157 1739 3267; baseline -0.002 -55"><span class='ocrx_word' id='word_1_392' title='bbox 114 3158 238 3213; x_wconf 89' lang='lat' dir='ltr'>bominem</span> <span class='ocrx_word' id='word_1_393' title='bbox 253 3165 407 3214; x_wconf 91' lang='lat' dir='ltr'>reveretur.</span> <span class='ocrx_word' id='word_1_394' title='bbox 422 3157 481 3212; x_wconf 88' lang='lat' dir='ltr'>Nan</span> <span class='ocrx_word' id='word_1_395' title='bbox 497 3158 569 3228; x_wconf 91' lang='lat' dir='ltr'>patri</span> <span class='ocrx_word' id='word_1_396' title='bbox 583 3157 688 3228; x_wconf 88' lang='lat' dir='ltr'>parcit,</span> <span class='ocrx_word' id='word_1_397' title='bbox 706 3172 761 3211; x_wconf 92' lang='lat' dir='ltr'>non</span> <span class='ocrx_word' id='word_1_398' title='bbox 778 3165 893 3210; x_wconf 87' lang='lat' dir='ltr'>matrem</span> <span class='ocrx_word' id='word_1_399' title='bbox 908 3191 929 3248; x_wconf 73' lang='lat' dir='ltr'><strong>c</strong></span> <span class='ocrx_word' id='word_1_400' title='bbox 946 3211 1060 3267; x_wconf 43' lang='lat' dir='ltr'>parum,</span> <span class='ocrx_word' id='word_1_401' title='bbox 1077 3209 1125 3264; x_wconf 59' lang='lat' dir='ltr'>per</span> <span class='ocrx_word' id='word_1_402' title='bbox 1147 3193 1271 3250; x_wconf 49' lang='lat' dir='ltr'>diversas</span> <span class='ocrx_word' id='word_1_403' title='bbox 1291 3194 1450 3248; x_wconf 58' lang='lat' dir='ltr'>mansiones</span> <span class='ocrx_word' id='word_1_404' title='bbox 1469 3192 1498 3247; x_wconf 59' lang='lat' dir='ltr'>in</span> <span class='ocrx_word' id='word_1_405' title='bbox 1518 3193 1574 3246; x_wconf 56' lang='lat' dir='ltr'>imo</span> <span class='ocrx_word' id='word_1_406' title='bbox 1593 3206 1739 3263; x_wconf 54' lang='lat' dir='ltr'>pomarum</span> 
     </span>
    </p>
   </div>
   <div class='ocr_carea' id='block_1_12' title="bbox 107 3245 895 5149">
    <p class='ocr_par' dir='ltr' id='par_1_17' title="bbox 112 3245 895 4149">
     <span class='ocr_line' id='line_1_53' title="bbox 113 3245 894 3320; baseline 0 -18"><span class='ocrx_word' id='word_1_407' title='bbox 113 3249 239 3320; x_wconf 89' lang='lat' dir='ltr'>agnoscit,</span> <span class='ocrx_word' id='word_1_408' title='bbox 255 3265 315 3304; x_wconf 87' lang='lat' dir='ltr'>non</span> <span class='ocrx_word' id='word_1_409' title='bbox 329 3250 409 3304; x_wconf 90' lang='lat' dir='ltr'>lratri</span> <span class='ocrx_word' id='word_1_410' title='bbox 422 3250 610 3320; x_wconf 88' lang='lat' dir='ltr'>obtemperat,</span> <span class='ocrx_word' id='word_1_411' title='bbox 633 3263 688 3303; x_wconf 94' lang='lat' dir='ltr'>non</span> <span class='ocrx_word' id='word_1_412' title='bbox 711 3249 799 3303; x_wconf 89' lang='lat' dir='ltr'>amieo</span> <span class='ocrx_word' id='word_1_413' title='bbox 814 3245 894 3302; x_wconf 81' lang='lat' dir='ltr'>sideru</span> 
     </span>
     <span class='ocr_line' id='line_1_54' title="bbox 113 3339 891 3412; baseline -0.003 -16"><span class='ocrx_word' id='word_1_414' title='bbox 113 3351 203 3398; x_wconf 87' lang='lat' dir='ltr'>seruat.</span> <span class='ocrx_word' id='word_1_415' title='bbox 231 3341 351 3398; x_wconf 81' lang='lat' dir='ltr'>Viduam</span> <span class='ocrx_word' id='word_1_416' title='bbox 381 3341 534 3412; x_wconf 91' lang='lat' dir='ltr'>opprimit,</span> <span class='ocrx_word' id='word_1_417' title='bbox 567 3340 662 3412; x_wconf 92' lang='lat' dir='ltr'>pupilli</span> <span class='ocrx_word' id='word_1_418' title='bbox 691 3355 748 3396; x_wconf 90' lang='lat' dir='ltr'>rem</span> <span class='ocrx_word' id='word_1_419' title='bbox 777 3339 891 3394; x_wconf 83' lang='lat' dir='ltr'>inuadit.</span> 
     </span>
     <span class='ocr_line' id='line_1_55' title="bbox 115 3429 895 3505; baseline 0 -21"><span class='ocrx_word' id='word_1_420' title='bbox 115 3429 209 3505; x_wconf 73' lang='lat' dir='ltr'>[lirul]</span> <span class='ocrx_word' id='word_1_421' title='bbox 223 3431 290 3499; x_wconf 79' lang='lat' dir='ltr'>Quae</span> <span class='ocrx_word' id='word_1_422' title='bbox 312 3441 355 3487; x_wconf 89' lang='lat' dir='ltr'>est</span> <span class='ocrx_word' id='word_1_423' title='bbox 375 3431 434 3487; x_wconf 86' lang='lat' dir='ltr'>baec</span> <span class='ocrx_word' id='word_1_424' title='bbox 455 3432 579 3500; x_wconf 85' lang='lat' dir='ltr'>insania,</span> <span class='ocrx_word' id='word_1_425' title='bbox 596 3431 739 3501; x_wconf 83' lang='lat' dir='ltr'>acquirere</span> <span class='ocrx_word' id='word_1_426' title='bbox 754 3443 850 3485; x_wconf 86' lang='lat' dir='ltr'>aurum</span> <span class='ocrx_word' id='word_1_427' title='bbox 868 3436 895 3484; x_wconf 91' lang='lat' dir='ltr'>et</span> 
     </span>
     <span class='ocr_line' id='line_1_56' title="bbox 114 3521 895 3595; baseline -0.004 -16"><span class='ocrx_word' id='word_1_428' title='bbox 114 3526 215 3595; x_wconf 86' lang='lat' dir='ltr'>perdere</span> <span class='ocrx_word' id='word_1_429' title='bbox 235 3527 359 3580; x_wconf 78' lang='lat' dir='ltr'>eoelurmt</span> <span class='ocrx_word' id='word_1_430' title='bbox 382 3525 431 3580; x_wconf 91' lang='lat' dir='ltr'>llic</span> <span class='ocrx_word' id='word_1_431' title='bbox 456 3535 546 3580; x_wconf 89' lang='lat' dir='ltr'>tamen</span> <span class='ocrx_word' id='word_1_432' title='bbox 570 3525 646 3580; x_wconf 87' lang='lat' dir='ltr'>diues</span> <span class='ocrx_word' id='word_1_433' title='bbox 668 3537 724 3578; x_wconf 91' lang='lat' dir='ltr'>nou</span> <span class='ocrx_word' id='word_1_434' title='bbox 749 3521 895 3576; x_wconf 87' lang='lat' dir='ltr'>abstulisse</span> 
     </span>
     <span class='ocr_line' id='line_1_57' title="bbox 113 3613 893 3689; baseline 0.003 -21"><span class='ocrx_word' id='word_1_435' title='bbox 113 3616 191 3672; x_wconf 84' lang='lat' dir='ltr'>aliena</span> <span class='ocrx_word' id='word_1_436' title='bbox 219 3617 441 3689; x_wconf 83' lang='lat' dir='ltr'>reprelienditur,</span> <span class='ocrx_word' id='word_1_437' title='bbox 472 3617 520 3674; x_wconf 88' lang='lat' dir='ltr'>sed</span> <span class='ocrx_word' id='word_1_438' title='bbox 552 3615 662 3688; x_wconf 91' lang='lat' dir='ltr'>propria</span> <span class='ocrx_word' id='word_1_439' title='bbox 689 3631 744 3670; x_wconf 91' lang='lat' dir='ltr'>nou</span> <span class='ocrx_word' id='word_1_440' title='bbox 768 3613 893 3678; x_wconf 85' lang='lat' dir='ltr'>dedisse,</span> 
     </span>
     <span class='ocr_line' id='line_1_58' title="bbox 112 3708 893 3781; baseline 0.006 -22"><span class='ocrx_word' id='word_1_441' title='bbox 112 3709 225 3776; x_wconf 82' lang='lat' dir='ltr'>quamuis</span> <span class='ocrx_word' id='word_1_442' title='bbox 239 3710 267 3765; x_wconf 92' lang='lat' dir='ltr'>iu</span> <span class='ocrx_word' id='word_1_443' title='bbox 283 3710 345 3781; x_wconf 83' lang='lat' dir='ltr'>lege</span> <span class='ocrx_word' id='word_1_444' title='bbox 358 3725 414 3765; x_wconf 92' lang='lat' dir='ltr'>uon</span> <span class='ocrx_word' id='word_1_445' title='bbox 428 3711 551 3776; x_wconf 85' lang='lat' dir='ltr'>tenacia,</span> <span class='ocrx_word' id='word_1_446' title='bbox 568 3710 616 3766; x_wconf 91' lang='lat' dir='ltr'>sed</span> <span class='ocrx_word' id='word_1_447' title='bbox 632 3709 728 3780; x_wconf 89' lang='lat' dir='ltr'>rupina</span> <span class='ocrx_word' id='word_1_448' title='bbox 738 3708 893 3764; x_wconf 84' lang='lat' dir='ltr'>damnetur.</span> 
     </span>
     <span class='ocr_line' id='line_1_59' title="bbox 112 3797 895 3871; baseline 0.001 -19"><span class='ocrx_word' id='word_1_449' title='bbox 112 3797 247 3855; x_wconf 79' lang='lat' dir='ltr'>Conebulre</span> <span class='ocrx_word' id='word_1_450' title='bbox 258 3801 374 3858; x_wconf 82' lang='lat' dir='ltr'>uterinae</span> <span class='ocrx_word' id='word_1_451' title='bbox 389 3801 462 3856; x_wconf 89' lang='lat' dir='ltr'>lerro</span> <span class='ocrx_word' id='word_1_452' title='bbox 476 3801 664 3864; x_wconf 76' lang='lat' dir='ltr'>circumcisae,</span> <span class='ocrx_word' id='word_1_453' title='bbox 680 3801 815 3871; x_wconf 83' lang='lat' dir='ltr'>lacrymas</span> <span class='ocrx_word' id='word_1_454' title='bbox 829 3814 895 3869; x_wconf 93' lang='lat' dir='ltr'>pur-</span> 
     </span>
     <span class='ocr_line' id='line_1_60' title="bbox 112 3891 894 3964; baseline 0.003 -21"><span class='ocrx_word' id='word_1_455' title='bbox 112 3905 202 3959; x_wconf 89' lang='lat' dir='ltr'>pureas</span> <span class='ocrx_word' id='word_1_456' title='bbox 221 3893 368 3957; x_wconf 83' lang='lat' dir='ltr'>emittunt,</span> <span class='ocrx_word' id='word_1_457' title='bbox 391 3894 493 3964; x_wconf 89' lang='lat' dir='ltr'>quibus</span> <span class='ocrx_word' id='word_1_458' title='bbox 515 3895 577 3948; x_wconf 90' lang='lat' dir='ltr'>lana</span> <span class='ocrx_word' id='word_1_459' title='bbox 597 3893 723 3963; x_wconf 85' lang='lat' dir='ltr'>tingitur,</span> <span class='ocrx_word' id='word_1_460' title='bbox 740 3891 811 3948; x_wconf 91' lang='lat' dir='ltr'>unde</span> <span class='ocrx_word' id='word_1_461' title='bbox 826 3906 894 3962; x_wconf 92' lang='lat' dir='ltr'>pur-</span> 
     </span>
     <span class='ocr_line' id='line_1_61' title="bbox 112 3984 895 4058; baseline 0.008 -23"><span class='ocrx_word' id='word_1_462' title='bbox 112 3999 174 4053; x_wconf 90' lang='lat' dir='ltr'>pura</span> <span class='ocrx_word' id='word_1_463' title='bbox 186 3985 297 4041; x_wconf 82' lang='lat' dir='ltr'>texitur.</span> <span class='ocrx_word' id='word_1_464' title='bbox 313 3986 429 4058; x_wconf 83' lang='lat' dir='ltr'>byssum</span> <span class='ocrx_word' id='word_1_465' title='bbox 444 4001 509 4042; x_wconf 87' lang='lat' dir='ltr'>uero</span> <span class='ocrx_word' id='word_1_466' title='bbox 523 4002 609 4058; x_wconf 83' lang='lat' dir='ltr'>genus</span> <span class='ocrx_word' id='word_1_467' title='bbox 624 3993 668 4042; x_wconf 89' lang='lat' dir='ltr'>est</span> <span class='ocrx_word' id='word_1_468' title='bbox 688 3985 735 4039; x_wconf 93' lang='lat' dir='ltr'>lini</span> <span class='ocrx_word' id='word_1_469' title='bbox 756 3984 895 4041; x_wconf 87' lang='lat' dir='ltr'>eandidis-</span> 
     </span>
     <span class='ocr_line' id='line_1_62' title="bbox 112 4076 839 4149; baseline 0.001 -19"><span class='ocrx_word' id='word_1_470' title='bbox 112 4076 167 4130; x_wconf 88' lang='lat' dir='ltr'>simi</span> <span class='ocrx_word' id='word_1_471' title='bbox 179 4083 205 4132; x_wconf 92' lang='lat' dir='ltr'>et</span> <span class='ocrx_word' id='word_1_472' title='bbox 221 4078 395 4144; x_wconf 88' lang='lat' dir='ltr'>mollissimi,</span> <span class='ocrx_word' id='word_1_473' title='bbox 412 4079 485 4149; x_wconf 92' lang='lat' dir='ltr'>quod</span> <span class='ocrx_word' id='word_1_474' title='bbox 500 4077 587 4133; x_wconf 83' lang='lat' dir='ltr'>Graeei</span> <span class='ocrx_word' id='word_1_475' title='bbox 601 4087 718 4149; x_wconf 86' lang='lat' dir='ltr'>papaten</span> <span class='ocrx_word' id='word_1_476' title='bbox 731 4085 839 4133; x_wconf 85' lang='lat' dir='ltr'>uocant.</span> 
     </span>
    </p>

    <p class='ocr_par' dir='ltr' id='par_1_18' title="bbox 107 4163 894 4600">
     <span class='ocr_line' id='line_1_63' title="bbox 143 4163 894 4238; baseline 0 -20"><span class='ocrx_word' id='word_1_477' title='bbox 143 4163 175 4219; x_wconf 82' lang='lat' dir='ltr'>ln</span> <span class='ocrx_word' id='word_1_478' title='bbox 193 4177 249 4221; x_wconf 88' lang='lat' dir='ltr'>erat</span> <span class='ocrx_word' id='word_1_479' title='bbox 270 4167 381 4238; x_wconf 85' lang='lat' dir='ltr'>quidam</span> <span class='ocrx_word' id='word_1_480' title='bbox 403 4166 537 4222; x_wconf 76' lang='lat' dir='ltr'>mendicus</span> <span class='ocrx_word' id='word_1_481' title='bbox 558 4167 663 4224; x_wconf 88' lang='lat' dir='ltr'>nomine</span> <span class='ocrx_word' id='word_1_482' title='bbox 685 4164 825 4228; x_wconf 81' lang='lat' dir='ltr'>Lunares,</span> <span class='ocrx_word' id='word_1_483' title='bbox 849 4181 894 4236; x_wconf 80' lang='lat' dir='ltr'>qne</span> 
     </span>
     <span class='ocr_line' id='line_1_64' title="bbox 107 4256 894 4328; baseline 0.001 -18"><span class='ocrx_word' id='word_1_484' title='bbox 107 4256 205 4328; x_wconf 77' lang='lat' dir='ltr'>jaceam</span> <span class='ocrx_word' id='word_1_485' title='bbox 227 4256 261 4312; x_wconf 91' lang='lat' dir='ltr'>ad</span> <span class='ocrx_word' id='word_1_486' title='bbox 275 4259 485 4328; x_wconf 65' lang='lat' dir='ltr'>januamque:</span> <span class='ocrx_word' id='word_1_487' title='bbox 506 4257 637 4312; x_wconf 81' lang='lat' dir='ltr'>ulceribus</span> <span class='ocrx_word' id='word_1_488' title='bbox 658 4257 766 4326; x_wconf 83' lang='lat' dir='ltr'>pierius,</span> <span class='ocrx_word' id='word_1_489' title='bbox 788 4256 894 4324; x_wconf 75' lang='lat' dir='ltr'>eripient</span> 
     </span>
     <span class='ocr_line' id='line_1_65' title="bbox 112 4345 893 4420; baseline 0.005 -23"><span class='ocrx_word' id='word_1_490' title='bbox 112 4349 220 4401; x_wconf 83' lang='lat' dir='ltr'>saturari</span> <span class='ocrx_word' id='word_1_491' title='bbox 240 4347 272 4402; x_wconf 89' lang='lat' dir='ltr'>de</span> <span class='ocrx_word' id='word_1_492' title='bbox 295 4349 448 4420; x_wconf 79' lang='lat' dir='ltr'>mirisque</span> <span class='ocrx_word' id='word_1_493' title='bbox 470 4347 598 4403; x_wconf 86' lang='lat' dir='ltr'>cadebant</span> <span class='ocrx_word' id='word_1_494' title='bbox 619 4348 651 4403; x_wconf 88' lang='lat' dir='ltr'>da</span> <span class='ocrx_word' id='word_1_495' title='bbox 682 4364 772 4402; x_wconf 78' lang='lat' dir='ltr'>menta</span> <span class='ocrx_word' id='word_1_496' title='bbox 791 4345 893 4413; x_wconf 81' lang='lat' dir='ltr'>divitie,</span> 
     </span>
     <span class='ocr_line' id='line_1_66' title="bbox 111 4437 894 4505; baseline 0.005 -17"><span class='ocrx_word' id='word_1_497' title='bbox 111 4447 133 4489; x_wconf 89' lang='lat' dir='ltr'>et</span> <span class='ocrx_word' id='word_1_498' title='bbox 151 4454 222 4492; x_wconf 87' lang='lat' dir='ltr'>nemo</span> <span class='ocrx_word' id='word_1_499' title='bbox 242 4439 287 4494; x_wconf 86' lang='lat' dir='ltr'>ilii</span> <span class='ocrx_word' id='word_1_500' title='bbox 306 4437 399 4494; x_wconf 88' lang='lat' dir='ltr'>dabat.</span> <span class='ocrx_word' id='word_1_501' title='bbox 421 4438 473 4495; x_wconf 88' lang='lat' dir='ltr'>Sed</span> <span class='ocrx_word' id='word_1_502' title='bbox 491 4449 516 4494; x_wconf 89' lang='lat' dir='ltr'>et</span> <span class='ocrx_word' id='word_1_503' title='bbox 536 4456 613 4495; x_wconf 83' lang='lat' dir='ltr'>canes</span> <span class='ocrx_word' id='word_1_504' title='bbox 633 4439 787 4505; x_wconf 80' lang='lat' dir='ltr'>ueniebam,</span> <span class='ocrx_word' id='word_1_505' title='bbox 802 4447 828 4494; x_wconf 90' lang='lat' dir='ltr'>et</span> <span class='ocrx_word' id='word_1_506' title='bbox 842 4439 894 4493; x_wconf 83' lang='lat' dir='ltr'>iin-</span> 
     </span>
     <span class='ocr_line' id='line_1_67' title="bbox 111 4524 394 4600; baseline 0.021 -21"><span class='ocrx_word' id='word_1_507' title='bbox 111 4524 197 4596; x_wconf 74' lang='lat' dir='ltr'>mbant</span> <span class='ocrx_word' id='word_1_508' title='bbox 214 4529 306 4586; x_wconf 89' lang='lat' dir='ltr'>ulcera</span> <span class='ocrx_word' id='word_1_509' title='bbox 327 4529 394 4600; x_wconf 73' lang='lat' dir='ltr'>ejas.</span> 
     </span>
    </p>

    <p class='ocr_par' dir='ltr' id='par_1_19' title="bbox 111 4617 895 5149">
     <span class='ocr_line' id='line_1_68' title="bbox 144 4617 893 4695; baseline 0.005 -21"><span class='ocrx_word' id='word_1_510' title='bbox 144 4617 404 4695; x_wconf 71' lang='lat' dir='ltr'>[Criniso-Arma]</span> <span class='ocrx_word' id='word_1_511' title='bbox 416 4620 471 4678; x_wconf 90' lang='lat' dir='ltr'>blee</span> <span class='ocrx_word' id='word_1_512' title='bbox 486 4637 502 4676; x_wconf 93' lang='lat' dir='ltr'>a</span> <span class='ocrx_word' id='word_1_513' title='bbox 517 4638 546 4679; x_wconf 90' lang='lat' dir='ltr'>se</span> <span class='ocrx_word' id='word_1_514' title='bbox 560 4637 643 4678; x_wconf 84' lang='lat' dir='ltr'>carues</span> <span class='ocrx_word' id='word_1_515' title='bbox 658 4638 799 4679; x_wconf 80' lang='lat' dir='ltr'>removere</span> <span class='ocrx_word' id='word_1_516' title='bbox 818 4631 893 4694; x_wconf 90' lang='lat' dir='ltr'>pote·</span> 
     </span>
     <span class='ocr_line' id='line_1_69' title="bbox 112 4713 894 4786; baseline 0.008 -22"><span class='ocrx_word' id='word_1_517' title='bbox 112 4719 166 4774; x_wconf 88' lang='lat' dir='ltr'>rat,</span> <span class='ocrx_word' id='word_1_518' title='bbox 186 4729 236 4768; x_wconf 91' lang='lat' dir='ltr'>nee</span> <span class='ocrx_word' id='word_1_519' title='bbox 259 4713 388 4769; x_wconf 83' lang='lat' dir='ltr'>uisitator</span> <span class='ocrx_word' id='word_1_520' title='bbox 406 4722 466 4771; x_wconf 91' lang='lat' dir='ltr'>erat</span> <span class='ocrx_word' id='word_1_521' title='bbox 486 4715 533 4786; x_wconf 93' lang='lat' dir='ltr'>qui</span> <span class='ocrx_word' id='word_1_522' title='bbox 555 4723 719 4772; x_wconf 79' lang='lat' dir='ltr'>removeret.</span> <span class='ocrx_word' id='word_1_523' title='bbox 742 4715 811 4770; x_wconf 90' lang='lat' dir='ltr'>Nota</span> <span class='ocrx_word' id='word_1_524' title='bbox 831 4729 894 4770; x_wconf 87' lang='lat' dir='ltr'>eum</span> 
     </span>
     <span class='ocr_line' id='line_1_70' title="bbox 111 4802 894 4876; baseline 0.006 -21"><span class='ocrx_word' id='word_1_525' title='bbox 111 4802 240 4872; x_wconf 76' lang='lat' dir='ltr'>parabolae</span> <span class='ocrx_word' id='word_1_526' title='bbox 255 4805 366 4875; x_wconf 91' lang='lat' dir='ltr'>propria</span> <span class='ocrx_word' id='word_1_527' title='bbox 381 4819 435 4858; x_wconf 92' lang='lat' dir='ltr'>uon</span> <span class='ocrx_word' id='word_1_528' title='bbox 449 4811 550 4876; x_wconf 88' lang='lat' dir='ltr'>ponant</span> <span class='ocrx_word' id='word_1_529' title='bbox 566 4803 694 4868; x_wconf 90' lang='lat' dir='ltr'>nomina,</span> <span class='ocrx_word' id='word_1_530' title='bbox 715 4811 742 4860; x_wconf 91' lang='lat' dir='ltr'>et</span> <span class='ocrx_word' id='word_1_531' title='bbox 762 4803 894 4860; x_wconf 84' lang='lat' dir='ltr'>llomiuus</span> 
     </span>
     <span class='ocr_line' id='line_1_71' title="bbox 112 4893 894 4967; baseline 0.005 -20"><span class='ocrx_word' id='word_1_532' title='bbox 112 4907 158 4962; x_wconf 89' lang='lat' dir='ltr'>per</span> <span class='ocrx_word' id='word_1_533' title='bbox 171 4893 334 4950; x_wconf 90' lang='lat' dir='ltr'>humilitatis</span> <span class='ocrx_word' id='word_1_534' title='bbox 351 4896 575 4967; x_wconf 89' lang='lat' dir='ltr'>approbationem</span> <span class='ocrx_word' id='word_1_535' title='bbox 596 4896 726 4966; x_wconf 90' lang='lat' dir='ltr'>pauperis</span> <span class='ocrx_word' id='word_1_536' title='bbox 740 4895 824 4964; x_wconf 81' lang='lat' dir='ltr'>liujus</span> <span class='ocrx_word' id='word_1_537' title='bbox 844 4912 894 4951; x_wconf 92' lang='lat' dir='ltr'>no-</span> 
     </span>
     <span class='ocr_line' id='line_1_72' title="bbox 112 4985 895 5058; baseline 0.005 -20"><span class='ocrx_word' id='word_1_538' title='bbox 112 4985 277 5053; x_wconf 82' lang='lat' dir='ltr'>mendicat,</span> <span class='ocrx_word' id='word_1_539' title='bbox 304 5003 359 5042; x_wconf 92' lang='lat' dir='ltr'>non</span> <span class='ocrx_word' id='word_1_540' title='bbox 378 4989 524 5058; x_wconf 88' lang='lat' dir='ltr'>parabola,</span> <span class='ocrx_word' id='word_1_541' title='bbox 547 4987 595 5043; x_wconf 91' lang='lat' dir='ltr'>sed</span> <span class='ocrx_word' id='word_1_542' title='bbox 614 4988 654 5043; x_wconf 91' lang='lat' dir='ltr'>rei</span> <span class='ocrx_word' id='word_1_543' title='bbox 675 4995 758 5058; x_wconf 87' lang='lat' dir='ltr'>gestae</span> <span class='ocrx_word' id='word_1_544' title='bbox 772 4988 895 5043; x_wconf 86' lang='lat' dir='ltr'>narratio</span> 
     </span>
     <span class='ocr_line' id='line_1_73' title="bbox 113 5073 894 5149; baseline 0.008 -21"><span class='ocrx_word' id='word_1_545' title='bbox 113 5073 164 5130; x_wconf 86' lang='lat' dir='ltr'>luee</span> <span class='ocrx_word' id='word_1_546' title='bbox 178 5085 228 5134; x_wconf 91' lang='lat' dir='ltr'>est.</span> <span class='ocrx_word' id='word_1_547' title='bbox 244 5078 361 5135; x_wconf 89' lang='lat' dir='ltr'>lleudici</span> <span class='ocrx_word' id='word_1_548' title='bbox 375 5079 457 5149; x_wconf 82' lang='lat' dir='ltr'>liujus</span> <span class='ocrx_word' id='word_1_549' title='bbox 472 5081 565 5135; x_wconf 88' lang='lat' dir='ltr'>uleera</span> <span class='ocrx_word' id='word_1_550' title='bbox 579 5078 657 5136; x_wconf 87' lang='lat' dir='ltr'>diues</span> <span class='ocrx_word' id='word_1_551' title='bbox 672 5079 833 5136; x_wconf 79' lang='lat' dir='ltr'>fastidiosus</span> <span class='ocrx_word' id='word_1_552' title='bbox 845 5095 894 5134; x_wconf 84' lang='lat' dir='ltr'>ex-</span> 
     </span>
    </p>
   </div>
   <div class='ocr_carea' id='block_1_13' title="bbox 945 3283 1742 4102">
    <p class='ocr_par' dir='ltr' id='par_1_20' title="bbox 946 3283 1740 3448">
     <span class='ocr_line' id='line_1_74' title="bbox 947 3283 1740 3358; baseline -0.006 -15"><span class='ocrx_word' id='word_1_553' title='bbox 947 3286 1048 3358; x_wconf 83' lang='lat' dir='ltr'>pus²ti‚</span> <span class='ocrx_word' id='word_1_554' title='bbox 1066 3285 1159 3340; x_wconf 87' lang='lat' dir='ltr'>ddeles</span> <span class='ocrx_word' id='word_1_555' title='bbox 1174 3301 1258 3356; x_wconf 87' lang='lat' dir='ltr'>super</span> <span class='ocrx_word' id='word_1_556' title='bbox 1278 3300 1308 3340; x_wconf 91' lang='lat' dir='ltr'>se</span> <span class='ocrx_word' id='word_1_557' title='bbox 1328 3285 1356 3338; x_wconf 87' lang='lat' dir='ltr'>in</span> <span class='ocrx_word' id='word_1_558' title='bbox 1380 3285 1475 3354; x_wconf 90' lang='lat' dir='ltr'>requie</span> <span class='ocrx_word' id='word_1_559' title='bbox 1495 3297 1510 3337; x_wconf 91' lang='lat' dir='ltr'>a</span> <span class='ocrx_word' id='word_1_560' title='bbox 1529 3284 1608 3354; x_wconf 84' lang='lat' dir='ltr'>louge</span> <span class='ocrx_word' id='word_1_561' title='bbox 1627 3283 1740 3353; x_wconf 87' lang='lat' dir='ltr'>couspi·</span> 
     </span>
     <span class='ocr_line' id='line_1_75' title="bbox 946 3375 1631 3448; baseline -0.006 -15"><span class='ocrx_word' id='word_1_562' title='bbox 946 3379 1039 3446; x_wconf 89' lang='lat' dir='ltr'>ciunt,</span> <span class='ocrx_word' id='word_1_563' title='bbox 1051 3379 1115 3448; x_wconf 90' lang='lat' dir='ltr'>quia</span> <span class='ocrx_word' id='word_1_564' title='bbox 1129 3377 1195 3431; x_wconf 93' lang='lat' dir='ltr'>illue</span> <span class='ocrx_word' id='word_1_565' title='bbox 1209 3391 1259 3446; x_wconf 89' lang='lat' dir='ltr'>per</span> <span class='ocrx_word' id='word_1_566' title='bbox 1272 3376 1400 3430; x_wconf 88' lang='lat' dir='ltr'>meritum</span> <span class='ocrx_word' id='word_1_567' title='bbox 1415 3391 1471 3429; x_wconf 93' lang='lat' dir='ltr'>uon</span> <span class='ocrx_word' id='word_1_568' title='bbox 1484 3375 1631 3444; x_wconf 87' lang='lat' dir='ltr'>attingunt.</span> 
     </span>
    </p>

    <p class='ocr_par' dir='ltr' id='par_1_21' title="bbox 945 3472 1742 3822">
     <span class='ocr_line' id='line_1_76' title="bbox 982 3472 1742 3547; baseline -0.008 -14"><span class='ocrx_word' id='word_1_569' title='bbox 982 3477 1018 3532; x_wconf 80' lang='lat' dir='ltr'>Et</span> <span class='ocrx_word' id='word_1_570' title='bbox 1036 3479 1091 3547; x_wconf 82' lang='lat' dir='ltr'>ipre</span> <span class='ocrx_word' id='word_1_571' title='bbox 1111 3477 1250 3540; x_wconf 81' lang='lat' dir='ltr'>olamans,</span> <span class='ocrx_word' id='word_1_572' title='bbox 1271 3474 1363 3528; x_wconf 78' lang='lat' dir='ltr'>dixit:</span> <span class='ocrx_word' id='word_1_573' title='bbox 1382 3473 1465 3528; x_wconf 88' lang='lat' dir='ltr'>Pater</span> <span class='ocrx_word' id='word_1_574' title='bbox 1483 3473 1639 3538; x_wconf 82' lang='lat' dir='ltr'>Abrabam,</span> <span class='ocrx_word' id='word_1_575' title='bbox 1660 3472 1742 3528; x_wconf 84' lang='lat' dir='ltr'>mire·</span> 
     </span>
     <span class='ocr_line' id='line_1_77' title="bbox 946 3566 1740 3636; baseline -0.008 -12"><span class='ocrx_word' id='word_1_576' title='bbox 946 3588 1004 3626; x_wconf 87' lang='lat' dir='ltr'>rere</span> <span class='ocrx_word' id='word_1_577' title='bbox 1024 3573 1092 3635; x_wconf 86' lang='lat' dir='ltr'>rttei,</span> <span class='ocrx_word' id='word_1_578' title='bbox 1112 3579 1139 3624; x_wconf 90' lang='lat' dir='ltr'>et</span> <span class='ocrx_word' id='word_1_579' title='bbox 1161 3569 1235 3623; x_wconf 88' lang='lat' dir='ltr'>mitte</span> <span class='ocrx_word' id='word_1_580' title='bbox 1254 3566 1390 3621; x_wconf 80' lang='lat' dir='ltr'>Lazarum</span> <span class='ocrx_word' id='word_1_581' title='bbox 1410 3576 1439 3620; x_wconf 89' lang='lat' dir='ltr'>ut</span> <span class='ocrx_word' id='word_1_582' title='bbox 1460 3567 1575 3636; x_wconf 79' lang='lat' dir='ltr'>intingat</span> <span class='ocrx_word' id='word_1_583' title='bbox 1591 3574 1740 3620; x_wconf 76' lang='lat' dir='ltr'>extremam</span> 
     </span>
     <span class='ocr_line' id='line_1_78' title="bbox 945 3661 1737 3734; baseline -0.004 -18"><span class='ocrx_word' id='word_1_584' title='bbox 945 3663 1024 3734; x_wconf 77' lang='lat' dir='ltr'>digiti</span> <span class='ocrx_word' id='word_1_585' title='bbox 1044 3663 1087 3718; x_wconf 81' lang='lat' dir='ltr'>rui</span> <span class='ocrx_word' id='word_1_586' title='bbox 1104 3663 1133 3716; x_wconf 85' lang='lat' dir='ltr'>in</span> <span class='ocrx_word' id='word_1_587' title='bbox 1153 3680 1271 3734; x_wconf 73' lang='lat' dir='ltr'>aquam,</span> <span class='ocrx_word' id='word_1_588' title='bbox 1292 3671 1322 3716; x_wconf 88' lang='lat' dir='ltr'>at</span> <span class='ocrx_word' id='word_1_589' title='bbox 1342 3661 1477 3733; x_wconf 78' lang='lat' dir='ltr'>refrigeret</span> <span class='ocrx_word' id='word_1_590' title='bbox 1497 3661 1617 3730; x_wconf 81' lang='lat' dir='ltr'>linguam</span> <span class='ocrx_word' id='word_1_591' title='bbox 1633 3676 1737 3726; x_wconf 86' lang='lat' dir='ltr'>meant,</span> 
     </span>
     <span class='ocr_line' id='line_1_79' title="bbox 945 3750 1382 3822; baseline 0 -16"><span class='ocrx_word' id='word_1_592' title='bbox 945 3753 1009 3822; x_wconf 85' lang='lat' dir='ltr'>qaia</span> <span class='ocrx_word' id='word_1_593' title='bbox 1028 3751 1132 3806; x_wconf 85' lang='lat' dir='ltr'>crucior</span> <span class='ocrx_word' id='word_1_594' title='bbox 1145 3752 1173 3806; x_wconf 91' lang='lat' dir='ltr'>in</span> <span class='ocrx_word' id='word_1_595' title='bbox 1193 3750 1243 3805; x_wconf 84' lang='lat' dir='ltr'>irae</span> <span class='ocrx_word' id='word_1_596' title='bbox 1260 3751 1382 3820; x_wconf 68' lang='lat' dir='ltr'>barrama.</span> 
     </span>
    </p>

    <p class='ocr_par' dir='ltr' id='par_1_22' title="bbox 945 3846 1739 4102">
     <span class='ocr_line' id='line_1_80' title="bbox 982 3846 1736 3924; baseline -0.001 -19"><span class='ocrx_word' id='word_1_597' title='bbox 982 3849 1061 3906; x_wconf 88' lang='lat' dir='ltr'>Sicut</span> <span class='ocrx_word' id='word_1_598' title='bbox 1075 3850 1205 3924; x_wconf 81' lang='lat' dir='ltr'>diuinitas</span> <span class='ocrx_word' id='word_1_599' title='bbox 1221 3849 1339 3920; x_wconf 81' lang='lat' dir='ltr'>bgurare</span> <span class='ocrx_word' id='word_1_600' title='bbox 1350 3865 1399 3923; x_wconf 90' lang='lat' dir='ltr'>per</span> <span class='ocrx_word' id='word_1_601' title='bbox 1410 3846 1616 3904; x_wconf 88' lang='lat' dir='ltr'>translationem</span> <span class='ocrx_word' id='word_1_602' title='bbox 1630 3846 1736 3910; x_wconf 86' lang='lat' dir='ltr'>oculos,</span> 
     </span>
     <span class='ocr_line' id='line_1_81' title="bbox 945 3937 1739 4014; baseline -0.008 -17"><span class='ocrx_word' id='word_1_603' title='bbox 945 3943 1085 4014; x_wconf 87' lang='lat' dir='ltr'>linguam,</span> <span class='ocrx_word' id='word_1_604' title='bbox 1100 3942 1218 4013; x_wconf 87' lang='lat' dir='ltr'>digitos,</span> <span class='ocrx_word' id='word_1_605' title='bbox 1234 3947 1387 4011; x_wconf 77' lang='lat' dir='ltr'>caeteraque</span> <span class='ocrx_word' id='word_1_606' title='bbox 1402 3941 1520 3994; x_wconf 89' lang='lat' dir='ltr'>bumana</span> <span class='ocrx_word' id='word_1_607' title='bbox 1532 3938 1655 3994; x_wconf 88' lang='lat' dir='ltr'>membra</span> <span class='ocrx_word' id='word_1_608' title='bbox 1668 3937 1739 3993; x_wconf 90' lang='lat' dir='ltr'>diei·</span> 
     </span>
     <span class='ocr_line' id='line_1_82' title="bbox 945 4026 1739 4102; baseline -0.009 -14"><span class='ocrx_word' id='word_1_609' title='bbox 945 4042 991 4088; x_wconf 92' lang='lat' dir='ltr'>tur</span> <span class='ocrx_word' id='word_1_610' title='bbox 1007 4033 1125 4098; x_wconf 90' lang='lat' dir='ltr'>babere,</span> <span class='ocrx_word' id='word_1_611' title='bbox 1142 4032 1182 4087; x_wconf 86' lang='lat' dir='ltr'>ita</span> <span class='ocrx_word' id='word_1_612' title='bbox 1195 4031 1293 4086; x_wconf 81' lang='lat' dir='ltr'>animae</span> <span class='ocrx_word' id='word_1_613' title='bbox 1304 4046 1321 4085; x_wconf 89' lang='lat' dir='ltr'>a</span> <span class='ocrx_word' id='word_1_614' title='bbox 1331 4031 1493 4102; x_wconf 87' lang='lat' dir='ltr'>corporibus</span> <span class='ocrx_word' id='word_1_615' title='bbox 1509 4036 1650 4099; x_wconf 81' lang='lat' dir='ltr'>separate.</span> <span class='ocrx_word' id='word_1_616' title='bbox 1667 4026 1739 4083; x_wconf 89' lang='lat' dir='ltr'>Petit</span> 
     </span>
    </p>
   </div>
   <div class='ocr_carea' id='block_1_14' title="bbox 888 4119 1737 4198">
    <p class='ocr_par' dir='ltr' id='par_1_23' title="bbox 888 4119 1737 4198">
     <span class='ocr_line' id='line_1_83' title="bbox 888 4119 1737 4198; baseline -0.006 -20"><span class='ocrx_word' id='word_1_617' title='bbox 888 4166 894 4178; x_wconf 96' lang='lat'>.</span> <span class='ocrx_word' id='word_1_618' title='bbox 945 4142 1012 4198; x_wconf 87' lang='lat' dir='ltr'>ergo</span> <span class='ocrx_word' id='word_1_619' title='bbox 1026 4126 1104 4181; x_wconf 88' lang='lat' dir='ltr'>diues</span> <span class='ocrx_word' id='word_1_620' title='bbox 1117 4125 1239 4195; x_wconf 87' lang='lat' dir='ltr'>linguam</span> <span class='ocrx_word' id='word_1_621' title='bbox 1258 4139 1337 4179; x_wconf 88' lang='lat' dir='ltr'>saaru</span> <span class='ocrx_word' id='word_1_622' title='bbox 1356 4119 1531 4192; x_wconf 76' lang='lat' dir='ltr'>refrigerari,</span> <span class='ocrx_word' id='word_1_623' title='bbox 1549 4119 1578 4173; x_wconf 90' lang='lat' dir='ltr'>id</span> <span class='ocrx_word' id='word_1_624' title='bbox 1606 4126 1649 4174; x_wconf 92' lang='lat' dir='ltr'>est</span> <span class='ocrx_word' id='word_1_625' title='bbox 1676 4135 1737 4190; x_wconf 83' lang='lat' dir='ltr'>pce-</span> 
     </span>
    </p>
   </div>
   <div class='ocr_carea' id='block_1_15' title="bbox 944 4208 1741 5024">
    <p class='ocr_par' dir='ltr' id='par_1_24' title="bbox 944 4208 1741 4744">
     <span class='ocr_line' id='line_1_84' title="bbox 945 4208 1740 4289; baseline -0.015 -15"><span class='ocrx_word' id='word_1_626' title='bbox 945 4234 1011 4274; x_wconf 90' lang='lat' dir='ltr'>nam</span> <span class='ocrx_word' id='word_1_627' title='bbox 1024 4233 1107 4289; x_wconf 91' lang='lat' dir='ltr'>quam</span> <span class='ocrx_word' id='word_1_628' title='bbox 1118 4232 1181 4272; x_wconf 89' lang='lat' dir='ltr'>eum</span> <span class='ocrx_word' id='word_1_629' title='bbox 1193 4216 1285 4288; x_wconf 86' lang='lat' dir='ltr'>lingua</span> <span class='ocrx_word' id='word_1_630' title='bbox 1298 4230 1348 4272; x_wconf 88' lang='lat' dir='ltr'>sua</span> <span class='ocrx_word' id='word_1_631' title='bbox 1362 4213 1477 4278; x_wconf 88' lang='lat' dir='ltr'>meruit,</span> <span class='ocrx_word' id='word_1_632' title='bbox 1493 4210 1619 4266; x_wconf 84' lang='lat' dir='ltr'>relaxari.</span> <span class='ocrx_word' id='word_1_633' title='bbox 1633 4208 1663 4264; x_wconf 94' lang='lat' dir='ltr'>ln</span> <span class='ocrx_word' id='word_1_634' title='bbox 1675 4224 1740 4264; x_wconf 90' lang='lat' dir='ltr'>eon·</span> 
     </span>
     <span class='ocr_line' id='line_1_85' title="bbox 944 4299 1739 4379; baseline -0.016 -13"><span class='ocrx_word' id='word_1_635' title='bbox 944 4310 1027 4366; x_wconf 84' lang='lat' dir='ltr'>uiuiis</span> <span class='ocrx_word' id='word_1_636' title='bbox 1046 4309 1120 4365; x_wconf 86' lang='lat' dir='ltr'>eninr</span> <span class='ocrx_word' id='word_1_637' title='bbox 1135 4308 1199 4379; x_wconf 89' lang='lat' dir='ltr'>quia</span> <span class='ocrx_word' id='word_1_638' title='bbox 1213 4307 1365 4378; x_wconf 87' lang='lat' dir='ltr'>loquacitas</span> <span class='ocrx_word' id='word_1_639' title='bbox 1384 4304 1453 4359; x_wconf 91' lang='lat' dir='ltr'>solet</span> <span class='ocrx_word' id='word_1_640' title='bbox 1471 4301 1624 4364; x_wconf 90' lang='lat' dir='ltr'>abundare,</span> <span class='ocrx_word' id='word_1_641' title='bbox 1645 4299 1739 4371; x_wconf 88' lang='lat' dir='ltr'>perbi-</span> 
     </span>
     <span class='ocr_line' id='line_1_86' title="bbox 945 4390 1738 4470; baseline -0.015 -12"><span class='ocrx_word' id='word_1_642' title='bbox 945 4402 1026 4458; x_wconf 88' lang='lat' dir='ltr'>betur</span> <span class='ocrx_word' id='word_1_643' title='bbox 1039 4400 1117 4458; x_wconf 77' lang='lat' dir='ltr'>dives</span> <span class='ocrx_word' id='word_1_644' title='bbox 1130 4416 1164 4456; x_wconf 83' lang='lat' dir='ltr'>ex</span> <span class='ocrx_word' id='word_1_645' title='bbox 1177 4393 1498 4470; x_wconf 83' lang='lat' dir='ltr'>liuguagraviusardere.</span> <span class='ocrx_word' id='word_1_646' title='bbox 1511 4390 1593 4464; x_wconf 89' lang='lat' dir='ltr'>Optat</span> <span class='ocrx_word' id='word_1_647' title='bbox 1609 4391 1693 4462; x_wconf 88' lang='lat' dir='ltr'>igitur</span> <span class='ocrx_word' id='word_1_648' title='bbox 1703 4391 1738 4446; x_wconf 91' lang='lat' dir='ltr'>ab</span> 
     </span>
     <span class='ocr_line' id='line_1_87' title="bbox 946 4483 1741 4565; baseline -0.013 -15"><span class='ocrx_word' id='word_1_649' title='bbox 946 4503 1069 4550; x_wconf 83' lang='lat' dir='ltr'>extremo</span> <span class='ocrx_word' id='word_1_650' title='bbox 1082 4493 1160 4565; x_wconf 87' lang='lat' dir='ltr'>digiti</span> <span class='ocrx_word' id='word_1_651' title='bbox 1175 4508 1205 4549; x_wconf 89' lang='lat' dir='ltr'>se</span> <span class='ocrx_word' id='word_1_652' title='bbox 1219 4491 1311 4562; x_wconf 84' lang='lat' dir='ltr'>tangi,</span> <span class='ocrx_word' id='word_1_653' title='bbox 1322 4489 1349 4544; x_wconf 94' lang='lat' dir='ltr'>id</span> <span class='ocrx_word' id='word_1_654' title='bbox 1360 4496 1418 4552; x_wconf 88' lang='lat' dir='ltr'>est,</span> <span class='ocrx_word' id='word_1_655' title='bbox 1431 4485 1589 4556; x_wconf 89' lang='lat' dir='ltr'>operatione</span> <span class='ocrx_word' id='word_1_656' title='bbox 1598 4483 1741 4555; x_wconf 86' lang='lat' dir='ltr'>justorum</span> 
     </span>
     <span class='ocr_line' id='line_1_88' title="bbox 947 4575 1738 4650; baseline -0.01 -10"><span class='ocrx_word' id='word_1_657' title='bbox 947 4587 989 4641; x_wconf 86' lang='lat' dir='ltr'>uel</span> <span class='ocrx_word' id='word_1_658' title='bbox 1003 4585 1098 4640; x_wconf 90' lang='lat' dir='ltr'>ultima</span> <span class='ocrx_word' id='word_1_659' title='bbox 1111 4584 1251 4648; x_wconf 85' lang='lat' dir='ltr'>recreari,</span> <span class='ocrx_word' id='word_1_660' title='bbox 1265 4591 1290 4638; x_wconf 93' lang='lat' dir='ltr'>et</span> <span class='ocrx_word' id='word_1_661' title='bbox 1307 4581 1348 4638; x_wconf 93' lang='lat' dir='ltr'>sie</span> <span class='ocrx_word' id='word_1_662' title='bbox 1362 4595 1410 4650; x_wconf 90' lang='lat' dir='ltr'>per</span> <span class='ocrx_word' id='word_1_663' title='bbox 1425 4593 1523 4650; x_wconf 89' lang='lat' dir='ltr'>aquam</span> <span class='ocrx_word' id='word_1_664' title='bbox 1538 4577 1628 4633; x_wconf 87' lang='lat' dir='ltr'>vivam</span> <span class='ocrx_word' id='word_1_665' title='bbox 1643 4575 1738 4648; x_wconf 73' lang='lat' dir='ltr'>gratia}</span> 
     </span>
     <span class='ocr_line' id='line_1_89' title="bbox 946 4671 1477 4744; baseline -0.006 -13"><span class='ocrx_word' id='word_1_666' title='bbox 946 4674 1014 4744; x_wconf 85' lang='lat' dir='ltr'>liei,</span> <span class='ocrx_word' id='word_1_667' title='bbox 1029 4676 1243 4734; x_wconf 87' lang='lat' dir='ltr'>misericorditer</span> <span class='ocrx_word' id='word_1_668' title='bbox 1257 4673 1312 4730; x_wconf 90' lang='lat' dir='ltr'>sibi</span> <span class='ocrx_word' id='word_1_669' title='bbox 1327 4671 1477 4730; x_wconf 85' lang='lat' dir='ltr'>subueniri.</span> 
     </span>
    </p>

    <p class='ocr_par' dir='ltr' id='par_1_25' title="bbox 946 4772 1737 5024">
     <span class='ocr_line' id='line_1_90' title="bbox 983 4772 1737 4844; baseline -0.011 -11"><span class='ocrx_word' id='word_1_670' title='bbox 983 4778 1019 4833; x_wconf 85' lang='lat' dir='ltr'>Et</span> <span class='ocrx_word' id='word_1_671' title='bbox 1038 4779 1106 4834; x_wconf 77' lang='lat' dir='ltr'>dieb</span> <span class='ocrx_word' id='word_1_672' title='bbox 1126 4779 1168 4832; x_wconf 87' lang='lat' dir='ltr'>iiii</span> <span class='ocrx_word' id='word_1_673' title='bbox 1184 4777 1340 4832; x_wconf 81' lang='lat' dir='ltr'>Abrabam:</span> <span class='ocrx_word' id='word_1_674' title='bbox 1362 4773 1435 4840; x_wconf 85' lang='lat' dir='ltr'>Fili,</span> <span class='ocrx_word' id='word_1_675' title='bbox 1456 4774 1597 4829; x_wconf 84' lang='lat' dir='ltr'>recordare</span> <span class='ocrx_word' id='word_1_676' title='bbox 1611 4772 1675 4844; x_wconf 87' lang='lat' dir='ltr'>qaia</span> <span class='ocrx_word' id='word_1_677' title='bbox 1694 4788 1737 4825; x_wconf 86' lang='lat' dir='ltr'>re·</span> 
     </span>
     <span class='ocr_line' id='line_1_91' title="bbox 946 4861 1735 4941; baseline -0.01 -14"><span class='ocrx_word' id='word_1_678' title='bbox 946 4872 1038 4941; x_wconf 83' lang='lat' dir='ltr'>cepisti</span> <span class='ocrx_word' id='word_1_679' title='bbox 1057 4870 1125 4926; x_wconf 85' lang='lat' dir='ltr'>bona</span> <span class='ocrx_word' id='word_1_680' title='bbox 1141 4872 1169 4925; x_wconf 90' lang='lat' dir='ltr'>in</span> <span class='ocrx_word' id='word_1_681' title='bbox 1189 4871 1243 4925; x_wconf 89' lang='lat' dir='ltr'>oita</span> <span class='ocrx_word' id='word_1_682' title='bbox 1256 4879 1319 4934; x_wconf 88' lang='lat' dir='ltr'>tna,</span> <span class='ocrx_word' id='word_1_683' title='bbox 1335 4876 1360 4922; x_wconf 89' lang='lat' dir='ltr'>et</span> <span class='ocrx_word' id='word_1_684' title='bbox 1377 4866 1498 4921; x_wconf 72' lang='lat' dir='ltr'>Lazarus</span> <span class='ocrx_word' id='word_1_685' title='bbox 1512 4865 1634 4920; x_wconf 79' lang='lat' dir='ltr'>similiter</span> <span class='ocrx_word' id='word_1_686' title='bbox 1652 4861 1735 4919; x_wconf 82' lang='lat' dir='ltr'>mala.</span> 
     </span>
     <span class='ocr_line' id='line_1_92' title="bbox 947 4953 1671 5024; baseline -0.015 -6"><span class='ocrx_word' id='word_1_687' title='bbox 947 4963 1027 5018; x_wconf 83' lang='lat' dir='ltr'>Nune</span> <span class='ocrx_word' id='word_1_688' title='bbox 1047 4971 1134 5016; x_wconf 79' lang='lat' dir='ltr'>autern</span> <span class='ocrx_word' id='word_1_689' title='bbox 1153 4959 1195 5014; x_wconf 85' lang='lat' dir='ltr'>bie</span> <span class='ocrx_word' id='word_1_690' title='bbox 1213 4960 1377 5024; x_wconf 78' lang='lat' dir='ltr'>consolatur,</span> <span class='ocrx_word' id='word_1_691' title='bbox 1402 4966 1430 5012; x_wconf 80' lang='lat' dir='ltr'>te</span> <span class='ocrx_word' id='word_1_692' title='bbox 1452 4973 1512 5011; x_wconf 87' lang='lat' dir='ltr'>vero</span> <span class='ocrx_word' id='word_1_693' title='bbox 1531 4953 1671 5009; x_wconf 80' lang='lat' dir='ltr'>cruciaris.</span> 
     </span>
    </p>
   </div>
   <div class='ocr_carea' id='block_1_16' title="bbox 981 5065 1738 5147">
    <p class='ocr_par' dir='ltr' id='par_1_26' title="bbox 981 5065 1738 5147">
     <span class='ocr_line' id='line_1_93' title="bbox 981 5065 1738 5147; baseline -0.018 -16"><span class='ocrx_word' id='word_1_694' title='bbox 981 5075 1138 5147; x_wconf 83' lang='lat' dir='ltr'>Torquetur</span> <span class='ocrx_word' id='word_1_695' title='bbox 1151 5080 1214 5131; x_wconf 90' lang='lat' dir='ltr'>ante</span> <span class='ocrx_word' id='word_1_696' title='bbox 1227 5072 1377 5143; x_wconf 81' lang='lat' dir='ltr'>judicium,</span> <span class='ocrx_word' id='word_1_697' title='bbox 1398 5071 1463 5142; x_wconf 88' lang='lat' dir='ltr'>quia</span> <span class='ocrx_word' id='word_1_698' title='bbox 1484 5065 1627 5123; x_wconf 82' lang='lat' dir='ltr'>luxurioso</span> <span class='ocrx_word' id='word_1_699' title='bbox 1640 5077 1738 5120; x_wconf 76' lang='lat' dir='ltr'>carere</span> 
     </span>
    </p>
   </div>
   <div class='ocr_carea' id='block_1_17' title="bbox 113 5154 1739 5885">
    <p class='ocr_par' dir='ltr' id='par_1_27' title="bbox 113 5154 1739 5885">
     <span class='ocr_line' id='line_1_94' title="bbox 113 5154 1735 5243; baseline -0.007 -22"><span class='ocrx_word' id='word_1_700' title='bbox 113 5166 215 5236; x_wconf 89' lang='lat' dir='ltr'>barret,</span> <span class='ocrx_word' id='word_1_701' title='bbox 236 5188 271 5228; x_wconf 92' lang='lat' dir='ltr'>ue</span> <span class='ocrx_word' id='word_1_702' title='bbox 290 5173 363 5227; x_wconf 87' lang='lat' dir='ltr'>inter</span> <span class='ocrx_word' id='word_1_703' title='bbox 384 5171 518 5243; x_wconf 88' lang='lat' dir='ltr'>pretiosas</span> <span class='ocrx_word' id='word_1_704' title='bbox 539 5172 635 5243; x_wconf 89' lang='lat' dir='ltr'>epulas</span> <span class='ocrx_word' id='word_1_705' title='bbox 658 5179 896 5242; x_wconf 85' lang='lat' dir='ltr'>unguentatosque</span> <span class='ocrx_word' id='word_1_706' title='bbox 946 5166 1052 5224; x_wconf 89' lang='lat' dir='ltr'>deliciis</span> <span class='ocrx_word' id='word_1_707' title='bbox 1063 5179 1143 5237; x_wconf 86' lang='lat' dir='ltr'>poeua</span> <span class='ocrx_word' id='word_1_708' title='bbox 1154 5173 1211 5220; x_wconf 89' lang='lat' dir='ltr'>est:</span> <span class='ocrx_word' id='word_1_709' title='bbox 1223 5163 1361 5218; x_wconf 77' lang='lat' dir='ltr'>Abrabam</span> <span class='ocrx_word' id='word_1_710' title='bbox 1370 5161 1515 5229; x_wconf 77' lang='lat' dir='ltr'>ceterique</span> <span class='ocrx_word' id='word_1_711' title='bbox 1527 5164 1619 5228; x_wconf 87' lang='lat' dir='ltr'>patres</span> <span class='ocrx_word' id='word_1_712' title='bbox 1631 5154 1735 5219; x_wconf 86' lang='lat' dir='ltr'>luleles,</span> 
     </span>
     <span class='ocr_line' id='line_1_95' title="bbox 113 5245 1737 5328; baseline -0.008 -15"><span class='ocrx_word' id='word_1_713' title='bbox 113 5262 235 5320; x_wconf 83' lang='lat' dir='ltr'>conuiuas</span> <span class='ocrx_word' id='word_1_714' title='bbox 246 5262 358 5319; x_wconf 77' lang='lat' dir='ltr'>fetorem</span> <span class='ocrx_word' id='word_1_715' title='bbox 373 5263 495 5318; x_wconf 84' lang='lat' dir='ltr'>ulcerum</span> <span class='ocrx_word' id='word_1_716' title='bbox 510 5262 693 5320; x_wconf 88' lang='lat' dir='ltr'>lambentibus</span> <span class='ocrx_word' id='word_1_717' title='bbox 705 5262 820 5318; x_wconf 87' lang='lat' dir='ltr'>canibus</span> <span class='ocrx_word' id='word_1_718' title='bbox 833 5278 896 5318; x_wconf 90' lang='lat' dir='ltr'>sus·</span> <span class='ocrx_word' id='word_1_719' title='bbox 945 5271 1118 5328; x_wconf 89' lang='lat' dir='ltr'>nequaquam</span> <span class='ocrx_word' id='word_1_720' title='bbox 1133 5255 1283 5310; x_wconf 72' lang='lat' dir='ltr'>meandum</span> <span class='ocrx_word' id='word_1_721' title='bbox 1299 5268 1410 5309; x_wconf 88' lang='lat' dir='ltr'>earnem</span> <span class='ocrx_word' id='word_1_722' title='bbox 1424 5251 1496 5305; x_wconf 88' lang='lat' dir='ltr'>lilios</span> <span class='ocrx_word' id='word_1_723' title='bbox 1511 5245 1686 5302; x_wconf 88' lang='lat' dir='ltr'>atormeutis</span> <span class='ocrx_word' id='word_1_724' title='bbox 1701 5245 1737 5300; x_wconf 92' lang='lat' dir='ltr'>li·</span> 
     </span>
     <span class='ocr_line' id='line_1_96' title="bbox 113 5338 1734 5428; baseline -0.009 -24"><span class='ocrx_word' id='word_1_725' title='bbox 113 5351 202 5410; x_wconf 90' lang='lat' dir='ltr'>tiueat.</span> <span class='ocrx_word' id='word_1_726' title='bbox 223 5353 330 5428; x_wconf 73' lang='lat' dir='ltr'>[lirum]</span> <span class='ocrx_word' id='word_1_727' title='bbox 349 5353 418 5410; x_wconf 82' lang='lat' dir='ltr'>Curua</span> <span class='ocrx_word' id='word_1_728' title='bbox 434 5369 500 5426; x_wconf 88' lang='lat' dir='ltr'>ergo</span> <span class='ocrx_word' id='word_1_729' title='bbox 519 5361 582 5409; x_wconf 90' lang='lat' dir='ltr'>aute</span> <span class='ocrx_word' id='word_1_730' title='bbox 596 5353 709 5424; x_wconf 86' lang='lat' dir='ltr'>jaurrara</span> <span class='ocrx_word' id='word_1_731' title='bbox 723 5355 846 5425; x_wconf 81' lang='lat' dir='ltr'>jaceret,</span> <span class='ocrx_word' id='word_1_732' title='bbox 867 5361 895 5410; x_wconf 93' lang='lat' dir='ltr'>et</span> <span class='ocrx_word' id='word_1_733' title='bbox 945 5349 1043 5406; x_wconf 87' lang='lat' dir='ltr'>berare</span> <span class='ocrx_word' id='word_1_734' title='bbox 1065 5346 1192 5414; x_wconf 89' lang='lat' dir='ltr'>student,</span> <span class='ocrx_word' id='word_1_735' title='bbox 1217 5361 1287 5417; x_wconf 84' lang='lat' dir='ltr'>quos</span> <span class='ocrx_word' id='word_1_736' title='bbox 1306 5360 1321 5400; x_wconf 90' lang='lat' dir='ltr'>a</span> <span class='ocrx_word' id='word_1_737' title='bbox 1342 5344 1394 5399; x_wconf 85' lang='lat' dir='ltr'>lide</span> <span class='ocrx_word' id='word_1_738' title='bbox 1408 5341 1533 5396; x_wconf 82' lang='lat' dir='ltr'>deviasse</span> <span class='ocrx_word' id='word_1_739' title='bbox 1547 5338 1734 5393; x_wconf 86' lang='lat' dir='ltr'>considerant.</span> 
     </span>
     <span class='ocr_line' id='line_1_97' title="bbox 114 5428 1739 5516; baseline -0.009 -21"><span class='ocrx_word' id='word_1_740' title='bbox 114 5457 143 5496; x_wconf 88' lang='lat' dir='ltr'>er</span> <span class='ocrx_word' id='word_1_741' title='bbox 157 5444 260 5500; x_wconf 86' lang='lat' dir='ltr'>risione</span> <span class='ocrx_word' id='word_1_742' title='bbox 280 5445 410 5516; x_wconf 90' lang='lat' dir='ltr'>pauperis</span> <span class='ocrx_word' id='word_1_743' title='bbox 430 5444 509 5502; x_wconf 89' lang='lat' dir='ltr'>diuiti</span> <span class='ocrx_word' id='word_1_744' title='bbox 528 5460 585 5499; x_wconf 93' lang='lat' dir='ltr'>nou</span> <span class='ocrx_word' id='word_1_745' title='bbox 604 5443 744 5500; x_wconf 85' lang='lat' dir='ltr'>miserenti</span> <span class='ocrx_word' id='word_1_746' title='bbox 768 5444 895 5499; x_wconf 79' lang='lat' dir='ltr'>camillus</span> <span class='ocrx_word' id='word_1_747' title='bbox 946 5440 1027 5496; x_wconf 87' lang='lat' dir='ltr'>Forte</span> <span class='ocrx_word' id='word_1_748' title='bbox 1042 5437 1119 5494; x_wconf 87' lang='lat' dir='ltr'>dires</span> <span class='ocrx_word' id='word_1_749' title='bbox 1133 5437 1186 5493; x_wconf 89' lang='lat' dir='ltr'>iste</span> <span class='ocrx_word' id='word_1_750' title='bbox 1199 5434 1301 5507; x_wconf 87' lang='lat' dir='ltr'>aliquid</span> <span class='ocrx_word' id='word_1_751' title='bbox 1315 5431 1381 5488; x_wconf 92' lang='lat' dir='ltr'>boni</span> <span class='ocrx_word' id='word_1_752' title='bbox 1396 5431 1507 5498; x_wconf 89' lang='lat' dir='ltr'>babuit,</span> <span class='ocrx_word' id='word_1_753' title='bbox 1523 5428 1597 5502; x_wconf 90' lang='lat' dir='ltr'>quod</span> <span class='ocrx_word' id='word_1_754' title='bbox 1618 5428 1739 5484; x_wconf 81' lang='lat' dir='ltr'>felicitas</span> 
     </span>
     <span class='ocr_line' id='line_1_98' title="bbox 114 5518 1735 5604; baseline -0.009 -16"><span class='ocrx_word' id='word_1_755' title='bbox 114 5532 288 5592; x_wconf 88' lang='lat' dir='ltr'>damnationis</span> <span class='ocrx_word' id='word_1_756' title='bbox 303 5537 429 5604; x_wconf 88' lang='lat' dir='ltr'>lulertur,</span> <span class='ocrx_word' id='word_1_757' title='bbox 445 5545 472 5594; x_wconf 92' lang='lat' dir='ltr'>et</span> <span class='ocrx_word' id='word_1_758' title='bbox 489 5551 600 5593; x_wconf 89' lang='lat' dir='ltr'>rursum</span> <span class='ocrx_word' id='word_1_759' title='bbox 622 5553 655 5592; x_wconf 88' lang='lat' dir='ltr'>err</span> <span class='ocrx_word' id='word_1_760' title='bbox 676 5535 782 5592; x_wconf 85' lang='lat' dir='ltr'>risione</span> <span class='ocrx_word' id='word_1_761' title='bbox 801 5533 895 5592; x_wconf 86' lang='lat' dir='ltr'>diuitis</span> <span class='ocrx_word' id='word_1_762' title='bbox 946 5531 1116 5588; x_wconf 86' lang='lat' dir='ltr'>transeuntis</span> <span class='ocrx_word' id='word_1_763' title='bbox 1130 5527 1193 5585; x_wconf 83' lang='lat' dir='ltr'>vitae</span> <span class='ocrx_word' id='word_1_764' title='bbox 1212 5524 1416 5589; x_wconf 86' lang='lat' dir='ltr'>remuneravit,</span> <span class='ocrx_word' id='word_1_765' title='bbox 1440 5532 1468 5579; x_wconf 90' lang='lat' dir='ltr'>et</span> <span class='ocrx_word' id='word_1_766' title='bbox 1489 5522 1611 5578; x_wconf 87' lang='lat' dir='ltr'>Lazarus</span> <span class='ocrx_word' id='word_1_767' title='bbox 1631 5518 1735 5590; x_wconf 90' lang='lat' dir='ltr'>aliquid</span> 
     </span>
     <span class='ocr_line' id='line_1_99' title="bbox 113 5609 1737 5702; baseline -0.012 -20"><span class='ocrx_word' id='word_1_768' title='bbox 113 5633 227 5684; x_wconf 90' lang='lat' dir='ltr'>tentatus</span> <span class='ocrx_word' id='word_1_769' title='bbox 241 5629 362 5700; x_wconf 90' lang='lat' dir='ltr'>quotidie</span> <span class='ocrx_word' id='word_1_770' title='bbox 377 5645 481 5702; x_wconf 89' lang='lat' dir='ltr'>pauper</span> <span class='ocrx_word' id='word_1_771' title='bbox 492 5630 634 5700; x_wconf 91' lang='lat' dir='ltr'>probatur.</span> <span class='ocrx_word' id='word_1_772' title='bbox 651 5626 736 5694; x_wconf 80' lang='lat' dir='ltr'>Quem</span> <span class='ocrx_word' id='word_1_773' title='bbox 756 5626 788 5681; x_wconf 93' lang='lat' dir='ltr'>ad</span> <span class='ocrx_word' id='word_1_774' title='bbox 804 5627 894 5697; x_wconf 86' lang='lat' dir='ltr'>majo·</span> <span class='ocrx_word' id='word_1_775' title='bbox 946 5620 1027 5686; x_wconf 88' lang='lat' dir='ltr'>mali,</span> <span class='ocrx_word' id='word_1_776' title='bbox 1042 5619 1090 5676; x_wconf 90' lang='lat' dir='ltr'>sed</span> <span class='ocrx_word' id='word_1_777' title='bbox 1106 5617 1178 5690; x_wconf 87' lang='lat' dir='ltr'>iguis</span> <span class='ocrx_word' id='word_1_778' title='bbox 1193 5615 1292 5686; x_wconf 78' lang='lat' dir='ltr'>inopiae</span> <span class='ocrx_word' id='word_1_779' title='bbox 1306 5614 1444 5685; x_wconf 84' lang='lat' dir='ltr'>purgarit.</span> <span class='ocrx_word' id='word_1_780' title='bbox 1460 5612 1510 5669; x_wconf 82' lang='lat' dir='ltr'>Vel</span> <span class='ocrx_word' id='word_1_781' title='bbox 1522 5613 1549 5667; x_wconf 93' lang='lat' dir='ltr'>iu</span> <span class='ocrx_word' id='word_1_782' title='bbox 1564 5611 1617 5665; x_wconf 91' lang='lat' dir='ltr'>boe</span> <span class='ocrx_word' id='word_1_783' title='bbox 1633 5609 1737 5679; x_wconf 86' lang='lat' dir='ltr'>recepit</span> 
     </span>
     <span class='ocr_line' id='line_1_100' title="bbox 113 5701 1735 5793; baseline -0.012 -22"><span class='ocrx_word' id='word_1_784' title='bbox 113 5733 166 5773; x_wconf 90' lang='lat' dir='ltr'>rem</span> <span class='ocrx_word' id='word_1_785' title='bbox 180 5720 265 5792; x_wconf 88' lang='lat' dir='ltr'>ipsius</span> <span class='ocrx_word' id='word_1_786' title='bbox 287 5723 475 5793; x_wconf 88' lang='lat' dir='ltr'>probationem</span> <span class='ocrx_word' id='word_1_787' title='bbox 496 5728 642 5792; x_wconf 89' lang='lat' dir='ltr'>paupertas</span> <span class='ocrx_word' id='word_1_788' title='bbox 664 5717 746 5773; x_wconf 91' lang='lat' dir='ltr'>simul</span> <span class='ocrx_word' id='word_1_789' title='bbox 769 5724 795 5772; x_wconf 90' lang='lat' dir='ltr'>et</span> <span class='ocrx_word' id='word_1_790' title='bbox 816 5717 896 5786; x_wconf 81' lang='lat' dir='ltr'>aegri·</span> <span class='ocrx_word' id='word_1_791' title='bbox 946 5713 1034 5776; x_wconf 89' lang='lat' dir='ltr'>bona,</span> <span class='ocrx_word' id='word_1_792' title='bbox 1053 5710 1119 5782; x_wconf 84' lang='lat' dir='ltr'>quia</span> <span class='ocrx_word' id='word_1_793' title='bbox 1136 5722 1218 5763; x_wconf 90' lang='lat' dir='ltr'>omne</span> <span class='ocrx_word' id='word_1_794' title='bbox 1235 5721 1315 5762; x_wconf 89' lang='lat' dir='ltr'>suum</span> <span class='ocrx_word' id='word_1_795' title='bbox 1335 5703 1463 5778; x_wconf 87' lang='lat' dir='ltr'>gaudium</span> <span class='ocrx_word' id='word_1_796' title='bbox 1483 5701 1640 5759; x_wconf 76' lang='lat' dir='ltr'>felicitatem</span> <span class='ocrx_word' id='word_1_797' title='bbox 1659 5706 1735 5753; x_wconf 87' lang='lat' dir='ltr'>trau·</span> 
     </span>
     <span class='ocr_line' id='line_1_101' title="bbox 114 5790 1735 5885; baseline -0.01 -21"><span class='ocrx_word' id='word_1_798' title='bbox 114 5811 193 5874; x_wconf 85' lang='lat' dir='ltr'>tudo.</span> <span class='ocrx_word' id='word_1_799' title='bbox 206 5820 233 5869; x_wconf 79' lang='lat' dir='ltr'>et</span> <span class='ocrx_word' id='word_1_800' title='bbox 248 5813 304 5870; x_wconf 85' lang='lat' dir='ltr'>uisa</span> <span class='ocrx_word' id='word_1_801' title='bbox 324 5814 417 5872; x_wconf 88' lang='lat' dir='ltr'>diritis</span> <span class='ocrx_word' id='word_1_802' title='bbox 431 5813 528 5885; x_wconf 90' lang='lat' dir='ltr'>eopia,</span> <span class='ocrx_word' id='word_1_803' title='bbox 552 5821 579 5869; x_wconf 94' lang='lat' dir='ltr'>et</span> <span class='ocrx_word' id='word_1_804' title='bbox 599 5811 675 5867; x_wconf 89' lang='lat' dir='ltr'>nulla</span> <span class='ocrx_word' id='word_1_805' title='bbox 695 5809 748 5866; x_wconf 91' lang='lat' dir='ltr'>sibi</span> <span class='ocrx_word' id='word_1_806' title='bbox 770 5807 894 5864; x_wconf 90' lang='lat' dir='ltr'>adbibita</span> <span class='ocrx_word' id='word_1_807' title='bbox 947 5804 1070 5885; x_wconf 78' lang='lat' dir='ltr'>sitoriam</span> <span class='ocrx_word' id='word_1_808' title='bbox 1083 5799 1197 5873; x_wconf 82' lang='lat' dir='ltr'>putarit.</span> <span class='ocrx_word' id='word_1_809' title='bbox 1208 5797 1279 5856; x_wconf 78' lang='lat' dir='ltr'>lusti</span> <span class='ocrx_word' id='word_1_810' title='bbox 1290 5812 1354 5854; x_wconf 83' lang='lat' dir='ltr'>rero</span> <span class='ocrx_word' id='word_1_811' title='bbox 1368 5803 1395 5853; x_wconf 90' lang='lat' dir='ltr'>et</span> <span class='ocrx_word' id='word_1_812' title='bbox 1409 5797 1432 5853; x_wconf 88' lang='lat' dir='ltr'>si</span> <span class='ocrx_word' id='word_1_813' title='bbox 1446 5795 1584 5852; x_wconf 88' lang='lat' dir='ltr'>mundana</span> <span class='ocrx_word' id='word_1_814' title='bbox 1598 5794 1671 5852; x_wconf 87' lang='lat' dir='ltr'>bona</span> <span class='ocrx_word' id='word_1_815' title='bbox 1685 5790 1735 5848; x_wconf 83' lang='lat' dir='ltr'>ba-</span> 
     </span>
    </p>
   </div>
   <div class='ocr_carea' id='block_1_18' title="bbox 1945 3868 1947 4001">
    <p class='ocr_par' dir='ltr' id='par_1_28' title="bbox 1945 3868 1947 4001">
     <span class='ocr_line' id='line_1_102' title="bbox 1945 3868 1947 4001; baseline 0 0"><span class='ocrx_word' id='word_1_816' title='bbox 1945 3868 1947 4001; x_wconf 89' lang='lat' dir='ltr'>l</span> 
     </span>
    </p>
   </div>
   <div class='ocr_carea' id='block_1_19' title="bbox 0 0 1988 6327">
    <p class='ocr_par' dir='ltr' id='par_1_29' title="bbox 0 0 1988 6327">
     <span class='ocr_line' id='line_1_103' title="bbox 0 0 1988 6327; baseline 0 0"><span class='ocrx_word' id='word_1_817' title='bbox 0 0 1988 6327; x_wconf 95' lang='lat' dir='ltr'> </span> 
     </span>
    </p>
   </div>
  </div>
 </body>
</html>
