3967 6334
287 284 374 357 arn
813 259 982 347 msceres
1001 252 1195 348 meuriss.
1216 284 1365 347 nronrsn
1821 296 1872 357 m,

464 401 468 407 ’
524 434 527 438 ·
592 404 707 465 centn
720 405 804 464 >livit
1102 408 1313 475 npernoetans,
1334 404 1399 460 dum
1419 416 1470 475 pro
1490 416 1521 459 se
1535 409 1562 459 et
1577 416 1628 475 pro
1641 404 1698 461 suis
1720 403 1810 465 citinas
1831 414 1871 468 nl.

309 503 313 511 '
394 500 776 573 Dedroueiurqo,quinunc
789 506 828 555 eat
843 496 991 556 dmtoitas.
1138 496 1255 552 licitaret
1276 512 1372 564 aures,
1398 496 1444 551 nbi
1466 494 1562 551 tratres
1582 497 1745 567 inceperunt
1762 498 1793 554 le
1812 500 1872 558 bria

336 588 743 662 taonenbsrqnmquloems.
755 586 1088 661 lilonpsitsuperturium
1139 590 1297 656 laudemus,
1328 588 1417 645 risum
1450 596 1507 653 est,
1540 588 1614 644 sicut
1646 586 1781 655 reierebat,
1808 592 1873 652 sinn

301 686 425 744 lssonarn
444 684 555 754 antiqua
572 698 668 754 regum
690 682 852 737 liberalitate
868 680 972 737 saumis
983 686 1087 751 marty·
1138 681 1367 755 puellaequaslln
1384 681 1514 738 exstasim
1530 687 1628 750 rapte,
1642 679 1873 757 quodquaquu
1919 682 1920 685 ’

301 779 380 834 ribus
389 778 528 841 collatum,
542 776 614 832 sieut
627 776 655 830 in
668 775 789 846 antiquis
798 789 893 830 eorum
907 773 1012 829 cbartis
1026 787 1089 827 con·
1138 774 1211 829 riosa
1225 774 1319 845 regina
1334 772 1448 845 pulchra
1464 780 1493 827 nt
1503 773 1578 837 luna,
1588 771 1674 828 electu
1688 779 1716 827 ut
1728 774 1779 839 sol,
1791 777 1873 835 relati.

301 871 419 936 sinetur,
440 868 570 923 atrocitas
599 866 741 937 cujusdam
769 865 879 939 tyranni
906 864 935 919 in
967 873 1089 920 castrum
1138 866 1190 922 bus
1207 866 1290 937 regiis
1305 866 1419 931 uestita,
1436 878 1503 919 auro
1516 862 1682 934 gemmisque
1699 866 1873 934 peiorisene
1919 878 1920 885 ¹

301 960 459 1019 corboilum
477 960 631 1022 transtulit,
654 964 682 1013 et
696 956 768 1012 unde
778 962 890 1013 sanctos
907 962 1042 1027 martyres
1060 956 1090 1011 in
1138 957 1341 1022 nntn,sinistro
1351 970 1436 1033 cornu
1447 956 1542 1011 altaris
1552 954 1585 1009 ad
1599 954 1722 1011 dextrum
1734 962 1871 1031 ecumbe,

299 1060 385 1119 terra,
408 1053 472 1108 inde
485 1068 516 1109 se
529 1052 564 1108 de
574 1052 643 1106 emlo
654 1050 830 1107 exheredare
847 1048 1008 1105 elaborarit.
1139 1054 1203 1103 ante
1216 1060 1277 1102 enm
1291 1046 1437 1101 transibat.
1451 1044 1517 1112 Quae
1531 1060 1593 1099 cunr
1614 1058 1673 1099 eam
1686 1046 1783 1103 nomine
1793 1055 1872 1122 proprie

582 1140 697 1199 CAPUT
713 1139 806 1195 xviii.
1138 1136 1305 1210 (bencendis
1324 1138 1397 1193 enim
1411 1134 1571 1209 uocabatur)
1585 1134 1631 1206 pie
1653 1136 1718 1191 satis
1736 1136 1871 1207 menese,

354 1236 395 1291 lie
408 1234 476 1290 cetto
492 1242 643 1302 constructo
651 1233 678 1286 in
685 1231 743 1285 loeo
753 1231 799 1302 qui
809 1230 907 1284 oeten
915 1228 1034 1299 Gompir.
1060 1246 1065 1263 ·
1136 1231 1266 1286 ιιιιιιιιι
1280 1236 1336 1284 tam
1356 1226 1470 1300 prelata
1490 1234 1614 1283 matrona
1637 1240 1716 1297 quan
1734 1226 1871 1303 allianultis,

336 1326 492 1398 igiturpost
505 1326 590 1380 multa
604 1338 736 1379 armorum
750 1322 899 1387 curricula,
913 1321 970 1377 lere
984 1320 1089 1377 ducen-
1138 1320 1211 1375 elata
1233 1335 1316 1385 uoce,
1341 1319 1434 1390 lingua
1455 1318 1602 1381 inusitata,
1627 1315 1748 1382 domina,
1762 1324 1870 1390 respuitis

302 1425 393 1473 torum
409 1424 456 1471 aut
472 1418 549 1487 plus,
567 1430 628 1470 cum
651 1421 739 1470 mater
754 1414 869 1469 ecclesia
888 1412 1005 1477 bruna,
1029 1426 1090 1483 quae
1139 1410 1195 1468 Nee
1208 1410 1336 1483 deinceps
1344 1411 1433 1466 minus
1444 1409 1572 1481 loquiaut
1586 1408 1871 1485 sciritautpotuitquae

254 1564 256 1569 .
302 1509 467 1581 paroehialis
493 1516 535 1564 est
556 1506 689 1570 corboili,
706 1504 763 1561 sola
784 1504 863 1575 quasi
883 1510 972 1559 statua
992 1504 1089 1559 eodem
1140 1504 1165 1560 si
1179 1510 1236 1559 toto
1250 1503 1444 1574 temporeritae
1457 1517 1514 1558 sun
1537 1501 1628 1557 locuta
1649 1500 1747 1557 luisset.
1760 1500 1871 1568 Qllbdsit·

294 1600 331 1653 ln
344 1599 407 1651 loco
418 1596 606 1660 remansisset,
621 1608 683 1650 eam
693 1594 776 1651 etiam
786 1592 908 1663 episcopi
920 1592 1089 1648 Parisienscs
1140 1597 1259 1669 mnrium
1284 1594 1444 1650 miraculum
1465 1593 1512 1665 qui
1529 1592 1645 1649 aderant
1664 1606 1763 1649 summo
1777 1598 1871 1664 praeoni

300 1704 335 1744 or
349 1688 523 1743 mutatione
543 1686 669 1756 ingane
686 1682 845 1739 monasterii
859 1682 992 1738 libertatis
1009 1681 1089 1737 beato
1139 1688 1311 1753 annuentes,
1326 1701 1376 1759 per
1387 1684 1511 1742 diversas
1524 1686 1651 1757 regiones
1661 1684 1799 1755 adjacentes
1809 1703 1871 1760 repe.
1919 1704 1920 1711 ι

302 1777 433 1850 lborrpsio
453 1776 640 1837 abstulerunt,
654 1783 682 1832 et
695 1781 726 1829 ut
746 1775 798 1829 hoc
812 1773 901 1845 ipsum
922 1772 1029 1829 lortiter
1041 1772 1090 1829 de·
1105 1748 1276 1836 Btaverunt.
1290 1777 1342 1845 Ωιι
1363 1792 1428 1834 uero
1452 1777 1529 1847 prius
1548 1791 1610 1832 eam
1635 1792 1683 1853 per
1704 1776 1870 1849 quinquenniis

303 1868 471 1931 tenderetur,
485 1866 617 1923 claniaco
629 1872 659 1922 et
670 1864 795 1920 cluniaci
807 1862 948 1927 membris,
963 1862 1091 1919 uidelicet
1140 1878 1294 1938 mursense
1307 1876 1369 1942 post
1380 1862 1431 1939 per
1439 1866 1659 1940 quinquennium
1668 1868 1794 1939 loquacem
1804 1887 1871 1941 eoque

291 1956 335 2013 ὃ·
351 1954 468 2013 bertino
482 1954 517 2011 ‘¹0
530 1954 641 2025 Cimbii
653 1962 681 2011 ὅ
694 1953 817 2009 600168ῑέ
830 1952 864 2009 ¹¹0
880 1951 1005 2008 G⁰¹¹¹³0⁰
1021 1968 1090 2008 0⁰¹¹·
1139 1964 1239 2028 rimus,
1254 1962 1345 2017 locrrm
1358 1962 1448 2033 ipsum
1463 1970 1588 2017 sanetum
1603 1966 1632 2016 et
1643 1960 1756 2018 exaltare
1767 1962 1870 2037 otiique

304 2051 435 2104 tulerunt.
451 2046 507 2118 lpsi
528 2060 595 2103 rero
617 2046 726 2118 tyranni
747 2045 934 2102 curboilensis
954 2044 1040 2101 castri
1062 2046 1092 2101 in
1137 2056 1201 2127 perp,
1212 2054 1367 2113 debuimus,

304 2143 408 2197 malitia
422 2156 473 2199 sna
498 2139 633 2210 congelati
651 2145 707 2193 tarn
729 2138 921 2194 miserabiliter
935 2138 1026 2193 omnia
1035 2136 1091 2193 sibi
1438 2120 1551 2179 CAPUT
1570 2119 1632 2178 Π·

303 2234 535 2305 subjugaverunt,
551 2239 581 2287 ut
594 2231 641 2288 rix
654 2230 803 2301 quidquem
821 2230 919 2301 reliqui
933 2238 1031 2302 preter
1043 2244 1091 2285 ra·
1200 2302 1203 2309 ,
1420 2213 1461 2271 9⁶
1488 2214 1645 2286 fitistiim·

304 2342 388 2383 cuum
396 2333 479 2381 terra·
488 2322 604 2379 tondum
612 2322 783 2391 dimiserint3
796 2329 825 2378 et
834 2323 863 2377 in
873 2323 1001 2394 proprios
1011 2337 1089 2389 usus,
1177 2307 1334 2366 secundm
1354 2307 1466 2380 (nillum
1489 2307 1620 2363 dmm
1639 2311 1667 2361 0²
1679 2303 1748 2363 iiiii
1759 2305 1816 2362 ‘iiii
1830 2322 1870 2379 l't

300 2422 436 2484 tanquam
451 2413 554 2482 proprii
571 2410 758 2480 essentjuris,
780 2425 850 2466 ausu
864 2411 998 2482 sacrueqo
1011 2411 1092 2467 rede·
1140 2402 1265 2459 misimus
1290 2400 1463 2457 miraculum.
1487 2396 1645 2473 ultimi)iia
1671 2396 1781 2470 quedam
1801 2400 1869 2455 miii

306 2503 413 2575 perinte
424 2499 572 2572 Supererat
587 2508 614 2557 et
628 2501 752 2572 quedam
763 2500 911 2572 capellata
924 2500 1046 2565 bonore,
1060 2506 1092 2557 ut
1140 2516 1217 2557 more
1230 2499 1416 2571 praegnantis,
1439 2512 1491 2555 nec
1503 2497 1598 2553 minus
1612 2510 1669 2567 prae
1688 2495 1773 2552 dolore
1789 2496 1870 2553 mam

305 2594 453 2661 terebatur,
475 2594 562 2651 beatae
584 2591 693 2658 llarle,
708 2607 763 2663 qua
788 2592 892 2647 nubam
915 2591 1092 2662 conspicatus
1140 2607 1208 2650 voce
1220 2592 1360 2648 insaniens
1374 2590 1559 2663 (premebatur
1571 2588 1648 2643 enim
1664 2586 1767 2643 humore
1786 2589 1870 2659 ιιιιιιι

299 2702 368 2745 ,sum
381 2688 530 2750 minorem,
546 2686 694 2749 semiruta,
711 2684 739 2739 in
756 2679 816 2741 leco
830 2682 878 2753 qui
895 2682 998 2740 dicitur
1010 2682 1092 2740 Caur-
1140 2682 1359 2755 intolerabiliter)
1373 2680 1498 2737 manibus
1513 2680 1665 2735 amicorum
1680 2678 1712 2733 ad
1725 2686 1823 2733 ιιιιιιιι
1835 2679 1871 2733 lr-

305 2776 367 2847 pis,
383 2774 480 2846 inqua
494 2774 679 2844 etamiquam
697 2772 798 2839 altare,
813 2770 886 2843 quod
900 2766 984 2844 su'pra
999 2788 1033 2831 ea
1045 2788 1092 2831 so·
1140 2778 1211 2832 riam
1224 2776 1336 2848 praeinto
1352 2776 1411 2831 loco
1425 2780 1532 2845 portata
1546 2780 1601 2829 est.
1614 2770 1744 2839 Οιιιιιιι
1754 2774 1870 2843 prurio

301 2866 421 2942 titudine
434 2874 591 2925 uenerem
607 2865 720 2921 herbum
735 2879 801 2923 oves
817 2872 845 2921 et
861 2880 950 2936 caprae
961 2865 1092 2937 lrequen-
1141 2868 1272 2926 diesanto
1285 2874 1409 2924 sanctum
1420 2864 1684 2931 abareuelltulsset,
1694 2864 1802 2935 ipsosne
1810 2874 1871 2934 pun·

305 2966 349 3015 ter
360 2959 556 3032 depascebant.
576 2955 627 3013 Ubi
645 2956 801 3015 testimonio
816 2958 965 3013 multorum
978 2972 1050 3030 taepe
1062 2957 1091 3017 in
1140 2959 1214 3017 dinis
1227 2965 1255 3017 et
1269 2958 1391 3029 osmupti
1409 2956 1535 3015 elementi
1549 2954 1649 3013 loturo
1664 2954 1816 3011 adventantes
1825 2956 1870 3011 nul·

305 3052 352 3110 die
364 3049 478 3110 Sabbati
492 3049 669 3113 sanctitatem
689 3049 743 3107 luci
763 3048 950 3120 significantes
971 3049 1091 3107 candele
1141 3056 1184 3107 tos
1202 3048 1354 3120 rejiciebat
1370 3046 1492 3119 eamque
1510 3048 1567 3118 jam
1588 3046 1665 3101 nuta
1686 3061 1744 3116 spes
1761 3046 1871 3101 moedus

300 3140 591 3201 ¹ridelentnrardere.
606 3139 666 3209 nuo
688 3138 761 3198 tacto
773 3140 885 3199 excitati
900 3141 1034 3214 indigene
1047 3107 1124 3199 inc
1142 3140 1268 3198 sanitatis
1282 3140 1384 3213 (tumor
1398 3138 1472 3195 eninr
1486 3146 1514 3195 et
1527 3140 1621 3197 sanies
1636 3137 1720 3209 ipsam
1728 3136 1795 3194 etiarn
1807 3135 1870 3191 lesina
1919 3190 1920 3205 ,

237 3262 241 3268 ‚
303 3234 378 3310 :brem
389 3241 453 3307 pust
466 3234 550 3291 elan
564 3232 723 3305 ebionim
735 3233 813 3289 multi
828 3234 892 3289 illuc
906 3234 938 3291 in
954 3249 1003 3305 spe
1017 3235 1092 3293 sani·
1139 3236 1196 3307 jam
1212 3233 1269 3291 lere
1281 3233 1312 3290 ln
1325 3231 1520 3289 inlormitatem
1535 3230 1708 3301 contuderat)
1718 3228 1871 3283 ιιιιιιιιιιιιι

306 3326 372 3390 teus
385 3326 601 3392 mnmrrebam,
618 3332 647 3381 et
662 3324 841 3383 ιιιιιιιιιιιι.
856 3323 925 3383 Cum
939 3334 1029 3383 aulem
1050 3326 1093 3383 ol·
1140 3324 1219 3381 multi
1233 3330 1290 3379 tarn
1303 3322 1363 3381 sani
1378 3334 1459 3394 qrram
1474 3321 1595 3386 infirmi,
1612 3320 1762 3391 suppliciter
1774 3318 1871 3391 posubr

306 3416 372 3470 rino
384 3423 453 3471 nutu
470 3415 548 3471 locus
563 3415 608 3471 ille
620 3430 638 3469 a
651 3415 744 3471 multis
761 3421 818 3470 tam
834 3416 996 3487 propinquis
1009 3432 1092 3488 quarn
1140 3423 1183 3483 tes
1197 3424 1227 3473 ut
1241 3416 1275 3472 ab
1289 3414 1384 3473 eadem
1403 3414 1546 3471 erendela
1556 3420 1742 3486 exponeretur.
1751 3410 1828 3466 leun
1837 3408 1870 3463 ie

307 3506 421 3562 remotis
446 3504 676 3577 frequentaretur,
692 3504 820 3567 destinati
836 3512 901 3563 sunt
917 3506 980 3561 illuc
994 3506 1092 3565 iratres
1141 3513 1198 3565 nes
1215 3508 1303 3564 nostri
1321 3506 1469 3563 venerandi
1488 3507 1540 3563 riri
1554 3507 1710 3563 maluerunt
1722 3504 1829 3560 sustinere
1839 3500 1870 3556 ni

307 3597 398 3653 nostri
425 3596 597 3655 uenerabiles
620 3595 674 3654 uiri
700 3596 790 3651 bone.
809 3596 948 3652 memorie
968 3595 1090 3655 ilerveus
1142 3598 1295 3657 molesme
1307 3599 1368 3670 ejus
1382 3599 1515 3671 ingratam
1535 3598 1723 3670 pmseudam,
1736 3594 1871 3667 manium·

235 3700 242 3715 ·
306 3690 395 3764 prior,
410 3688 509 3747 ettido
523 3688 709 3753 Torceteneis,
722 3688 769 3759 qui
782 3695 810 3744 et
823 3686 938 3745 bomine
946 3696 1053 3757 nomm,
1065 3698 1092 3747 et
1142 3690 1295 3749 wicardes
1309 3692 1470 3749 absentiam.
1483 3692 1606 3764 Contigit
1619 3693 1701 3764 igitur
1714 3690 1871 3762 qsalmum

305 3782 368 3857 ,ejus
381 3781 469 3856 bmtae
481 3778 613 3838 Genitrici
625 3779 812 3845 deseruero,
828 3780 1007 3853 boetiumque
1016 3783 1093 3841 ibam
1142 3780 1284 3841 Dominio·
1307 3782 1347 3855 (in
1367 3784 1411 3841 bis
1428 3784 1502 3839 enim
1516 3785 1690 3854 potissimum
1712 3782 1789 3837 dirina
1807 3792 1871 3835 narn

308 3872 402 3931 dirirm
422 3874 509 3931 cultui
530 3872 661 3948 adaptare
672 3881 700 3929 et
713 3874 834 3930 exaltare
856 3889 968 3946 operam
983 3874 1090 3935 darent.
1142 3876 1316 3946 operabatur)
1331 3874 1405 3931 illum
1420 3874 1618 3947 hydropicam,
1630 3874 1699 3948 quod
1712 3884 1871 3931 nmeunsuon·

310 3965 364 4023 Ubi
384 3967 477 4023 statim
489 3973 566 4023 tenta
586 3966 782 4021 miraculorum
805 3966 883 4038 copia
899 3966 950 4023 sub
971 3966 1094 4023 admira-
1141 3973 1201 4035 rat,
1222 3966 1413 4033 obdormisse,
1430 3982 1492 4025 cunr
1517 3968 1609 4024 subito
1627 3968 1739 4041 gloriosa
1760 3964 1870 4036 imperuim

308 4059 384 4115 tione
397 4058 518 4115 nmmum
531 4057 561 4113 in
577 4057 654 4115 breri
672 4057 801 4124 effloruit,
818 4065 893 4115 utet
913 4059 949 4114 ab
962 4060 1092 4119 omnibus
1141 4058 1224 4133 Virgo
1239 4060 1323 4116 llario
1339 4060 1514 4117 invisibiliter
1527 4062 1562 4117 ad
1580 4069 1688 4119 uterum
1706 4062 1801 4115 bomon
1815 4054 1870 4109 rein

309 4147 637 4220 amarmur,abomnibus
652 4148 846 4221 praedicaretur
861 4156 887 4204 et
900 4148 1094 4219 aquibuscun·
1142 4153 1322 4216 exhaustum,
1337 4158 1394 4207 tarn
1417 4150 1518 4223 gracile
1532 4166 1615 4223 quam
1633 4150 1741 4207 nitidum
1760 4150 1804 4205 cito
1817 4145 1869 4201 reli

309 4254 363 4311 quc
373 4247 603 4311 augmentaretur.
612 4238 754 4297 bluttitudo
764 4240 897 4312 siquidem
905 4242 1093 4313 lanquentium
1141 4246 1206 4305 tuit.
1231 4242 1359 4308 trieres,
1376 4251 1405 4300 et
1427 4244 1475 4316 qui
1498 4244 1613 4311 admunt
1636 4252 1689 4298 tarn
1710 4241 1793 4297 snus
1812 4236 1869 4293 nosni

310 4338 338 4386 et
355 4330 403 4401 qui
426 4332 594 4389 uexabantur
607 4346 625 4388 a
638 4331 781 4403 spiritibus
805 4332 969 4400 immundis,
983 4350 1093 4393 necnon
1142 4354 1224 4412 quam
1235 4338 1290 4410 ¹alii
1306 4339 1384 4395 multi
1401 4337 1527 4395 viderunt
1549 4345 1654 4393 tantam
1670 4335 1742 4393 educi
1754 4336 1869 4389 numme

310 4436 461 4486 metrum,
477 4422 654 4489 blanditium,
677 4432 704 4480 et
719 4424 860 4481 aridorum
885 4424 1093 4485 incommoditas
1108 4448 1131 4507 p
1145 4434 1253 4491 decursi
1265 4432 1397 4504 flegmatis
1410 4431 1519 4487 interra
1534 4430 1738 4494 abundantiam,
1747 4435 1870 4483 ιιιιιιιι

310 4512 412 4571 ibidem
433 4512 630 4586 deponebatur.
650 4514 773 4582 Quorum
796 4517 1010 4587 miraculorum,
1031 4534 1094 4577 cum
1145 4524 1216 4581 tellis
1230 4530 1258 4579 et
1273 4522 1363 4579 situlis
1375 4532 1402 4579 et
1416 4522 1477 4579 ollis
1491 4522 1538 4577 illa
1557 4528 1696 4593 asportare
1709 4519 1786 4575 statin
1798 4526 1869 4587 nrm

311 4604 455 4663 irmumera
468 4616 598 4679 operante
612 4610 690 4665 beuta
705 4609 753 4666 liei
767 4609 905 4667 Genitrice
919 4612 1009 4671 iocum
1024 4614 1096 4670 celo·
1146 4620 1197 4670 ret.
1213 4610 1327 4681 Quando
1346 4617 1437 4667 autem
1456 4610 1503 4682 qui
1519 4610 1634 4667 aderant
1647 4610 1682 4665 ob
1699 4609 1734 4666 rei
1752 4602 1869 4675 nequiit*

310 4696 388 4757 brem
412 4709 605 4769 persimili·
627 4703 1095 4775 duoimpraesemlarum,qnerlsu
1145 4720 1208 4761 nem
1222 4711 1404 4776 stupuerunt,
1419 4710 1496 4759 tanto
1511 4692 1868 4767 dermimlanuesomipuui
1919 4768 1920 4773 η

311 4795 360 4842 aut
374 4789 468 4845 auditu
484 4792 680 4863 cognorimus,
697 4794 803 4864 pagine
815 4795 944 4865 presenti
961 4794 996 4851 ad
1009 4794 1096 4855 bum»
1145 4795 1201 4853 lieo
1213 4803 1241 4851 et
1255 4796 1316 4865 ejus
1330 4792 1463 4851 Genilrici
1478 4795 1664 4852 reddiderunt.
1681 4794 1713 4849 le
1726 4792 1797 4847 bern
1807 4785 1868 4841 lule

311 4891 369 4933 rem
384 4878 408 4951 ej
413 4878 505 4939 usdem
518 4882 571 4936 loci
584 4883 790 4953 accommodare
802 4884 970 4947 curarimus.
1145 4905 1204 4943 mes
1210 4886 1378 4959 deplorando
1387 4894 1579 4953 cantaverunt,
1587 4896 1615 4943 et
1627 4894 1657 4943 nt
1668 4886 1734 4941 lieus
1744 4880 1866 4950 omnique!

600 4972 716 5031 CAPUT
735 4973 806 5030 Xlii·
1146 4980 1217 5035 sicut
1240 4978 1390 5050 inceperat
1412 4979 1546 5035 bonorem
1573 4976 1717 5035 Genitricis
1738 4987 1786 5032 sne
1802 4968 1867 5027 ibini
1919 4990 1920 5005 ι

548 5063 710 5123 lituratum
727 5065 760 5122 de
778 5076 861 5123 mutu.
1145 5070 1336 5135 continuaret,
1352 5070 1511 5143 suppliciter
1524 5068 1736 5142 efflagitavemnt.

325 5209 328 5213 Δ
353 5154 421 5212 Erat
447 5158 570 5229 quedam
602 5159 702 5215 nobilis
730 5166 856 5215 matrone
884 5159 980 5217 multis
1015 5161 1096 5219 annis
1180 5159 1229 5218 liis
1251 5162 1335 5235 iqitur
1349 5168 1376 5216 et
1400 5160 1463 5219 aliis
1484 5161 1712 5227 miraculorumet
1731 5154 1865 5230 precipiunt
1919 5146 1920 5155 ¹

310 5248 442 5314 viduata,
463 5248 590 5309 uidelicet
615 5258 703 5307 mater
729 5250 892 5309 uenerabilis
916 5252 970 5307 riri
989 5252 1096 5309 abbatis
1146 5250 1230 5323 signis
1240 5250 1381 5321 praelatum
1394 5250 1625 5322 loeuminsignem
1635 5248 1718 5305 dirim
1727 5242 1864 5316 neruiue

311 5337 434 5395 Corbeiae
463 5336 575 5396 uouere
597 5340 724 5398 monachi
746 5340 846 5397 nostri.
867 5339 933 5408 Quae
950 5356 1014 5397 cum
1035 5341 1096 5397 loca
1146 5346 1181 5401 ob
1196 5359 1315 5401 amorem
1327 5344 1376 5401 liei
1390 5342 1539 5402 Genitricis
1554 5340 1864 5401 bomnreoerritroir

311 5438 470 5487 sanctorum
490 5431 526 5487 ob
548 5431 699 5487 remelium
725 5433 823 5491 aulum
841 5448 899 5491 ιιι
921 5430 1097 5504 lrequenmre
1145 5436 1306 5508 plectentes,
1323 5434 1486 5495 edificatum
1507 5438 1542 5493 iri
1557 5438 1686 5495 instanter
1704 5430 1864 5503 boemii

312 5522 510 5589 consuevisset,
529 5538 592 5581 cum
616 5525 733 5595 quadam
751 5525 842 5597 puella
859 5524 917 5595 jam
941 5524 1095 5591 duodenne,
1145 5533 1176 5603 ut
1191 5534 1341 5583 eonmnms
1352 5524 1575 5585 iratrumibidem
1588 5514 1863 5585 beremundi*

313 5610 374 5691 que
388 5610 527 5695 nunqnam
545 5614 635 5671 luerat
658 5616 764 5684 locuta,
788 5617 853 5675 illue
869 5615 988 5675 devenit.
1011 5614 1097 5676 Nouate
1146 5617 1200 5673 cim
1222 5616 1322 5677 trans
1344 5634 1406 5675 eum
1430 5620 1522 5693 priore
1543 5632 1593 5679 sno
1611 5615 1797 5675 consumimus:
1814 5606 1862 5662 litt·

314 5697 380 5759 r'ero
401 5701 513 5758 Sabbati
537 5702 566 5760 in
582 5704 675 5761 eadem
695 5707 838 5765 ecclesiola
858 5720 923 5776 eum
942 5708 1002 5779 ipsa
1020 5714 1097 5771 muta
1147 5718 1250 5781 strum,
1267 5710 1458 5787 relectorium,
1473 5694 1862 5780 nominenominee*
