3967 6334
328 381 382 465 tas
813 403 965 463 nonsart
983 406 1087 465 rottt
1108 409 1136 465 s.
1159 407 1191 464 n.
1213 405 1243 464 n.
1265 403 1473 465 cononatus
1864 423 1898 486 ,g

326 525 429 584 sorau
442 519 492 577 Dei
505 518 719 594 Gnidiosque
737 522 814 594 digne
827 524 946 578 meruisti
960 525 1114 595 concipere,
1130 529 1155 587 Α
1167 533 1219 589 εει,
1230 538 1328 595 exque
1338 523 1512 580 incarnatum
1522 523 1901 608 cst;habltaritinnabis,posr.

318 617 413 688 Quem
431 615 583 673 tottttorhir
597 616 711 687 nequiuit
732 617 956 686 comprehendere,
977 625 1030 675 etc.
1047 618 1118 691 Ergo
1169 630 1251 688 quam
1264 615 1345 671 homo
1356 611 1459 671 laetum
1475 621 1528 672 esi.

326 709 377 768 Uei
391 708 516 767 Genitrix
537 708 615 764 illnm
640 709 765 781 concepit
778 707 865 775 Quem
882 717 957 766 totus
972 710 1048 767 orbis
1061 727 1118 768 non
1203 705 1263 760 Nou
1274 715 1365 761 tamen
1378 705 1458 762 debat
1472 721 1548 773 cato,
1565 704 1701 778 quomodo
1714 723 1761 766 nec
1773 709 1847 780 hono,
1857 733 1900 774 ter-

317 801 547 873 ·-comprehendit,
570 800 748 872 attingentem
767 800 850 857 abne
868 803 1003 873 usquead
1018 802 1115 872 linem,
1168 797 1299 854 sibilitatc
1317 805 1436 864 naturae,
1459 813 1555 854 vetum
1574 797 1770 870 conjunctione.
1786 801 1835 860 llon
1852 811 1900 866 min

326 895 472 966 majestate
485 894 566 966 cujus
590 894 711 966 repletur
730 895 821 950 omnis
847 901 930 951 terra.
946 892 1025 953 Unde
1044 903 1117 968 patet
1168 891 1298 948 divinitas
1312 907 1391 948 tersa
1408 899 1450 948 est
1465 891 1494 948 in
1505 891 1715 961 humanitatem,
1729 909 1762 950 ne
1770 894 1801 950 sit
1811 899 1900 957 conlnsb

317 987 458 1059 ‘qnoniam
487 985 536 1043 Uei
550 984 675 1043 Genitrix
698 984 784 1040 Deum
808 986 949 1057 concepit:
971 1002 1035 1042 nam
1049 1004 1118 1059 quo-
1169 984 1330 1040 substantiae
1340 1001 1347 1052 ;
1359 983 1407 1040 sed
1419 984 1477 1040 ltaee
1491 984 1529 1040 illi
1543 984 1689 1055 conjuncta
1698 992 1755 1052 εει,
1766 987 1830 1044 utsit
1840 993 1900 1050 uniar

326 1079 411 1135 medo
431 1078 480 1135 Uei
501 1077 625 1134 Genitrix
638 1086 727 1145 esset,
742 1077 797 1133 nisi
818 1077 904 1134 beorn
926 1079 1119 1150 concepisset?
1168 1089 1302 1146 personae.
1319 1072 1440 1145 Utraque
1455 1075 1605 1131 auctoritas
1619 1073 1702 1130 altera
1716 1090 1762 1146 per
1772 1087 1899 1150 conceptus,

328 1170 401 1239 Quid
414 1177 457 1226 est
474 1169 612 1225 hominem
627 1169 789 1241 concipere,
804 1169 859 1226 nisi
873 1169 1053 1227 seminarium
1066 1171 1118 1226 hu·
1169 1166 1254 1223 altera
1265 1182 1315 1238 per
1327 1166 1517 1235 incarnatum,
1532 1166 1660 1225 eumdem
1673 1165 1720 1223 hei
1733 1165 1818 1224 sibun
1828 1171 1901 1230 innoc

327 1263 469 1318 maritatis
481 1260 720 1332 suscipotelQuid
733 1277 798 1335 ergo
813 1269 856 1318 est
865 1261 951 1319 mum
961 1264 1116 1336 concipere,
1169 1259 1238 1326 scit,
1260 1265 1400 1314 mortuum
1429 1266 1512 1331 atque
1544 1259 1699 1333 sepultumr
1719 1261 1785 1332 qood
1803 1279 1901 1336 nunquan

316 1352 382 1409 -nisi
405 1351 553 1410 seminario
578 1353 761 1424 personaliter
783 1354 892 1411 unitum
917 1352 1004 1411 Deum
1030 1355 1119 1412 susci·
1167 1367 1233 1409 tere
1248 1351 1397 1419 diceretur,
1409 1351 1465 1408 nisi
1475 1353 1505 1408 in
1520 1367 1603 1408 unam
1619 1352 1902 1424 convenirentpersomn

317 1445 414 1519 ,peret
436 1445 578 1518 alioquin,
599 1447 739 1518 quomodo
762 1447 888 1519 concepit
912 1465 995 1520 quem
1018 1448 1118 1506 nihilo·
1169 1444 1241 1502 Deus
1261 1453 1289 1502 et
1310 1455 1436 1503 mortuos
1453 1445 1512 1502 sire
1532 1446 1666 1517 sepultus.
1692 1442 1722 1500 ln
1740 1445 1805 1502 hunc
1826 1450 1901 1505 modun

218 1563 222 1571 ·
327 1539 420 1597 minos
435 1548 462 1595 et
476 1545 541 1596 ante
554 1538 801 1611 hubertipontem
812 1556 949 1612 nusquam
962 1541 1119 1613 deessepo·
1169 1537 1308 1609 plerisque
1331 1537 1446 1610 legendo
1462 1535 1531 1594 locis
1552 1536 1686 1603 intentes.
1701 1544 1805 1594 matrem
1820 1537 1902 1596 Mla

318 1635 409 1685 derat.
1169 1629 1240 1682 riam
1251 1628 1412 1701 concepisse
1422 1627 1506 1685 Mum
1519 1636 1547 1684 et
1562 1629 1711 1700 peperisse,
1726 1627 1802 1684 ὓειιιο
1814 1645 1901 1700 pascua,

363 1718 496 1792 Concepit
514 1720 607 1793 itaque
620 1720 779 1789 hominem,
795 1721 907 1794 quando
923 1735 1007 1794 quam
1021 1737 1120 1794 corpo-
1169 1727 1322 1792 caeteraque
1347 1721 1435 1793 magis
1459 1735 1580 1793 congrua
1613 1721 1780 1776 humanitati.
1808 1721 1902 1789 Quonian

318 1811 367 1869 tris
380 1813 424 1868 sni
437 1813 591 1884 portionem
600 1813 859 1880 habuerat,habere
870 1815 953 1885 coepit
964 1820 1119 1886 separatam
1169 1815 1279 1885 quoties
1311 1815 1426 1872 diuersae
1453 1813 1565 1885 natural
1592 1815 1770 1886 personaliter
1795 1816 1901 1882 uniuntur,

327 1913 359 1960 ut
387 1904 501 1962 alterius
528 1904 649 1962 hominis
674 1906 833 1975 materiam;
860 1907 986 1977 concepit
1010 1921 1119 1978 quoque
1134 1889 1157 1953 B
1171 1907 1314 1970 consucvit
1329 1913 1356 1962 ct
1375 1905 1519 1979 Scriptura
1533 1913 1560 1963 et
1586 1906 1757 1979 quotidianus
1774 1923 1841 1973 usus,
1855 1911 1902 1981 qood

327 1997 429 2063 Deum,
445 1997 556 2070 quando
579 2013 661 2070 quern
675 1999 814 2054 communi
833 1999 950 2054 aliorum
970 1997 1052 2054 modo
1066 1998 1117 2054 ha·
1169 2004 1212 2054 εει
1237 1997 1360 2063 alterius,
1379 1998 1457 2054 alteri
1476 1999 1627 2071 assignare.
1644 1997 1722 2054 Unde
1742 2000 1837 2070 quilibet
1850 2001 1902 2056 bono

325 2089 436 2155 buerat,
448 2089 548 2146 habere
561 2105 612 2146 suo
627 2090 803 2162 singulariter
812 2090 894 2146 modo
903 2090 987 2161 coepit
1001 2090 1030 2146 in
1040 2097 1119 2147 utero
1170 2089 1291 2161 prudens
1320 2097 1367 2144 aut
1390 2089 1507 2148 stolidus
1537 2091 1636 2148 merito
1660 2093 1901 2164 pronuntiabuntur

327 2182 512 2240 incarnatum.
537 2180 615 2238 Unde
637 2181 666 2237 in
688 2180 817 2255 Symbolo
831 2198 940 2255 ottoque
955 2182 1119 2240 conlitemur
1170 2179 1268 2236 animae
1287 2179 1415 2252 prudenti
1438 2187 1486 2236 aut
1508 2181 1614 2238 stolidae
1634 2183 1826 2254 capulotenus
1843 2193 1901 2240 autur

323 2274 454 2330 eumdem
461 2273 482 2328 F
484 2273 781 2346 iliuchiconccptum
788 2274 823 2331 de
832 2273 936 2347 Spiritu
946 2281 1043 2332 sancto
1050 2290 1119 2348 qtro·
1170 2272 1292 2336 ahsente,
1308 2276 1436 2327 neutrum
1448 2286 1513 2328 rere
1528 2270 1677 2328 diceretur.
1691 2270 1759 2329 ocus
1771 2287 1825 2344 ergo
1834 2289 1902 2330 nuta·

327 2364 403 2419 niam
422 2372 540 2422 amatre
553 2373 598 2422 est
610 2372 761 2436 conceptus
779 2366 813 2422 de
829 2367 908 2437 110
930 2363 1035 2436 Spiritu
1055 2379 1120 2421 san·
1170 2366 1272 2437 pultus,
1287 2380 1338 2420 nec
1353 2372 1549 2430 mortuus,nec
1564 2365 1733 2431 incarnatus,
1743 2381 1788 2421 nec
1799 2375 1901 2436 conceptus

326 2465 383 2512 cto.
405 2455 488 2514 Unde·
496 2467 524 2514 et
548 2457 613 2513 alibi
629 2457 663 2513 de
683 2457 778 2513 eodem
799 2465 961 2514 cantamus:
976 2456 1119 2512 Descendit
1169 2467 1244 2515 recte
1256 2457 1407 2524 rideretur,
1422 2458 1476 2515 nisi
1490 2459 1636 2530 conceptui
1651 2468 1730 2529 atque
1742 2458 1901 2523 semimortuo

324 2547 361 2604 de
374 2549 446 2604 celia
457 2565 466 2614 ς
479 2557 506 2604 et
518 2548 673 2604 incurratur
683 2557 723 2604 cut
736 2549 769 2605 dc
782 2549 886 2620 Spiritu
892 2558 991 2631 'sancto
1011 2565 1044 2606 cc
1058 2549 1120 2605 llo-
1169 2566 1278 2623 quoque
1291 2565 1323 2604 ac
1338 2551 1459 2621 sepulto,
1473 2548 1556 2605 modo
1571 2550 1686 2620 junctus
1700 2551 1821 2621 personali
1836 2549 1900 2604 intelli·

327 2643 373 2698 rio
389 2643 497 2714 uirgine,
511 2652 536 2697 et
550 2641 628 2698 bomo
640 2642 786 2713 sucturect.
802 2640 886 2715 lgitttn
901 2643 1119 2716 quoniamrirgo
1169 2650 1287 2715 geretur.
1315 2641 1392 2699 Sicut
1415 2641 1515 2697 Filium
1541 2639 1589 2698 bet
1619 2657 1756 2713 nunquam
1780 2640 1900 2697 enaret

330 2733 417 2790 llaria
430 2735 517 2791 ileum
541 2735 684 2808 concepit,
701 2735 811 2808 quando
834 2737 1041 2808 concipiebatur
1065 2737 1120 2793 nisi
1169 2735 1237 2790 llum
1252 2733 1386 2801 hominis,
1400 2734 1453 2790 nisi
1470 2749 1524 2789 nna
1540 2748 1661 2805 persona
1676 2732 1756 2790 Deum
1772 2741 1796 2789 et
1808 2732 1900 2788 bonbrtt

328 2844 393 2887 cum
409 2829 624 2886 incarnabatur?
642 2828 709 2901 quid
722 2829 796 2885 enim
810 2829 884 2884 aliud
897 2835 940 2886 εει
954 2828 1040 2885 mum
1053 2844 1121 2884 con·
1170 2825 1268 2882 luisset
1292 2827 1442 2897 complexa.
1464 2823 1537 2882 Deus
1561 2825 1653 2882 iactus
1671 2835 1714 2882 est
1732 2825 1814 2888 homo,
1832 2833 1899 2878 eoru

329 2921 402 2993 cipi,
426 2935 510 2992 quam
530 2920 689 2976 incantari?
703 2919 777 2976 unde
797 2919 914 2976 lortasse
933 2936 984 2992 pro
999 2935 1032 2976 eo
1046 2920 1119 2992 quod
1169 2935 1254 2975 unum
1268 2928 1296 2976 et
1318 2919 1433 2975 alterum
1450 2925 1531 2984 sunt,
1548 2926 1640 2974 tamen
1656 2935 1741 2986 unus3
1756 2912 1899 2974 sicilicula

330 3015 360 3069 in
380 3012 510 3086 Symbolo
530 3011 648 3068 dicitur:
677 3009 824 3084 Conceptus
846 3011 878 3068 dc
904 3010 1007 3084 Spiritu
1027 3021 1119 3068 cuncto
1169 3011 1258 3069 iactus
1270 3020 1314 3068 est
1327 3011 1399 3068 tilius
1414 3011 1586 3067 bominis:et
1599 3011 1731 3066 cumsint
1743 3007 1897 3068 dossenis,

330 3105 418 3175 (lbi),
434 3104 499 3159 alibi
513 3103 646 3160 habetur:
663 3101 824 3159 lacernatus
834 3102 876 3159 dc
896 3103 999 3174 Spiritu
1015 3113 1117 3159 coacto.
1169 3113 1197 3162 ει
1218 3113 1309 3162 tamen
1323 3121 1407 3171 unus,
1422 3120 1514 3160 nonne
1528 3105 1611 3160 etiam
1634 3111 1698 3160 sunt
1712 3119 1778 3159 untts
1789 3095 1898 3158 liliosli'r
1937 3105 1938 3174 l

330 3195 437 3268 Quippe
459 3210 566 3268 exque
584 3195 743 3261 hsccndit,
763 3211 828 3251 mox
848 3195 925 3250 illum
943 3194 1028 3268 Virgo
1053 3210 1154 3294 con·C
1171 3197 1272 3254 militer
1295 3198 1406 3269 sapiens
1419 3195 1468 3252 Uei
1482 3195 1579 3262 Filius,
1600 3197 1713 3268 sapiens
1729 3195 1830 3250 bominis
1848 3191 1897 3251 hlitt
1936 3185 1937 3250 l

330 3291 413 3361 cepit.
1170 3288 1208 3344 ita
1221 3303 1331 3360 quoque
1352 3286 1492 3360 Magister,
1511 3285 1692 3358 Redemptor,
1714 3285 1831 3349 Salvator,
1843 3295 1898 3338 ntttt
1935 3261 1936 3326 U

365 3381 437 3448 Quid
460 3387 610 3438 esttamen
630 3377 875 3451 quoddescendit,
891 3377 981 3451 quiet
1001 3377 1030 3432 in
1043 3377 1121 3433 coelis
1170 3377 1209 3432 ita
1222 3377 1283 3434 dnae
1306 3385 1371 3435 sunt
1384 3385 1508 3442 naturae,
1524 3393 1644 3448 persona
1661 3386 1751 3434 tamen
1770 3391 1827 3440 una,
1838 3375 1897 3430 uttitt
1933 3345 1935 3404 Α

329 3480 395 3546 post
416 3472 593 3539 remanebat,
608 3479 636 3528 et
657 3477 738 3527 antea
757 3478 842 3527 totam
856 3480 957 3526 terram
980 3470 1121 3542 replebat?
1169 3468 1337 3542 Redemptor
1349 3485 1459 3543 quoque
1472 3485 1545 3526 unus
1560 3477 1587 3526 ot
1598 3467 1735 3539 Salvator,
1750 3469 1896 3542 llagisterqtt

330 3563 468 3635 quomodo
479 3562 622 3620 descendit
635 3564 669 3619 de
684 3563 772 3628 coelis,
787 3561 862 3618 unde
874 3577 1015 3634 nunquam
1028 3576 1122 3618 reces-
1170 3576 1223 3633 que
1233 3567 1260 3616 ct
1273 3561 1384 3632 sapiens
1395 3577 1479 3629 unus,
1492 3561 1570 3632 juxta
1586 3560 1672 3616 illud:
1691 3555 1897 3616 Unuretterittlr

332 3657 385 3713 siti
394 3657 532 3727 quomodo
543 3654 696 3720 descendit,
709 3655 755 3710 ubi
771 3670 877 3726 semper
886 3656 1007 3711 mansit?
1017 3654 1121 3726 lmpos·
1170 3660 1250 3730 pitter
1264 3668 1349 3715 certer
1363 3657 1471 3730 (baert.
1480 3673 1568 3721 xxrtt,
1585 3657 1625 3730 8).

330 3746 413 3803 sibile
421 3753 465 3802 est
474 3747 578 3803 moneri
588 3747 661 3813 loco,
670 3761 751 3818 quem
764 3747 839 3802 omni
851 3761 964 3804 necesse
974 3756 1017 3802 εει
1025 3747 1122 3804 adesse
1457 3747 1573 3806 CAPUT
1592 3747 1677 3804 livit.

331 3839 403 3896 loeo.
1234 3838 1289 3896 Cur
1304 3838 1376 3894 Uetto
1390 3837 1477 3906 bonta,
1497 3839 1559 3894 oele
1573 3854 1709 3904 conuerso,
1724 3847 1748 3893 ct
1757 3834 1860 3910 qucum.

367 3931 420 3987 Sed
434 3928 590 3996 descendit,
606 3943 669 3985 cnm
684 3930 754 3986 coelo
770 3935 852 3984 notus
866 3943 915 4000 per
928 3926 1121 3996 divinitatem,
1207 3931 1281 4006 (toa)
1300 3931 1436 3998 Quoniam
1447 3940 1539 3988 autern
1552 3933 1691 3988 connexio
1704 3924 1894 3988 divinitatisrtlt·

329 4025 411 4080 nosci
426 4023 454 4079 in
467 4030 541 4079 terra
562 4021 646 4093 coepit
671 4037 720 4092 per
734 4021 943 4077 humanitatem.
959 4018 1055 4093 ltaque
1073 4037 1122 4093 per
1171 4024 1325 4092 munitatis,
1344 4025 1425 4096 longe
1438 4024 1543 4083 firmior
1557 4032 1600 4084 est
1611 4027 1695 4098 quadr
1713 4025 1893 4090 animumn

327 4115 512 4172 substantiam
527 4129 584 4170 non
599 4113 757 4178 deseendit,
769 4129 818 4184 per
831 4113 957 4169 notitiam
967 4113 1120 4170 descendit.
1172 4117 1211 4173 ris
1227 4114 1338 4189 (quippe
1355 4117 1414 4172 haec
1428 4117 1486 4172 vita
1497 4125 1609 4182 coeunt,
1625 4124 1715 4173 morte
1725 4109 1893 4173 discedantlht

333 4207 396 4264 lltcc
410 4215 501 4264 autem
516 4207 614 4263 notitia
628 4223 661 4262 ex
677 4207 867 4262 incarnatione
888 4205 961 4262 iacta
974 4213 1028 4262 est.
1044 4204 1123 4262 Unde
1172 4216 1263 4264 autem
1278 4215 1305 4264 et
1323 4216 1366 4264 est
1385 4219 1448 4265 ante
1460 4209 1546 4263 uitam
1566 4208 1666 4282 jungi,
1681 4224 1731 4265 nec
1743 4215 1780 4265 est
1790 4213 1853 4262 mone
1861 4199 1892 4253 b·-

331 4301 465 4373 praedicta
485 4298 666 4356 descensione
678 4314 742 4355 mox
761 4298 870 4355 additur
883 4299 1047 4355 incarnatio.
1068 4298 1123 4356 Aut
1169 4297 1259 4370 jungi)
1274 4299 1309 4354 ad
1324 4298 1407 4370 hujus
1421 4299 1491 4354 tanti
1503 4315 1590 4356 nexus
1603 4301 1812 4372 expressionem,
1823 4305 1842 4350 rt
1853 4289 1892 4344 lab

327 4394 425 4464 ‚potius
438 4392 473 4448 de
490 4391 561 4448 coelo
572 4391 729 4459 descendit,
745 4408 809 4448 cum
832 4392 1003 4449 incarnando
1017 4393 1046 4448 in
1067 4401 1122 4450 ter·
1172 4391 1255 4446 homo
1267 4398 1296 4447 et
1310 4391 1393 4447 homo
1413 4389 1516 4447 dieitur
1531 4391 1614 4460 Deus,
1629 4407 1695 4448 cum
1709 4407 1755 4447 nec
1768 4385 1891 4459 oorptsllte

334 4499 393 4539 ram
413 4500 443 4540 se
464 4483 634 4554 humiliarit!‚
651 4492 720 4541 tcste
744 4482 877 4541 Domino:
901 4484 981 4540 Ecioi
999 4503 1017 4540 o
1040 4484 1123 4542 Putre
1172 4491 1218 4538 tur
1233 4484 1335 4549 anima,
1349 4499 1401 4540 nec
1414 4500 1536 4556 unquam
1547 4485 1641 4540 anima
1658 4500 1763 4556 corpus.

329 4572 426 4647 (locu.
444 4589 506 4638 xm,
520 4573 577 4645 tt).
590 4572 669 4630 Unde
690 4581 719 4630 ct
742 4573 906 4645 Apostolos:
922 4573 1076 4629 Ueinonioit
1092 4586 1158 4640 sel)
1209 4578 1285 4647 111
1306 4576 1378 4633 Cave
1395 4584 1488 4634 tamen
1505 4593 1541 4633 ne
1558 4577 1698 4634 hominem
1712 4577 1749 4634 sic
1761 4573 1826 4630 ὓεοιι
1840 4567 1888 4622 ho.

334 4667 449 4738 {ermom
463 4667 531 4721 serui
546 4666 674 4736 occipiens
690 4664 818 4738 (Philipp.
834 4682 872 4734 tt,
888 4665 926 4738 i).
941 4665 1010 4722 Nam
1034 4666 1120 4740 maie·
1171 4678 1202 4725 nt
1216 4670 1281 4741 quid
1295 4684 1457 4741 corporeum
1472 4669 1665 4742 incorporeum
1683 4661 1890 4739 intelligasl'lttl1

329 4757 488 4814 atatiscrat
507 4756 587 4827 quasi
601 4756 675 4830 (lid)
692 4757 816 4824 abolitio,
831 4758 940 4815 servilis
960 4758 1055 4815 formae
1074 4776 1122 4816 su·
1172 4763 1244 4819 enim
1266 4769 1364 4819 natura
1385 4763 1411 4818 id
1428 4762 1502 4834 quod
1521 4770 1581 4830 est,
1601 4771 1714 4828 manet;
1733 4776 1777 4816 nec
1789 4749 1889 4824 amnuit

325 4848 448 4920 :sceptio
468 4845 553 4918 igitur
570 4847 604 4904 de
618 4849 690 4906 crelo
707 4848 850 4907 descendit
869 4851 1033 4918 interram,
1057 4867 1120 4908 cum
1173 4855 1286 4910 alteram
1305 4855 1418 4921 transit,
1435 4855 1484 4912 sed
1499 4854 1578 4910 alteri
1593 4870 1624 4911 se
1639 4846 1888 4926 conjungentem

333 4952 369 4998 et
388 4940 532 5010 majestate
551 4955 582 4996 se
604 4939 732 5011 deposuit
752 4942 782 4997 in
800 4957 930 4998 carnem:
953 4959 1004 4999 nec
1029 4950 1121 5000 tamen
1172 4960 1288 5018 persona
1301 4945 1518 5001 substantiarum
1529 4945 1664 5012 duarum,
1679 4929 1887 5000 beremundi·

334 5031 409 5103 quod
421 5037 481 5088 erat
493 5030 629 5097 deseruit,
644 5031 693 5088 sed
708 5033 780 5104 quod
799 5050 857 5090 non
875 5043 936 5092 erat
954 5037 1120 5107 assumpsit,
1173 5038 1272 5094 animae
1285 5043 1313 5094 ct
1326 5037 1460 5108 corporis.
1472 5035 1529 5094 Nec
1537 5038 1611 5094 enirn
1623 5053 1707 5094 verus
1718 5036 1790 5091 bomo
1800 5023 1888 5088 gratie

335 5123 408 5180 unde
432 5122 502 5179 nihil
523 5123 597 5179 aliud
614 5130 658 5180 est
687 5124 847 5192 descensio,
876 5126 931 5184 nisi
954 5127 1119 5187 incarnatio.
1172 5147 1226 5203 que
1244 5127 1353 5196 anima,
1368 5144 1420 5185 nec
1434 5129 1587 5190 divinitatis
1601 5128 1719 5187 officium
1729 5135 1767 5185 εει
1779 5135 1855 5179 caruca
1866 5125 1887 5164 re

329 5213 452 5287 ,ideoque
471 5215 606 5273 descensu
622 5214 685 5272 Filii
706 5217 795 5286 dicto,
813 5219 997 5290 expositionis
1016 5221 1120 5292 gratia,
1172 5230 1273 5296 getare.
1875 5293 1878 5300 Ι

336 5307 426 5378 agitur
442 5308 477 5365 de
496 5309 656 5374 incarnato,
675 5319 737 5381 post
754 5312 896 5367 subditur:
921 5310 1023 5368 Fertur
1044 5312 1122 5368 bomo
1210 5311 1239 5370 Si
1253 5315 1315 5386 quis
1330 5321 1423 5371 tamen
1437 5322 1523 5386 ponat
1534 5313 1676 5372 Christum
1688 5327 1739 5372 non
1754 5304 1886 5364 babuerat*

330 5396 428 5470 (loon.
447 5415 473 5465 t,
492 5399 555 5473 ll);
570 5401 701 5456 nimirum
724 5403 801 5473 prius
817 5409 860 5458 est
878 5403 1058 5474 concipiendo
1077 5403 1122 5460 in·
1172 5423 1257 5472 mam,
1271 5407 1544 5463 animmtetovicem
1555 5406 1698 5478 supplesse
1711 5395 1885 5464 permusitat!

328 5497 481 5556 carnatus,
502 5500 564 5562 post
581 5492 657 5548 bomo
677 5493 774 5564 [octus.
801 5493 879 5562 Quod
901 5495 1019 5553 fortasse
1040 5511 1124 5554 eran·
1173 5508 1298 5555 mortuus
1311 5497 1504 5564 estChristus,
1518 5483 1884 5572 quoniamuunquenaltt'i

332 5583 435 5653 gelista
454 5583 600 5650 intellexit,
622 5585 687 5642 dnm
708 5586 795 5643 dixitc
815 5587 927 5643 vebum
945 5605 1009 5644 coro
1023 5588 1123 5660 suctum
1171 5593 1355 5664 personaliter
1371 5599 1414 5649 est
1431 5600 1595 5664 separatus:
1612 5591 1735 5650 Christus
1751 5595 1804 5654 ctgtt
1816 5573 1884 5666 ιω

331 5683 377 5728 ert
391 5684 417 5728 et
430 5674 558 5728 habitauit
568 5677 596 5730 in
607 5676 681 5733 roobia
691 5677 792 5753 (totu).
803 5677 1004 5738 Verbumcaro
1019 5679 1123 5736 iactum
1174 5685 1286 5752 babuit,
1301 5684 1382 5757 cujus
1396 5693 1549 5742 moreretur
1561 5684 1655 5752 abitu,
1672 5677 1818 5740 resisterent
1827 5659 1884 5718 βω

370 5784 451 5928 11ῗόἔῖ
468 5785 722 5927 {fflfflltscggsifde
742 5815 903 5922 adPettuta
939 5863 996 5920 r2
1025 5880 1044 5919 r
1074 5861 1120 5917 itn.
1210 5795 1285 5872 (¹69)
1304 5797 1555 5890 ttng.,ubisupra.
