3967 6334
277 266 328 324 dSl
770 268 921 327 nometi
937 270 1040 330 rutil
1060 273 1089 332 S.
1115 273 1149 332 lt.
1170 275 1202 333 Ε.
1221 276 1428 336 cucumeris
1822 285 1862 344 ιιι
1928 339 1929 364 ,

276 388 471 454 exspectantes
488 381 626 440 modicum
641 392 749 455 tempus
763 398 908 455 quousque
922 385 1068 457 impleatur
1081 395 1105 452 n
1119 387 1263 460 Spiritum,
1280 390 1327 464 qui
1341 392 1442 463 ubique
1455 401 1507 460 est,
1527 393 1587 449 suis
1607 391 1723 456 mittere,
1738 407 1806 463 quau
1817 410 1862 452 cur-
1928 391 1929 448 ξ

278 489 411 532 uumerus
425 473 542 531 iratrum
557 492 671 532 suorum
687 476 779 550 (Aper.
793 493 831 543 rr,
846 478 902 550 ll).
1119 483 1205 554 porali
1225 484 1253 540 iu
1274 487 1364 556 specie
1388 485 1549 568 invisibilum
1567 485 1763 553 demonstrare;
1780 503 1820 544 nec
1833 499 1863 546 ta-

581 589 697 648 qnppq
722 588 766 648 ῃ,ι
1120 590 1181 630 men
1198 575 1266 646 ipsc,
1281 576 1329 632 sed
1347 593 1408 648 que
1425 579 1515 649 ipsum
1533 576 1656 648 signabat
1672 575 1753 648 ligura
1766 582 1864 636 cuneta
1928 573 1929 624 l

306 677 445 744 Quomodo
460 688 485 733 ct
499 679 605 751 qnando
619 681 742 738 cnm-,pm
755 682 883 749 „cmg-2,
898 695 923 739 gp
937 685 1042 756 mando
1120 673 1175 722 tur.
1190 665 1271 723 Pater
1289 683 1354 740 ergo
1376 678 1403 726 et
1424 669 1519 733 Filius,
1538 670 1594 724 imo
1613 669 1694 726 etiam
1715 668 1753 740 (ut
1773 674 1865 730 sentium

605 753 753 810 descendet.
1120 759 1237 816 forsitan
1251 761 1347 836 aliqui)
1363 761 1482 836 Spiritus
1494 769 1616 826 sanctus,
1631 759 1759 832 Spiritum
1771 773 1864 820 sanmuu

316 841 504 916 Quadraginta
519 851 610 902 ιιιιιι
625 846 731 902 dicrum
751 848 842 920 spatio
855 847 998 920 discipulis
1012 849 1071 908 suis
1121 850 1207 920 misit,
1228 850 1293 907 dum
1313 853 1386 924 quod
1409 851 1540 924 Spiritum
1561 851 1715 923 designaret
1732 849 1865 910 intuentihus

280 937 702 1010 ercuroappurens(mc.1,s),
718 946 748 994 m
762 955 811 996 eos
823 940 852 995 in
867 939 919 997 lde
929 940 1069 1006 solidaret,
1121 945 1250 1002 ostenuit.
1266 945 1335 1001 rora
1351 944 1481 1012 minius,
1497 953 1544 1002 aut
1557 946 1655 1003 metius
1668 943 1747 1001 Pater
1758 957 1780 1002 e
1791 946 1864 1012 rrru,

280 1029 334 1084 sub
348 1030 419 1085 coelo
434 1037 557 1086 moratus
570 1041 623 1096 est,
646 1033 731 1087 multa
746 1041 903 1088 sanctorum
918 1033 1072 1090 numerosi·
1121 1038 1229 1093 tertiam
1255 1053 1400 1111 personam
1422 1039 1517 1102 misit,
1542 1037 1600 1094 sela
1625 1037 1707 1092 tertia
1729 1037 1865 1110 mittebatur,

280 1129 337 1178 tute
348 1125 475 1194 stipatus,
488 1139 558 1194 quos
570 1139 665 1181 orusnes
679 1125 707 1179 in
723 1125 885 1182 ascensione
897 1126 967 1180 coelo
978 1141 1070 1182 secum
1122 1129 1252 1199 quoniam
1267 1129 1434 1200 reliquarum
1455 1136 1552 1186 neutra
1571 1129 1617 1183 illa
1639 1131 1666 1182 in
1687 1128 1771 1198 specie
1782 1143 1865 1199 appare·

282 1214 386 1270 irruerit
405 1235 412 1270 :
434 1214 582 1272 decertatum
603 1219 673 1272 enim
692 1218 721 1271 iu
739 1218 824 1272 olium
841 1219 973 1289 captiuum
995 1218 1072 1272 duait
1122 1222 1169 1277 bat
1190 1241 1196 1277 :
1218 1221 1319 1293 quippe
1342 1222 1448 1292 species
1471 1237 1503 1278 ea
1528 1222 1617 1278 solum
1640 1227 1748 1292 propter
1767 1219 1865 1292 Spiritum

280 1307 461 1376 captiuitatem
479 1306 586 1379 (Epiros,
603 1323 640 1373 rr,
655 1307 694 1380 8).
724 1306 795 1364 illuc
810 1311 881 1364 euim
900 1308 1072 1365 amnuerunt
1123 1328 1184 1370 sese
1197 1313 1356 1368 intuendam
1374 1312 1529 1377 exhibebat,
1551 1311 1623 1368 sieut
1643 1311 1728 1367 solius
1747 1309 1865 1371 Patristur

280 1398 378 1465 tribur,
393 1400 478 1456 tribur
493 1399 600 1454 Doatiui
612 1399 708 1473 'ursui
719 1417 806 1468 ursit,
828 1401 883 1472 lu).
900 1401 967 1457 Nam
981 1402 1016 1458 ab
1031 1401 1073 1456 in·
1123 1405 1215 1460 audita
1228 1414 1291 1462 est:
1307 1404 1358 1460 llic
1371 1414 1410 1460 est
1426 1403 1512 1460 Filius
1526 1421 1599 1460 naeus
1612 1403 1723 1459 dilectus
1734 1402 1824 1476 (butri.
1836 1421 1866 1477 tu,

281 1491 348 1552 ieris
367 1492 448 1564 cripi,
467 1509 518 1549 nec
538 1495 624 1550 coelos
647 1493 765 1564 ingredi,
790 1493 1011 1550 antechristum
1031 1491 1073 1548 ias
1124 1495 1179 1568 li),
1197 1496 1268 1552 sicut
1283 1495 1358 1552 solus
1371 1494 1457 1552 Filius
1474 1497 1501 1550 in
1516 1495 1625 1550 bomine
1639 1493 1715 1551 risus
1728 1491 1775 1551 e'st.

278 1590 351 1640 erat.
367 1581 421 1639 Sed
434 1583 562 1642 Christus
582 1599 634 1640 uec
647 1583 841 1642 conscendisse
854 1585 908 1641 nisi
921 1585 1074 1656 quadrage·
1158 1588 1217 1644 Non
1230 1595 1323 1644 tamen
1339 1587 1456 1660 Spiritus
1477 1596 1588 1646 sanctus
1603 1588 1715 1660 speciei,
1729 1588 1791 1643 sicut
1806 1587 1866 1648 liius

280 1679 360 1736 nario
375 1679 521 1749 completo,
545 1694 597 1734 nec
611 1685 673 1749 post
687 1679 853 1749 completum
865 1678 1071 1742 descensurus,
1124 1681 1228 1737 bomini
1248 1681 1277 1737 in
1297 1697 1379 1737 unam
1400 1695 1430 1737 se
1447 1679 1589 1750 conjunxit
1608 1693 1751 1751 personam
1765 1697 1771 1734 :
1785 1694 1824 1734 nec
1835 1681 1867 1734 in

280 1769 335 1824 uisi
349 1769 378 1824 in
392 1770 437 1826 die
448 1770 546 1839 judicii
559 1770 722 1826 estiruatur.
744 1769 896 1842 Utrumque
907 1776 1000 1838 tanuen
1015 1769 1073 1826 lieri
1088 1753 1109 1808 b
1124 1773 1221 1829 merite
1235 1772 1311 1830 solus
1325 1773 1370 1829 ille
1384 1773 1541 1845 apparebat,
1553 1771 1600 1843 qui
1614 1768 1775 1841 septiformis
1785 1785 1867 1826 nuncu

280 1877 363 1934 posse
377 1877 471 1918 rerttm
487 1870 540 1928 est,
555 1871 683 1921 neutrum
699 1879 764 1920 sero
779 1863 836 1919 lteri
852 1878 922 1934 opus
935 1869 988 1927 est,
1004 1877 1073 1933 quo·
1123 1864 1238 1922 daturus
1248 1864 1387 1921 ueniebat.
1404 1864 1539 1920 Nimirum
1550 1861 1722 1934 ejusveuirc,
1737 1861 1761 1916 id
1773 1868 1814 1926 cst,
1826 1877 1868 1917 uu-

280 1955 357 2011 uiam
373 1970 461 2026 neque
475 1956 547 2010 ratio
565 1956 691 2028 requirit,
714 1963 742 2012 et
757 1957 907 2012 auctoritas
921 1953 1071 2013 dissentit:
1122 1974 1189 2015 nera
1211 1959 1351 2031 largiendo
1364 1958 1451 2014 bonos
1465 1957 1588 2024 elilcere;
1608 1956 1671 2027 ejus
1694 1962 1776 2010 autem
1792 1955 1868 2010 inhah-

280 2047 413 2117 quoniam
427 2047 547 2104 usccrulit
568 2048 603 2103 ud
624 2048 714 2114 celos,
735 2047 796 2103 inde
815 2056 938 2103 coacturus
949 2046 1074 2118 judicare
1122 2061 1192 2118 tare,
1205 2053 1289 2120 idest,
1300 2047 1866 2120 munemdataconsermnuoaugemuun

280 2138 350 2192 uiuos
365 2148 389 2192 et
404 2149 521 2194 sutorium
537 2139 622 2212 (iili).
1123 2146 1218 2202 obrem
1245 2145 1279 2200 ad
1306 2144 1457 2217 discipulos
1471 2144 1569 2200 merito
1597 2142 1715 2206 advenit,
1736 2155 1796 2212 quos
1813 2149 1866 2196 auca

316 2230 389 2287 llibil
402 2248 469 2304 ergo
481 2249 516 2288 es
530 2233 611 2290 nobis
626 2234 831 2306 coniungentes,
853 2241 919 2289 tunc
935 2234 1011 2288 illum
1026 2232 1072 2304 qui
1123 2239 1169 2293 uix
1180 2237 1288 2293 initium
1300 2237 1364 2294 boni
1380 2243 1554 2302 consecutos,
1569 2240 1700 2306 tanquam
1719 2234 1813 2289 timidos
1826 2249 1866 2289 sce

280 2326 405 2382 ascendit
418 2327 617 2383 descensurum
632 2342 801 2392 asseramus,
816 2325 926 2397 quaudo
937 2325 1074 2396 judicatu·
1123 2331 1312 2398 recondentes,
1325 2330 1383 2400 jnnn
1399 2345 1463 2386 ncnc
1475 2329 1563 2384 ncncc
1577 2325 1705 2391 ncndinn,
1716 2333 1866 2397 cnnqnnnnn.

280 2433 331 2474 rus
345 2417 481 2485 adveniet,
496 2434 531 2475 ue
546 2419 571 2475 si
590 2419 689 2475 iterum
712 2418 866 2490 iterumque
880 2417 1028 2474 ascendere
1041 2431 1074 2472 ac
1123 2440 1190 2482 ncnc
1204 2424 1352 2492 calcantes,
1365 2423 1478 2493 solaque
1497 2429 1598 2478 aeterna
1612 2425 1758 2491 captantes,
1779 2417 1865 2472 adhibila

281 2511 449 2568 descendere
460 2511 612 2568 astruimus
626 2510 695 2569 lines
710 2511 883 2568 auctoritatis
895 2510 1072 2582 transgressi,
1124 2518 1238 2574 scicntia
1253 2517 1362 2586 uirique
1376 2515 1415 2571 rci
1430 2513 1597 2570 neccssaria.
1612 2509 1729 2583 Spiritus
1742 2507 1867 2580 autequ

280 2619 338 2659 nun
350 2603 408 2674 janu
421 2603 511 2670 duos,
534 2603 590 2660 inm
604 2605 739 2676 plurimos
753 2605 916 2660 inducamus
929 2602 1071 2659 adrentus.
1124 2610 1152 2666 in
1167 2609 1257 2681 specie
1271 2607 1404 2664 culumbae
1415 2621 1497 2678 super
1510 2603 1658 2660 Donrinttm
1680 2599 1794 2673 appamit
1803 2596 1865 2672 (Jttt

281 2692 466 2760 Quamobrem
481 2710 533 2750 nec
552 2710 674 2767 unquam
696 2694 820 2751 ascendit
840 2693 913 2750 diem
928 2700 992 2749 ante
1006 2708 1074 2765 qua·
1124 2717 1145 2767 1,
1160 2701 1217 2773 52),
1233 2701 1261 2756 in
1275 2699 1363 2773 igneis
1379 2698 1480 2771 linguis
1495 2695 1640 2768 discipulis
1655 2710 1685 2752 se
1700 2693 1806 2750 exhibuit
1819 2691 1865 2764 (lu.

268 2785 478 2865 dragesimam,
498 2802 550 2843 uec
570 2788 648 2858 prius
670 2786 819 2845 descendet
841 2801 928 2857 usque
949 2786 983 2842 ad
1001 2786 1074 2857 judi·
1125 2811 1157 2861 n,
1172 2794 1211 2868 5),

264 2871 374 2934 'cium:
392 2879 494 2950 quippe
517 2879 540 2935 si
564 2888 627 2936 ante
649 2878 819 2936 ascendisset
839 2885 867 2935 et
881 2885 945 2933 ante
959 2878 1074 2934 descen·
1160 2883 1214 2942 scd
1229 2899 1264 2940 cn
1278 2884 1350 2957 ignis
1376 2884 1439 2950 iste,
1459 2881 1584 2940 columba
1605 2894 1671 2937 vero
1693 2878 1746 2942 illa,
1762 2883 1867 2944 utmuquo

277 2971 379 3034 disset,
392 2971 524 3042 quoniam
543 2973 719 3030 cernentibus
743 2972 876 3043 apostolis
897 2971 942 3027 die
956 2971 1075 3042 quadra·
1123 2977 1197 3050 quod
1215 2977 1354 3034 ridebatur
1375 2977 1403 3032 id
1417 2991 1480 3032 tere
1499 2973 1576 3030 erati
1590 2971 1646 3028 Sed
1668 2969 1770 3043 angelus
1785 2967 1866 3022 huntam

277 3066 387 3136 gesimo
408 3073 469 3121 erat
492 3083 669 3125 ascensums.
682 3065 787 3138 litaque
809 3081 843 3122 ert
864 3065 998 3122 descensu
1021 3065 1074 3122 isto
1088 3103 1112 3165 c
1125 3070 1154 3126 in
1173 3071 1263 3141 specie
1283 3069 1387 3126 sanctis
1406 3067 1567 3139 apparuisse
1589 3064 1688 3121 erebro
1709 3063 1808 3135 legimus
1822 3057 1867 3114 :sel

282 3167 383 3228 pmcter
394 3159 514 3228 primum
527 3166 555 3215 et
569 3158 696 3214 ultimum
716 3158 815 3215 tertius
828 3158 905 3214 lieret
919 3157 1073 3222 adtentus,
1125 3162 1198 3234 quod
1219 3160 1374 3233 apparendo
1392 3159 1500 3215 ridetur
1523 3157 1617 3223 bomo,
1644 3155 1706 3212 idne
1728 3169 1782 3210 rcra
1794 3153 1867 3208 ntum

278 3249 337 3305 imo
356 3250 434 3323 jirsta
458 3267 603 3308 numerum
625 3265 787 3308 ascensuum
813 3264 945 3307 numerus
967 3265 1076 3322 quoque
1125 3260 1168 3310 est
1187 3253 1288 3308 homo‘l
1313 3251 1341 3308 Si
1365 3257 1456 3308 autem
1473 3257 1527 3316 est,
1548 3264 1641 3305 nonne
1661 3247 1736 3320 quasi
1750 3261 1815 3307 unus,
1832 3245 1866 3298 int

268 3351 420 3399 cresceret
434 3343 611 3399 adrenttrrtm.
1125 3362 1189 3403 uere
1203 3361 1276 3403 unus
1289 3353 1332 3402 est
1346 3361 1379 3402 ct
1394 3343 1457 3402 liliis
1470 3343 1551 3400 hdaei
1567 3340 1596 3398 Si
1608 3357 1675 3414 ergo
1686 3355 1745 3396 tere
1765 3339 1867 3408 solunqu

316 3433 372 3490 h'ec
393 3435 490 3507 ignoro
510 3437 615 3492 sanctis
635 3444 698 3506 post
724 3435 914 3492 ascensionem
929 3434 1075 3490 llominum
1126 3436 1259 3504 bomo,id
1272 3444 1324 3502 cst,
1346 3437 1419 3508 quod
1441 3434 1573 3500 cernitur,
1594 3433 1731 3506 quomodo
1752 3431 1866 3504 angelum·

283 3535 410 3582 nostrum
431 3527 525 3584 lesum
548 3541 747 3598 nonuunquam
770 3527 939 3599 apparuisse,
960 3526 1009 3583 scd
1029 3533 1076 3581 aut
1126 3531 1234 3589 vislcin
1249 3522 1867 3602 humanaspeciepmdieaturinumangclush·

282 3620 312 3676 iu
328 3622 398 3676 cmlo
412 3637 462 3692 per
476 3637 517 3689 se,
533 3630 580 3677 aut
594 3623 622 3678 in
638 3633 712 3679 terra
726 3623 850 3694 angelico
865 3622 1020 3677 ministerio
1032 3621 1076 3676 vi·
1127 3621 1209 3678 dutus
1223 3621 1332 3676 homine
1346 3635 1380 3676 co
1394 3619 1428 3675 ad
1446 3618 1570 3691 quaedam
1593 3617 1681 3672 utitur
1695 3613 1781 3680 officia,
1793 3627 1816 3666 ac
1826 3625 1867 3681 pro·

283 3713 365 3768 detur
391 3713 459 3768 milri
482 3715 653 3785 apparuisse.
685 3715 731 3771 Src
752 3715 840 3772 saneti
862 3731 917 3771 non
938 3723 995 3770 tam
1012 3715 1075 3787 ipsi,
1126 3724 1219 3789 pterea
1234 3715 1347 3788 angelus
1361 3714 1389 3770 in
1403 3713 1524 3776 bomine,
1538 3710 1638 3767 merito
1658 3707 1865 3781 pmnuutiaturap

284 3821 380 3861 rerum
394 3807 454 3862 rice
468 3823 564 3863 eorum
580 3809 679 3880 angeli,
702 3810 840 3880 precipuo
854 3811 884 3875 ii,
900 3826 970 3881 quos
984 3809 1076 3866 diuina
1127 3810 1243 3882 parere?
1252 3807 1305 3864 Sed
1320 3822 1371 3862 nec
1383 3805 1555 3862 auctoritatis
1566 3810 1764 3874 transgressor,
1776 3799 1797 3854 id
1806 3811 1866 3853 erut

283 3898 453 3970 dispensatio
466 3901 598 3956 custodie
613 3909 771 3958 sanctorum
786 3903 851 3956 dum
864 3902 892 3956 in
905 3917 988 3959 carne
1003 3901 1078 3958 habi·
1127 3901 1283 3974 coniungere
1296 3899 1393 3964 audeo,
1408 3912 1459 3955 nec
1483 3896 1621 3969 quomodo
1643 3895 1723 3951 homo
1742 3889 1864 3950 mnium

284 3997 385 4057 tarent,
408 3989 563 4061 depuravit,
586 3993 746 4049 hominihus
769 3993 929 4065 apparuisse
948 4009 1077 4050 nonnun-
1113 3993 1219 4051 'subito
1233 4000 1280 4048 aut
1294 3997 1423 4064 appareat
1438 3997 1485 4045 aut
1507 3994 1664 4050 evanescat,
1690 3984 1803 4056 intelligo,
1822 3995 1866 4052 prs·

283 4097 367 4160 quum
384 4084 522 4156 leguntur.
541 4083 611 4156 ipsis
624 4100 744 4156 nonique
757 4086 800 4157 (ut
813 4085 873 4158 ipso
887 4085 998 4142 nomine
1013 4085 1078 4140 insi·
1128 4087 1222 4145 sertim
1235 4101 1297 4140 cum
1312 4081 1433 4139 nondum
1448 4083 1504 4138 sint
1518 4080 1696 4136 immortales.
1710 4076 1789 4133 Sedet
1799 4073 1816 4130 si
1826 4071 1865 4144 quit

284 4182 386 4241 putatur
410 4175 582 4248 angelorum)
607 4177 636 4232 in
658 4177 816 4247 lurjusmodi
839 4178 948 4249 negotia
969 4177 1077 4233 admitti
1127 4196 1189 4237 csse
1203 4185 1298 4250 ponat,
1313 4175 1425 4232 minime
1446 4180 1540 4230 tamen
1563 4172 1701 4236 conuenit,
1715 4165 1865 4242 quolamelu

282 4266 423 4326 cottrcnit.
448 4265 558 4325 Sanctis
572 4266 641 4340 ipsis
653 4267 765 4325 Christo
778 4268 982 4334 assistentibus,
1004 4268 1079 4323 nilti·
1129 4271 1276 4335 hominem,
1293 4268 1457 4324 immortalis
1472 4267 1616 4322 mortalem
1632 4265 1683 4322 sibi
1698 4263 1729 4318 ad
1742 4268 1826 4315 terrem
1836 4269 1864 4309 tt·

283 4355 405 4419 lominus
419 4358 479 4414 loeo
499 4375 581 4430 quam
602 4360 842 4430 contemplatione.
868 4358 902 4413 Et
925 4375 988 4414 cum
1004 4359 1077 4415 aliud
1115 4369 1220 4420 'sitiunt
1240 4362 1360 4433 negotia,
1386 4359 1517 4431 quoniam
1543 4357 1570 4413 id
1590 4355 1682 4428 operis
1701 4353 1864 4424 explempost

284 4445 341 4505 dici
365 4451 465 4520 possit,
488 4451 516 4506 id
539 4460 631 4508 tamen
652 4453 739 4526 ntagis
761 4453 836 4509 credi
857 4453 995 4509 convenit.
1021 4451 1074 4509 Sed
1091 4461 1174 4520 naut
1190 4455 1272 4510 bomo
1286 4469 1335 4524 per
1356 4467 1396 4518 se,
1412 4459 1460 4507 aut
1473 4451 1587 4523 angelus
1610 4445 1740 4520 corporali
1759 4445 1782 4499 in
1797 4439 1863 4511 specio

284 4552 348 4593 cum
366 4539 394 4593 iu
409 4541 479 4596 emlo
501 4549 558 4596 tam
581 4541 709 4600 Christus
728 4558 812 4614 quam
836 4543 924 4600 sancti
940 4543 1001 4615 ejus
1013 4559 1077 4614 pro·
1131 4545 1183 4602 Sed
1195 4546 1219 4602 si
1229 4543 1341 4616 opilices
1353 4558 1437 4615 opera
1448 4543 1493 4598 elii
1503 4541 1556 4596 alia
1565 4541 1756 4601 machinantes,
1767 4541 1864 4590 cretum

285 4628 361 4699 prius
376 4631 518 4688 obtineant
532 4635 700 4702 mansiones,
724 4634 793 4690 nihil
806 4642 898 4690 temen
911 4635 1038 4705 probibet
1054 4635 1078 4692 si
1116 4635 1177 4693 ‘Dei
1192 4637 1270 4693 aliter
1284 4644 1366 4708 atque
1377 4635 1457 4692 aliter
1470 4634 1636 4700 informant3
1649 4633 1672 4687 si
1694 4629 1758 4700 magi
1771 4627 1794 4680 iu
1805 4623 1864 4692 burst

285 4720 397 4790 quaudo
410 4723 469 4778 lieri
482 4733 589 4795 oportet
604 4723 720 4783 iniurius
733 4741 782 4782 eos
796 4741 937 4797 apparere,
964 4727 1036 4783 sicut
1050 4727 1078 4782 iu
1129 4729 1206 4799 signs
1229 4728 1399 4792 aenrulantes,
1422 4725 1564 4782 clementis
1577 4723 1625 4780 lici
1649 4721 1723 4777 abusi
1742 4719 1864 4775 leccruultt

285 4811 391 4884 iudicio
404 4815 586 4892 apparebunt,
607 4823 646 4883 et,
666 4825 697 4872 ut
710 4817 797 4886 aiunt,
814 4817 976 4892 saepiuscule
991 4833 1078 4890 eppa·
1128 4821 1181 4892 ipsi
1203 4835 1252 4892 per
1272 4819 1483 4884 incantationes,
1504 4825 1532 4874 et
1547 4831 1647 4872 areana
1660 4813 1771 4886 quaedam
1790 4805 1863 4864 siniit

286 4912 411 4970 luerunt·
1128 4914 1223 4984 utique
1250 4913 1290 4969 rei
1313 4912 1422 4979 ellectu,
1448 4919 1495 4967 aut
1519 4911 1577 4968 sola
1600 4909 1736 4964 oculorum
1755 4901 1862 4960 delusiorc,

593 5005 708 5063 entur
725 5006 770 5064 tv.
1128 5013 1237 5078 patrum
1250 5005 1412 5062 traditiones
1426 5020 1477 5060 cur
1494 5019 1549 5058 non
1563 5009 1713 5064 teneamus,
1728 5006 1752 5054 ct
1763 4991 1863 5052 orelttttt

348 5095 461 5162 Quaado
477 5095 599 5152 Christus
614 5097 745 5168 Spiritum
760 5109 879 5154 sunctum
895 5102 978 5166 misit,
995 5108 1020 5153 et
1129 5097 1251 5167 angelon
1264 5102 1358 5166 utpote
1368 5095 1484 5152 scientia
1497 5095 1628 5157 illustres,
1637 5091 1862 5162 virtuteprestarlts

615 5189 754 5260 quommlo.
1128 5189 1319 5245 convenientia
1342 5187 1454 5260 agendis
1467 5203 1501 5244 ex
1525 5203 1588 5242 aere
1604 5185 1656 5242 sibi
1677 5196 1779 5254 corpora
1793 5183 1862 5247 epam

323 5275 452 5334 Christus
466 5295 533 5351 ergo
547 5279 581 5336 ad
595 5279 737 5337 desieram
752 5280 800 5337 ilci
815 5281 923 5344 sedens,
940 5281 966 5336 id
981 5287 1033 5345 cst,
1050 5279 1079 5335 in
1129 5287 1264 5351 quatenus
1277 5281 1391 5338 subtiles
1401 5288 1483 5352 atquc
1491 5281 1576 5352 agiles
1589 5293 1645 5336 sum
1658 5263 1862 5334 natur-econcordt

289 5369 445 5437 aequalitate
459 5369 548 5427 Patris
562 5387 695 5443 regnans,
718 5380 765 5426 aut
787 5373 816 5426 in
831 5371 985 5443 potioribus
1001 5368 1079 5442 147
1129 5374 1202 5428 nacti
1216 5375 1302 5429 nihilo
1312 5373 1525 5445 praepediantur,
1535 5364 1862 5445 quandocunqueobicllllle

289 5457 370 5516 honis
386 5467 447 5530 post
462 5462 582 5518 laborem
596 5465 751 5535 quiescens,
768 5480 847 5520 suum
863 5462 1007 5534 Patrisque
1021 5459 1082 5532 Spi-
1131 5466 1221 5523 culum
1231 5475 1278 5521 unu
1293 5481 1423 5538 nppnnccc
1434 5473 1482 5521 nnc
1501 5481 1664 5522 cnunccccnc
1677 5484 1683 5518 :
1698 5469 1806 5533 apparere
1823 5459 1862 5544 llll

290 5549 373 5604 ritum
388 5554 612 5612 consummandis
632 5557 707 5611 misit
728 5555 882 5627 discipulis,
905 5571 986 5625 quem
1001 5554 1042 5610 cis
1054 5560 1082 5608 et
1131 5557 1232 5612 visibili
1246 5557 1338 5628 speeie
1349 5557 1486 5618 conlecta.
1502 5571 1665 5612 euanescere
1678 5567 1734 5608 mor
1747 5551 1819 5604 eaden
1829 5535 1862 5590 ds

291 5642 535 5806 trogopnliudserat
559 5645 731 5703 inchoandis.
766 5646 821 5703 Nec
846 5645 919 5702 aliud
945 5644 990 5702 hio
1016 5653 1081 5716 puto
1132 5648 1238 5705 soluta?
1251 5647 1308 5706 Nisi
1331 5649 1400 5706 lortc
1421 5650 1513 5706 verius
1528 5655 1570 5708 cst
1589 5663 1636 5708 cos
1655 5647 1733 5707 latere
1747 5651 1797 5698 curt
1813 5631 1860 5696 liiii

433 5748 450 5785 u
487 5733 559 5788 emb.
