3967 6334
320 403 390 462 1155
867 405 1004 463 suuuuu
1021 406 1167 465 tenuris
1187 407 1217 465 S.
1237 405 1386 464 broulslt
1820 429 1867 490 ,ἧς

350 519 444 574 Altare
462 518 561 584 etiam,
580 518 654 590 quod
672 520 830 576 testimonio
847 521 1023 592 antiquomm
1042 536 1107 576 san·
1120 534 1144 591 A
1157 522 1332 578 sanctissima
1346 521 1458 578 brachia
1474 521 1688 591 continebantur,
1705 529 1743 584 ubi
1758 545 1869 606 mm

314 619 390 670 etum
410 610 568 666 nominatur
590 613 677 668 altare
697 611 750 683 (sic
768 611 842 667 enim
856 611 1001 669 consueuit
1019 612 1111 669 dicere
1161 616 1228 676 bant
1248 615 1393 673 cristallini
1414 614 1539 685 lapides,
1557 615 1649 672 titulos
1665 632 1745 676 mmm
1758 625 1858 694 adem„
1920 646 1921 677 1

314 702 452 780 gloriosus
470 717 518 759 rex
537 700 694 760 ludovicus
713 703 847 776 Philippi,
869 703 905 760 ab
925 703 1041 759 infantia
1060 721 1111 760 sua
1160 707 1306 781 diiigenter
1318 707 1469 779 aperirent,
1483 708 1556 764 sicut
1574 680 1870 794 sperabamusonnspg'

314 797 380 852 dum
394 795 439 850 hic
452 795 614 862 nutriretur,
630 810 689 853 sea
711 797 867 854 senioribus
887 798 939 854 loci
958 799 1108 864 didicisse,
1160 801 1237 856 narie
1251 799 1306 856 lieo
1319 807 1458 856 annuente
1476 799 1632 856 ridentibus
1651 806 1743 859 cunctis
1755 806 1869 873 nmina
1920 828 1921 831 ’

313 889 378 961 quia
395 903 460 945 oum
477 896 629 956 vetustate,
649 896 707 945 tum
725 889 833 947 defectu
853 891 943 947 tidelis
960 892 1107 956 custodie,
1158 890 1277 948 Causam
1297 892 1378 946 etiam
1399 891 1575 962 repositionis
1596 891 1752 962 reliquiarum
1768 895 1870 960 ndns.

312 991 372 1036 tum
390 980 474 1038 etiam
492 988 603 1054 propter
626 981 794 1054 frequentem
812 983 981 1048 motionem,
1000 999 1062 1054 quae
1079 983 1110 1039 llt
1158 983 1263 1040 locellis
1276 982 1439 1047 invenimus,
1450 982 1656 1052 uideiioetquod
1664 981 1871 1060 llarolusinpnnn

310 1073 479 1132 nobilissimi
498 1081 646 1146 apparatus
665 1075 825 1140 occasione,
840 1075 887 1146 qui
902 1075 1003 1132 diuersi
1018 1076 1109 1132 diver·
1158 1076 1273 1141 tertius,
1287 1076 1336 1147 qui
1348 1074 1436 1132 eidem
1449 1073 1529 1129 altari
1542 1073 1662 1145 subjacet
1672 1075 1771 1146 gloriose
1780 1085 1871 1154 sepem

276 1221 279 1232 ,
311 1164 370 1232 tis,
385 1165 550 1222 erudientes
563 1165 800 1224 excellentioribus
821 1166 899 1224 lestis
917 1175 1107 1241 apponuntur,
1158 1167 1193 1222 ad
1207 1167 1349 1224 tuitionem
1361 1168 1459 1222 animae
1472 1173 1500 1223 et
1513 1167 1647 1238 corporis,
1664 1166 1870 1245 detherainpshl

277 1309 280 1317 .
311 1256 405 1314 minus
418 1255 534 1312 honeste
547 1264 685 1329 comptum
704 1259 861 1332 apparebat)
877 1259 912 1315 ob
926 1262 1107 1316 reuerentiam
1156 1258 1269 1315 cassibi
1282 1257 1396 1324 assumi,
1410 1266 1438 1315 et
1453 1274 1536 1330 penes
1546 1274 1577 1316 se
1589 1259 1691 1330 reponi,
1700 1259 1872 1331 imprimetur

311 1355 473 1406 sanctarum
488 1348 665 1420 reliquiarum
679 1365 811 1407 renouare
824 1352 991 1424 excepimus
1008 1351 1109 1408 Sacra·
1157 1351 1347 1423 assignaverit.
1361 1350 1557 1424 Argumentum
1571 1352 1652 1407 etiam
1664 1353 1746 1408 annuli
1757 1356 1871 1428 suidprs

311 1445 360 1495 tus
374 1438 508 1512 siquidem
523 1441 592 1512 lapis
605 1443 825 1515 porphyreticus,
840 1445 887 1516 qui
900 1453 1027 1516 superest
1040 1460 1104 1511 arae,
1156 1441 1235 1498 sione
1253 1443 1408 1514 signatum,
1429 1443 1504 1511 qood
1519 1443 1599 1500 ualde
1615 1443 1732 1499 omnbus
1742 1446 1830 1516 placuit,
1839 1451 1871 1506 ili

313 1545 370 1587 non
396 1531 488 1588 miuus
508 1533 669 1604 qualitativo
692 1535 801 1602 colom,
822 1553 904 1610 qaam
926 1539 1108 1611 quantitative
1156 1531 1217 1588 dem
1230 1534 1392 1604 reperimus.
1414 1533 1555 1590 Neceuim
1568 1535 1628 1590 sinc
1645 1546 1871 1597 cinnameus.

313 1623 515 1695 magnitudine,
531 1625 599 1682 satis
614 1636 704 1699 aptus,
724 1643 844 1684 concavo
858 1629 932 1702 ligno
945 1645 1012 1686 auro
1025 1646 1106 1704 oper-
1155 1623 1223 1680 illud
1243 1625 1329 1682 aliare
1352 1632 1456 1697 sepiem
1479 1625 1619 1698 lampad&
1642 1625 1668 1681 1¹1
1690 1627 1753 1683 iiiii
1768 1632 1871 1700 mous.

313 1721 363 1780 to,
391 1715 450 1787 ipsa
468 1723 604 1774 uetustate
625 1718 789 1790 interpolata
812 1718 958 1775 admodum
980 1717 1105 1786 disrupto
1154 1730 1216 1787 quae
1237 1730 1289 1773 nos
1306 1717 1417 1790 quidem
1432 1716 1568 1774 dissoluta
1587 1716 1738 1784 referimus,
1758 1719 1873 1777 raesens

313 1808 485 1880 cingebatur.
511 1808 597 1880 Cujus
615 1810 729 1865 concaui
748 1808 836 1866 faceta
857 1807 1056 1880 compositione
1076 1805 1105 1861 in
1154 1815 1212 1862 tam
1225 1807 1270 1865 die
1289 1824 1374 1882 qnam
1387 1817 1469 1865 nocte
1482 1810 1512 1865 in
1525 1809 1871 1880 sempiremumardcreursb

313 1899 446 1956 anteriori
466 1909 545 1972 parte
565 1902 685 1957 locatum
707 1901 849 1957 brachium
873 1899 902 1958 S.
926 1898 1021 1955 iacobi
1041 1912 1108 1970 apo-
1123 1873 1145 1930 B
1158 1899 1274 1967 tuisset,
1289 1901 1343 1958 nisi
1355 1900 1500 1957 maximam
1520 1916 1598 1972 spem
1612 1907 1641 1957 et
1657 1901 1766 1971 corporis
1780 1913 1801 1958 et
1814 1905 1872 1958 ann

313 1991 394 2057 stoli,
410 1983 530 2064 idipsum
544 1991 644 2049 litteris
664 1993 778 2050 interius
793 1992 1001 2057 attestantibus,
1014 1989 1107 2062 pervia
1159 1989 1189 2046 in
1209 2000 1365 2048 sanctarum
1389 1990 1566 2062 reliquiarum
1583 1989 1739 2062 repositione
1759 1991 1872 2048 credidnsa

313 2080 504 2137 eandidissimi
536 2081 651 2138 cristalli
679 2083 820 2154 apertione
846 2082 1019 2138 credebatur.
1052 2078 1108 2136 Nec
1160 2079 1319 2153 sumptibus
1340 2083 1414 2138 enim
1437 2082 1546 2138 illarum
1572 2091 1601 2138 et
1627 2081 1786 2137 anniversarii
1804 2084 1874 2146 sni,s

311 2171 408 2230 minus
422 2173 451 2230 in
464 2173 576 2230 dextera
598 2183 675 2246 parte
696 2175 871 2232 uniformiter
888 2175 1042 2231 litterarum
1060 2186 1108 2244 ap-
1158 2186 1271 2227 suorum
1285 2170 1441 2237 refectioni,
1458 2171 1660 2243 possessionem
1673 2185 1801 2241 suanqne
1811 2171 1873 2225 liuto

312 2263 470 2334 paritionc,
493 2264 636 2346 brachium
659 2267 867 2338 protomartyris
902 2263 1034 2336 Stephani
1063 2278 1109 2318 re·
1157 2261 1285 2318 Ruoilum
1298 2278 1362 2319 cum
1371 2261 1539 2334 appendiciis
1550 2261 1649 2333 sigillis
1660 2261 1874 2318 anrdseonirrarit
1920 2328 1921 2337 χ

312 2357 413 2422 condi3
427 2357 456 2414 in
470 2357 583 2414 sinistra
595 2374 660 2416 uero
676 2375 753 2430 aeque
767 2358 855 2415 sancti
869 2357 1008 2414 vincentii
1020 2356 1109 2414 levitae
1160 2351 1230 2410 llinc
1239 2361 1281 2412 est
1290 2355 1383 2420 etiam
1394 2351 1468 2426 quod
1480 2355 1510 2411 in
1523 2353 1736 2411 solemnitatibus
1748 2351 1874 2408 hunum

313 2453 343 2503 et
367 2449 498 2522 martyris
523 2448 667 2506 brachium
691 2451 787 2506 titulus
812 2450 929 2507 interius
951 2447 1112 2520 perorabat,
1157 2447 1317 2518 sexaginta,
1332 2447 1424 2518 magni
1440 2453 1469 2501 et
1481 2445 1591 2502 bonesti
1603 2444 1675 2501 eerei
1688 2458 1746 2508 ser,
1758 2443 1875 2513 qaalsalli

312 2535 370 2595 lios
390 2539 474 2612 igitur
491 2547 630 2596 tantarum
643 2549 670 2597 et
683 2548 738 2597 tam
754 2549 911 2598 saucmmm
930 2540 1108 2612 reliquiarum
1156 2539 1187 2595 in
1214 2537 1335 2594 Ecclesia
1357 2547 1403 2593 aut
1429 2552 1493 2593 raro
1515 2543 1564 2591 aur
1584 2549 1720 2606 nunquam
1742 2540 1875 2605 apponunt.

312 2629 485 2700 protectione
508 2633 611 2688 muniri
639 2639 821 2704 appetentes,
847 2649 898 2690 eas
922 2632 1035 2699 uidere,
1058 2648 1107 2690 eas
1157 2632 1232 2688 circa
1259 2631 1332 2687 idem
1360 2629 1445 2686 altere
1469 2633 1666 2686 accenduntur.
1693 2623 1755 2680 lline
1777 2632 1810 2681 est
1826 2625 1877 2679 dian

313 2720 479 2786 deosculari,
495 2721 519 2778 si
538 2721 594 2779 lieo
607 2721 753 2794 displicere
769 2738 825 2778 non
840 2721 985 2788 timerem,
996 2731 1109 2794 gratan-
1157 2723 1231 2796 quod
1243 2722 1350 2794 quoties
1370 2722 1455 2776 altare
1473 2720 1547 2776 beati
1567 2718 1707 2791 Dionysi,
1725 2716 1821 2772 nass
1833 2713 1875 2770 ito

312 2811 420 2868 tissime
440 2813 527 2868 multo
540 2822 694 2886 temporum
709 2828 841 2885 processu
863 2813 999 2886 rapiebar.
1020 2813 1106 2872 hssu·
1157 2815 1242 2872 altare
1259 2814 1344 2870 nobili
1358 2819 1490 2885 apparatu
1504 2811 1663 2867 aduniatur.

312 2919 393 2962 mens
410 2905 494 2976 igitur
511 2920 544 2961 ex
562 2905 707 2963 deuotione
724 2906 884 2972 audaciam,
903 2915 931 2962 et
950 2907 1110 2980 antiquitati
1191 2905 1308 2962 Crucem
1330 2905 1412 2961 etiam
1430 2903 1584 2958 mirabilem
1603 2901 1756 2974 quantitatis
1775 2914 1830 2959 sue.
1841 2913 1876 2966 pt

313 2995 447 3052 honorem
460 2997 583 3055 ueritatis
596 3013 778 3065 conservans,
792 2999 904 3054 modum
920 3006 949 3055 et
962 2999 1034 3056 diem
1057 2999 1106 3056 de·
1156 2995 1328 3067 superposita
1349 3001 1392 3050 est
1412 2993 1484 3049 inter
1504 2993 1590 3048 altam
1613 3000 1644 3046 et
1666 2991 1784 3048 tumulum
1799 2987 1877 3059 quin

313 3088 423 3160 tegendi
443 3089 520 3161 ipsas
541 3097 651 3147 sanctas
677 3091 807 3162 reliquias
833 3091 984 3162 elegimus,
1013 3106 1106 3148 sacra·
1155 3087 1258 3153 llaroli,
1273 3087 1302 3143 in
1320 3083 1586 3158 cujusmediofama
1604 3083 1723 3149 retinuit,
1737 3079 1878 3137 contum*

312 3180 421 3238 tissima
438 3181 565 3239 uidelicet
587 3184 631 3240 die
652 3183 776 3257 martyrii
795 3183 936 3242 beatorum
953 3192 1105 3258 martyrum
1154 3181 1320 3237 bilissimum
1342 3175 1610 3243 monilellantildis,
1628 3174 1725 3247 reginae
1739 3169 1878 3239 uronsltrrr

313 3270 489 3326 dominorum
507 3277 680 3340 nostrorum,
695 3288 746 3328 unu
765 3273 870 3330 scilicet
885 3273 950 3330 ldns
966 3273 1108 3333 uernum„
1154 3273 1225 3330 berti
1238 3271 1311 3344 regis
1325 3269 1448 3327 ecclesie
1460 3267 1634 3334 fundatoris,
1654 3265 1724 3321 alind
1735 3262 1819 3321 veroin
1831 3261 1878 3314 lnr

312 3361 436 3442 Aderant
451 3361 586 3434 siquidem
600 3363 769 3421 diuersamm
788 3365 990 3438 prouinciamm
1014 3366 1105 3422 archi·
1154 3375 1210 3424 tem
1233 3364 1322 3422 sancti
1344 3361 1468 3434 Dionysii
1493 3361 1603 3433 (mmen
1628 3359 1691 3414 buin
1712 3355 1795 3412 minori
1813 3351 1878 3407 nolu
1920 3400 1921 3405 ,

313 3453 436 3525 episcopi
450 3461 478 3511 et
494 3454 626 3527 episcopi,
636 3456 683 3528 qui
698 3458 901 3530 gratantissime
914 3458 994 3530 quasi
1008 3475 1043 3515 ex
1057 3458 1105 3516 de·
1154 3457 1328 3529 aequipollere
1355 3453 1516 3527 peritissimi
1540 3451 1662 3508 artifices
1689 3445 1879 3515 montalent
1920 3444 1922 3453 ’

312 3542 371 3598 bito
394 3543 565 3614 apostolatus
584 3542 751 3611 Galliarum,
770 3546 805 3602 ad
825 3554 908 3603 tantae
925 3547 1105 3604 solemnitatis
1154 3548 1279 3613 lecimus,
1299 3547 1417 3601 maxime
1429 3544 1466 3601 ob
1479 3543 1662 3600 reuerentiam
1681 3533 1879 3600 sanctissiatrlti²

312 3633 526 3690 celebrationem
542 3635 586 3706 pia
601 3645 664 3691 vota
679 3635 785 3694 deferre
800 3648 986 3695 accesserant:
1001 3640 1106 3695 arcluie-
1154 3635 1266 3701 ferrem,
1281 3650 1343 3707 quae
1356 3636 1385 3689 in
1399 3649 1509 3690 carcere
1521 3631 1649 3688 Glaucini
1671 3622 1881 3688 armasimul·

313 3722 432 3794 piscopi,
449 3724 554 3780 scillcet
568 3719 773 3796 Lugdunensis,
790 3727 947 3788 llernensis.
962 3728 1107 3786 Turonen—
1154 3727 1228 3783 beati
1248 3725 1372 3798 Dionysii
1386 3726 1498 3790 innexa,
1512 3726 1618 3780 nulnum
1633 3719 1880 3779 eruemauoueatn

313 3813 366 3882 sis,
386 3822 414 3871 ct
426 3812 672 3888 Rothomagensis3
684 3818 806 3892 episcopi
823 3835 904 3885 uero,
925 3818 1105 3878 suessionen·
1155 3816 1263 3874 anobis
1282 3831 1364 3889 quam
1379 3817 1414 3872 ab
1427 3816 1554 3872 omnibus
1573 3814 1733 3885 promeruit.
1920 3806 1921 3811 ’

312 3903 369 3970 sis,
388 3903 576 3974 belvacensis,
594 3906 817 3978 silvanectensis,
838 3911 998 3980 bleldensis,
1013 3912 1104 3971 Redo-
1190 3907 1228 3964 Ea
1247 3909 1329 3964 etiam
1347 3915 1423 3980 parte
1441 3907 1526 3964 abbas
1544 3905 1710 3963 uenerabilis
1723 3897 1880 3959 Corbebbm
1920 3972 1921 3991 Χ

312 3998 424 4065 nensis,
439 3999 584 4068 hletcnsis,
600 4010 627 4059 et
642 4001 813 4064 ileneteusis.
827 4006 961 4063 hbbatum
976 4007 1059 4064 etiam
1078 4019 1106 4066 et
1155 4001 1293 4058 mernoriae
1312 3999 1464 4066 Robertus,
1479 3998 1563 4070 lunius
1579 4005 1685 4054 sanctae
1695 3993 1802 4052 ecclesia
1812 3986 1881 4060 ptri&

313 4091 534 4161 monachorum,
556 4094 614 4152 sive
635 4095 817 4164 clericorum,
841 4105 922 4169 atque
943 4099 1106 4172 optimatum
1155 4102 1252 4158 susat
1265 4093 1300 4149 ab
1313 4090 1429 4148 infantia
1443 4094 1670 4163 nutritus,quem
1682 4079 1880 4145 difficili&
1920 4120 1921 4163 3

313 4190 488 4252 conventus-;
513 4184 565 4242 sed
585 4192 613 4241 et
634 4187 727 4258 populi
751 4187 901 4258 promiscui
922 4203 1005 4245 senus
1025 4189 1105 4244 turba
1154 4186 1322 4242 ruonasterio
1336 4185 1461 4242 abbatem
1475 4200 1593 4257 preesse
1610 4184 1669 4241 boo
1680 4181 1786 4239 dome
1801 4171 1883 4232 ciffi

313 4275 536 4335 innumerabilis.
552 4277 703 4336 Decantata
715 4279 798 4352 igitur
813 4280 908 4337 eadem
926 4281 1106 4339 solemnitatis
1154 4293 1237 4343 mus,
1262 4277 1384 4334 tabulam
1406 4286 1560 4349 argenteam
1588 4278 1691 4350 opums
1712 4274 1839 4330 dearnltl
1852 4277 1882 4336 Ρ
1920 4332 1921 4353 3

314 4368 360 4426 die
373 4370 469 4436 tertia,
484 4386 547 4426 eum
560 4371 618 4441 Jsm
633 4371 822 4445 lncouspsotu
836 4373 959 4429 omnium
972 4374 1107 4431 ossism-
1155 4369 1342 4440 recognitione
1355 4369 1534 4443 professionis
1546 4385 1622 4436 suaa,
1644 4377 1673 4424 et
1689 4365 1815 4422 multorum
1828 4356 1882 4416 stria
1920 4382 1921 4387 ¹

313 4461 384 4516 tium
397 4460 574 4518 celeberrima
591 4470 676 4520 tantae
687 4463 742 4519 diei
758 4464 932 4522 ordinaretur
949 4465 1108 4538 processio,
1156 4457 1204 4515 siae
1217 4457 1410 4517 beneficiorum
1424 4461 1575 4532 gratiarum
1589 4459 1712 4523 actione,
1732 4454 1782 4512 ⁶²15
1798 4451 1851 4506 Μ

313 4559 391 4608 nanta
406 4562 480 4610 certe
495 4553 538 4610 rei
549 4554 674 4612 vertanus
690 4554 803 4622 fiducia,
822 4558 881 4614 solo
902 4557 1013 4616 Parrum
1028 4559 1146 4658 esti-B
1191 4551 1311 4608 Choara
1334 4553 1417 4610 etiam
1439 4553 1575 4618 fratrum.
1594 4567 1652 4625 qao
1670 4551 1744 4608 *²¹⁶⁰
1754 4545 1883 4620 granum

313 4644 409 4699 monio
422 4653 450 4699 et
463 4643 543 4702 titulo
558 4645 662 4712 referti,
674 4662 707 4704 ac
721 4648 743 4705 si
756 4648 814 4720 jam
828 4650 918 4705 omniu
929 4649 1103 4717 vidissemus,
1155 4644 1203 4717 uui
1219 4645 1330 4704 assidue
1342 4645 1467 4702 ecclesiae
1480 4646 1646 4703 insistebant
1660 4642 1773 4704 servitio,
1785 4635 1882 4706 frigidm

296 4814 299 4822 .
314 4734 539 4808 archiepiscopos
550 4743 578 4792 et
591 4738 748 4811 episcopos,
769 4739 881 4797 abbates
893 4747 922 4796 et
934 4739 1111 4798 authenticas
1155 4736 1303 4792 metatoris
1314 4748 1341 4795 et
1354 4740 1431 4809 cupri
1445 4739 1644 4810 aliquantisper
1661 4735 1800 4796 muman.
1813 4725 1882 4783 1¹¹³

280 4825 477 4884 2'assistentes
506 4843 653 4900 personas,
672 4829 707 4885 ad
725 4829 890 4888 efferendam
908 4845 984 4886 aram
1006 4831 1106 4887 ascivi·
1155 4844 1216 4902 que
1230 4845 1303 4885 nnnc
1324 4839 1436 4902 apparet
1451 4829 1582 4894 formam,
1601 4827 1882 4884 laboriboseorurrt*

313 4927 387 4984 murs,
404 4917 479 4990 quod
490 4934 552 4976 earn
566 4921 682 4992 aperire,
697 4922 770 4994 quod
786 4922 1021 4979 sanctissimarum
1041 4924 1106 4978 reli·
1156 4924 1311 4994 patientes,
1334 4923 1500 4980 mutavimus
1512 4941 1520 4991 ;
1534 4929 1563 4978 et
1584 4928 1695 4994 propter
1707 4921 1833 4973 uonmtu
1844 4919 1882 4973 ff·

314 5011 444 5082 quiarum
461 5011 622 5067 thesaurum
640 5011 734 5071 videre
750 5015 897 5080 vellemus,
916 5015 1104 5086 exposuimus.
1156 5016 1352 5073 mentationem
1373 5012 1429 5071 beo
1449 5014 1597 5072 auxiliante
1620 5017 1786 5084 eugancum
1803 5002 1882 5058 chit*

313 5102 449 5158 Dicebant
463 5118 529 5176 ergo
543 5103 654 5175 quidam
668 5120 701 5162 ex
717 5105 895 5164 familiaribus
910 5107 1025 5173 nostris,
1039 5123 1107 5164 con·
1155 5105 1255 5163 vimus.

314 5192 387 5250 sulte
406 5194 536 5266 quidem,
559 5195 632 5267 quod
650 5205 678 5252 et
697 5212 820 5269 personae
840 5206 866 5254 et
881 5191 1010 5255 Ecclesiae
1028 5197 1107 5254 farone
1192 5196 1330 5269 Pulpitum
1348 5197 1432 5254 etiarn
1456 5198 1612 5268 antiquum,
1632 5193 1705 5266 qnod
1722 5183 1882 5246 malonia

314 5283 403 5341 tutius
419 5285 526 5352 inisset,
543 5289 566 5343 si
582 5297 699 5353 secreto,
715 5297 806 5346 utrum
828 5291 866 5345 ita
881 5297 953 5346 essct
966 5297 996 5344 ut
1009 5289 1107 5346 litterae
1157 5292 1283 5346 bulamm
1302 5291 1484 5347 eburnearum
1503 5287 1692 5350 subtilissima,
1704 5277 1882 5368 W?

315 5375 512 5449 loquebantur,
529 5377 677 5434 uideretur.
698 5377 804 5446 Quibus
818 5379 892 5435 illico
911 5379 974 5436 ndei
1001 5379 1107 5436 feruore
1157 5382 1272 5453 poribus
1283 5380 1454 5452 irreparabili
1465 5379 1614 5449 sculptura,
1630 5385 1659 5432 et
1672 5361 1881 5442 antiquarunt&

315 5467 424 5523 excitus
442 5482 605 5539 responsum
620 5469 746 5535 reddidi,
768 5471 855 5541 magis
874 5470 941 5526 mihi
961 5471 1068 5541 placere
1083 5473 1106 5528 si
1158 5474 1261 5529 riarium
1274 5472 1457 5544 descriptione
1476 5472 1622 5526 humanam
1641 5459 1882 5522 minacium&

317 5559 357 5614 ita
374 5566 418 5614 est
437 5567 467 5614 ut
483 5559 596 5630 legitur,
615 5561 650 5616 ab
667 5562 796 5618 nunribus
809 5561 1004 5618 contuentibus
1017 5563 1105 5629 scire,
1157 5566 1255 5622 debat:
1275 5563 1427 5620 recollectis
1447 5562 1548 5617 tabulis
1568 5574 1629 5630 quae
1649 5556 1677 5612 in
1701 5563 1811 5608 arcarum
1823 5553 1842 5596 fl
1854 5540 1883 5590 Ψ

318 5663 400 5718 quarn
413 5650 436 5704 si
451 5657 559 5706 secreto
578 5651 757 5722 inspexissem
772 5669 933 5710 omnesnon
946 5662 1107 5713 contuentes
1159 5665 1285 5706 arcarum
1310 5647 1476 5721 repositione
1499 5645 1601 5701 diutius
1627 5641 1805 5700 nudabantur,
1824 5623 1883 5679 Μ

319 5737 454 5794 dubitare.
480 5739 638 5797 beferentes
663 5743 747 5813 igitur
772 5745 802 5800 in
822 5746 942 5801 medium
965 5747 1106 5817 praefatam
1158 5743 1308 5814 dextraque
1326 5752 1402 5812 parte
1423 5737 1557 5796 restitutis
1574 5733 1736 5790 animalibus
1753 5737 1851 5795 crpus.
1865 5725 1886 5762 ¹
1920 5750 1921 5753 ’

320 5841 413 5898 aram,
437 5829 531 5888 ascitis
553 5832 700 5890 aurifabris
716 5837 763 5906 qui
781 5837 891 5894 locellos
913 5836 991 5906 illos,
1007 5839 1108 5910 quibus
1158 5843 1238 5892 tanta·
1248 5843 1358 5906 nmque
1370 5830 1503 5888 mirabilis
1522 5827 1657 5900 deperiret
1671 5821 1791 5880 materia·
1806 5813 1832 5866 ²⁴¹
1846 5818 1884 5878 Ρ·
