3967 6334
140 330 203 392 aas
587 333 621 392 m
641 337 741 394 uauu
758 337 805 396 as
824 339 995 405 ouaruoa
1018 343 1120 402 rinna
1133 340 1312 416 cusanus:
1705 299 1773 416 'too
1810 341 1815 350 '

142 462 267 518 corpore
279 449 397 520 gesserit
409 451 500 504 anima
513 449 627 519 Christi,
651 452 704 508 nisi
720 461 853 524 qnantum
867 451 935 509 Ver·
947 461 972 519 Α
984 465 1076 527 ροιεει
1096 469 1207 518 εειιιειε
1230 464 1283 520 nisi
1305 463 1436 522 Ecclesia.
1455 465 1594 538 Quotquot
1616 467 1645 524 ln
1664 469 1775 528 Christo

143 540 214 596 bum
225 541 273 596 ⁶¹¹¹
284 543 362 596 mliii
374 550 417 599 ‘³⁸‘
430 543 590 613 inspirabat,
607 544 669 614 (luis
683 560 739 599 ⁰⁰¹¹
750 543 822 600 fidel
835 559 937 616 f⁰fllll⁸
986 552 1169 623 baptizamur,
1186 572 1282 627 panem
1297 561 1465 620 comedimus
1480 563 1650 633 angelorum,
1664 567 1774 622 etaudi-

141 648 210 689 esse
231 643 436 691 sacramentum
457 636 636 692 inhabitantis
653 634 786 692 Deitatis?
807 657 817 690 r
835 635 937 692 Vinum
986 657 1048 700 mus
1068 644 1212 703 Dominum
1233 649 1447 720 praedicantem:
1468 651 1544 710 fleur
1568 653 1642 709 eilrat
1665 664 1719 720 εει,
1743 666 1775 712 nt

142 728 241 777 autem
256 732 461 781 sacramentum
476 727 618 797 sanguinis
631 736 684 794 est,
698 728 728 782 in
741 743 796 800 quo
808 727 937 799 intelligi·
985 729 1086 798 factam
1100 732 1260 788 uoluntatem
1275 735 1332 805 ejus
1349 737 1394 808 qai
1409 739 1482 792 misit
1494 756 1535 794 mc
1551 739 1643 812 (daun.
1659 740 1707 814 rr).
1720 740 1773 796 Ea·

140 821 192 869 tnr
205 816 310 872 anima.
324 816 404 889 liqna
416 834 483 874 rero
496 820 540 875 rel
554 820 627 876 illius
641 836 727 891 aquae,
739 835 801 892 quae
812 819 891 875 fluxit
902 819 936 877 de
985 821 1091 880 ciamus
1105 825 1188 896 igitur
1200 827 1365 884 voluntatem
1379 829 1498 901 ejusqui
1512 834 1586 888 misit
1600 849 1651 890 nos
1663 832 1771 900 Patris,

141 904 233 963 latere
245 907 361 978 Christi,
376 910 420 965 uel
436 909 498 966 fidei
511 911 648 973 Ecclesia,
667 919 696 965 ut
708 927 795 980 neque
808 911 935 967 Christus
984 919 1012 966 ει
1026 911 1152 970 Christus
1164 915 1308 972 nobiscum
1328 917 1401 974 bibet
1423 920 1451 974 in
1467 936 1551 992 regno
1566 922 1694 979 Ecclesiae
1708 940 1772 982 san·

143 998 207 1054 sine
221 997 357 1068 Ecclesia,
375 1017 465 1072 neque
477 1001 598 1057 Ecclesia
619 1002 655 1059 sit
671 1003 731 1057 sine
744 1002 864 1068 Christo,
886 1003 935 1059 sed
985 1003 1095 1072 guinem
1110 1021 1199 1061 suum.
1219 1006 1314 1064 llodus
1329 1013 1509 1068 consecrandi
1529 1017 1647 1085 pertinet
1661 1016 1695 1071 ad
1709 1031 1772 1087 gra·

141 1091 207 1159 ejus
221 1091 300 1147 carni
321 1101 350 1148 ει
369 1095 467 1148 animae
486 1094 597 1148 uniatur
617 1101 644 1149 ει
661 1094 856 1151 conformetur.
869 1095 936 1149 Am·
984 1093 1050 1151 dum
1064 1096 1220 1164 sacerdotii,
1238 1101 1271 1155 ad
1295 1101 1385 1156 locum
1400 1105 1458 1159 reri
1481 1107 1619 1170 sacrificii,
1634 1109 1680 1178 qui
1697 1108 1773 1164 scili·

141 1182 218 1252 plins
244 1202 252 1238 ε
276 1181 362 1238 Panis
385 1191 429 1240 εει
450 1193 651 1240 sacramentum
674 1187 799 1257 corporis
819 1185 933 1253 Christi,
983 1191 1027 1239 cet
1038 1201 1092 1240 non
1104 1195 1146 1243 est
1158 1196 1234 1244 extra
1245 1190 1413 1248 Catholicam
1426 1191 1587 1260 Ecclesiam,
1602 1209 1628 1256 et
1639 1198 1673 1253 ad
1684 1199 1771 1268 ipsius

140 1274 220 1344 quod
235 1283 278 1330 est
295 1274 428 1333 Ecclesia.
451 1274 529 1332 Unde
548 1275 729 1350 Hieronymus
748 1279 777 1334 in
790 1277 932 1334 Dareum:
984 1292 1138 1334 sermonem
1153 1278 1270 1338 Domini.
1295 1283 1343 1339 Est
1356 1285 1427 1340 enim
1444 1287 1604 1352 sacerdotis,
1621 1290 1704 1344 verba
1718 1288 1772 1346 Do·

143 1382 156 1416 ι
174 1363 290 1437 Accepit
300 1365 382 1424 lesus
396 1383 504 1439 ρειιειιι,
517 1367 637 1440 figurans
650 1384 749 1441 corpus
760 1383 841 1424 sunm
852 1383 933 1442 pane,
983 1371 1052 1425 mini
1075 1371 1199 1443 proferre
1221 1389 1284 1430 curn
1307 1376 1457 1434 intentione
1480 1381 1670 1447 consecrandi,
1692 1389 1720 1437 et
1742 1382 1771 1438 in

139 1457 219 1528 qnod
233 1465 276 1514 est
295 1457 418 1516 Ecclesia
437 1476 567 1531 praesens,
586 1460 659 1532 quod
679 1461 812 1532 accipitur
826 1459 854 1514 in
869 1460 931 1527 fide,
983 1478 1101 1533 persona
1116 1463 1254 1532 Ecclesiae,
1271 1467 1384 1525 dicere:
1399 1469 1550 1528 offerimus.
1578 1471 1673 1528 flodus
1688 1474 1771 1528 etiam

139 1546 318 1605 benedicitur
341 1551 370 1612 in
392 1567 516 1621 numero,
539 1553 673 1624 frangitur
695 1555 723 1609 in
746 1553 931 1624 passionibus,
983 1553 1109 1609 sumendi
1123 1555 1268 1627 tripliciter
1280 1557 1420 1616 dividitur.
1434 1559 1572 1618 domestic
1584 1568 1658 1619 enirn
1672 1565 1725 1619 alia
1740 1564 1771 1620 frt

140 1641 226 1697 datur
239 1644 382 1713 exemplis,
405 1645 522 1701 sumitur
536 1645 678 1701 doctrinis.
696 1645 807 1702 Format
820 1644 932 1717 sangui·
982 1657 1039 1709 ore,
1055 1651 1082 1700 ει
1096 1652 1140 1701 εει
1152 1650 1376 1718 sacramentalis;
1391 1650 1445 1706 alia
1460 1653 1489 1706 frt
1504 1653 1597 1718 eorde,
1614 1662 1640 1708 ει
1655 1661 1697 1710 εει
1708 1669 1770 1710 rea-

139 1749 206 1789 nem
221 1750 303 1790 suum
325 1735 355 1790 ia
374 1737 469 1804 calice,
493 1736 558 1794 uino
578 1744 605 1794 et
627 1753 697 1809 aqua
721 1738 820 1802 mistis,
833 1745 864 1793 ut
877 1737 931 1793 alio
982 1735 1033 1802 lis;
1060 1736 1112 1792 alia
1135 1737 1166 1795 lit
1187 1754 1236 1795 ore
1261 1747 1288 1796 ει
1309 1741 1391 1797 corde
1410 1761 1416 1796 ε
1438 1743 1466 1797 in
1489 1745 1574 1800 altero
1599 1743 1649 1820 [fit]
1676 1761 1771 1802 sacra-

139 1828 438 1898 purgcmnraculpis,
453 1829 507 1884 alio
529 1830 693 1886 redimamur
712 1844 727 1884 a
743 1831 842 1900 paenis.
859 1815 1119 1893 San-Bmenlnm,
1145 1827 1174 1884 in
1196 1829 1282 1884 altero
1315 1845 1360 1886 res
1387 1835 1561 1889 sacramenti.
1592 1833 1655 1890 Sola
1676 1851 1770 1892 sacra-

139 1919 225 1990 guine
239 1934 358 1990 namque
374 1921 436 1991 agni
450 1921 547 1978 domus
568 1929 709 1978 serrantur
724 1937 739 1976 a
753 1922 930 1992 percussione
979 1919 1116 1984 mentalis,
1131 1926 1237 1974 tanturn
1251 1923 1385 1977 malornm
1405 1930 1457 1990 εει,
1480 1925 1528 1996 qui
1558 1927 1610 1982 etsi
1637 1927 1688 1984 sub
1702 1929 1769 1984 risi-

137 2011 241 2081 angeli,
257 2019 287 2067 et
300 2026 372 2083 aqua
385 2013 470 2068 maris
484 2011 791 2084 Rubriexstinguuntur
805 2013 928 2078 inimici,
978 2009 1027 2064 bili
1049 2012 1139 2082 specie
1158 2013 1355 2070 elementorum
1374 2031 1474 2087 corpus
1496 2019 1598 2076 Christi
1620 2021 1766 2092 accipiant,

137 2118 201 2172 qnae
222 2110 289 2158 sunt
312 2104 443 2176 mysteria
467 2104 597 2160 Ecclesiae
620 2105 730 2160 Christi.
768 2104 830 2159 Tres
855 2105 928 2160 enirn
979 2108 1071 2157 tamen
1094 2103 1158 2174 quia
1182 2119 1233 2160 nec
1246 2121 1310 2161 uere
1329 2107 1454 2173 credunt,
1479 2125 1530 2166 nec
1551 2111 1678 2184 diligunt,
1703 2115 1767 2184 pani

137 2203 218 2250 testes
241 2205 306 2250 sant
328 2213 410 2267 apua,
434 2198 542 2268 sanguis
565 2207 590 2251 ει
611 2197 717 2266 spiritus
744 2194 771 2266 ll
789 2194 869 2250 fona.
888 2195 925 2268 v).
978 2196 1085 2252 coelcsti
1099 2197 1206 2252 enutriri
1220 2214 1276 2253 non
1293 2208 1419 2271 possunt.
1445 2199 1507 2257 Sola
1524 2205 1616 2270 realis,
1632 2205 1766 2261 bonorum

135 2287 216 2357 Aqua
230 2287 266 2342 ad
280 2289 430 2354 lavacrum,
446 2289 557 2360 sanguis
569 2287 603 2342 ad
617 2288 745 2359 pretium,
768 2287 880 2357 spiritus
893 2289 928 2343 ad
977 2292 1020 2340 cst
1043 2293 1160 2353 tantum,
1188 2291 1235 2360 qui
1256 2290 1309 2346 etsi
1332 2293 1384 2346 suh
1404 2293 1505 2348 visibili
1519 2304 1691 2352 sacramento
1705 2313 1768 2352 car·

134 2381 382 2438 resurrectionem.
399 2402 409 2434 ι
424 2381 547 2452 hmplins
560 2401 566 2436 :
578 2379 660 2435 Panis
672 2386 713 2435 est
728 2387 927 2436 sacramentum
977 2389 1039 2430 acm
1054 2375 1158 2432 Christi
1173 2393 1228 2432 non
1248 2388 1374 2446 sumant,
1399 2388 1490 2438 lamen
1515 2384 1567 2439 lide
1581 2392 1607 2440 ει
1621 2383 1767 2443 dilectione

133 2471 293 2536 charitatis,
319 2472 414 2528 uinum
438 2474 505 2544 spei,
530 2489 600 2544 aqua
624 2471 695 2528 fidei.
719 2471 783 2527 Sine
805 2473 925 2543 quibus,
977 2481 1075 2537 panem
1087 2469 1225 2525 caelestem
1237 2471 1413 2540 manducant,
1424 2481 1450 2530 et
1461 2475 1485 2529 ei
1498 2477 1675 2533 couniuntur.
1688 2476 1767 2534 Unde

133 2562 244 2617 scilicet
258 2561 322 2627 fide,
348 2578 407 2632 spe,
430 2563 573 2626 charitate,
594 2563 688 2618 unitas
707 2574 735 2618 et
748 2561 926 2619 conformitas
976 2559 1146 2631 Augustinus
1170 2581 1176 2618 :
1207 2581 1215 2614 ι
1242 2561 1313 2629 Quid
1338 2580 1419 2636 paras
1445 2565 1540 2624 dentes
1563 2575 1591 2624 et
1613 2571 1767 2626 uentrem?

131 2650 240 2708 Christi
252 2667 311 2708 non
322 2660 415 2724 potest
432 2668 503 2709 esse.
530 2652 578 2708 Est
601 2653 683 2726 igitur
702 2669 747 2712 res
762 2653 925 2709 sacramenti
976 2649 1063 2706 Crede
1076 2659 1104 2706 et
1118 2650 1301 2709 manducasti.
1323 2653 1414 2710 Dealis
1430 2671 1495 2712 uero
1510 2665 1537 2712 ει
1559 2659 1766 2716 sacramentalis

131 2742 191 2798 baec
205 2744 347 2816 tripartita
361 2746 463 2802 Christi
477 2738 654 2801 conformitas
668 2746 696 2799 in
713 2746 816 2800 unitate
829 2760 923 2816 corpo
976 2743 1107 2797 comestio
1119 2743 1282 2816 junguntur,
1301 2762 1363 2801 cum
1381 2748 1546 2819 accipientes
1562 2749 1590 2803 in
1609 2765 1679 2820 pane
1692 2750 1766 2821 quod

129 2835 171 2892 ris
184 2835 332 2903 Ecclesia,
348 2844 376 2893 et
395 2838 454 2908 ipse
468 2837 605 2901 Christus,
620 2837 668 2907 qui
686 2836 811 2894 similiter
824 2837 925 2907 tripar-
975 2835 1104 2904 pependit
1118 2836 1147 2891 in
1160 2837 1244 2908 ligno,
1261 2837 1428 2908 accipientes
1443 2840 1471 2894 in
1486 2841 1570 2896 calice
1582 2841 1655 2912 quod
1669 2855 1765 2896 urana·

128 2928 181 2982 tita
202 2929 316 2985 ratione
338 2930 588 3000 comprehenditur,
613 2930 761 2985 secundum
779 2929 925 2987 humanam
974 2925 1014 2978 uit
1024 2925 1058 2981 de
1071 2926 1167 2993 latere,
1194 2928 1354 3000 pertingunt
1367 2937 1459 2986 mente
1472 2947 1559 3002 usque
1576 2931 1609 2986 ad
1624 2939 1765 3002 esum‘pa-

128 3027 274 3087 naturam,
294 3036 329 3076 ει
342 3022 434 3077 anima
448 3021 575 3076 rationali
588 3027 615 3076 et
628 3020 747 3079 humana
762 3035 844 3074 carne
858 3021 925 3075 snb-
974 3017 1018 3072 nis
1031 3017 1101 3074 uitae.
1122 3016 1194 3085 Oris,
1222 3021 1343 3090 inquam,
1369 3023 1507 3092 perceptio
1526 3029 1553 3077 et
1567 3022 1763 3093 incorporatio,

128 3110 251 3179 sistens3
277 3110 430 3167 secundum
445 3112 574 3178 diuinam,
590 3126 623 3165 ex
637 3109 727 3164 Verbo
740 3110 883 3180 utriusque
895 3109 923 3164 in
936 3153 958 3210 C
974 3123 1035 3178 quae
1048 3117 1090 3164 est
1113 3110 1141 3164 in
1157 3113 1320 3168 assumendo
1336 3113 1540 3179 eucharistiam,
1563 3121 1765 3170 sacramentum

127 3203 239 3259 unitate
251 3218 380 3275 personas
393 3203 560 3272 conjunctio.
578 3199 631 3256 Sed
643 3201 688 3256 hic
700 3200 922 3270 distinguendum
974 3207 1016 3255 est
1030 3201 1205 3258 comestionis
1229 3204 1320 3260 cordis
1344 3224 1349 3257 :
1377 3219 1443 3274 quta,
1469 3205 1540 3259 sicut
1560 3204 1650 3260 verbis
1665 3203 1763 3260 liiero·

125 3302 182 3360 est,
198 3295 268 3366 quia
283 3295 388 3352 Christi
407 3295 524 3351 risibilis
546 3293 642 3357 forma,
666 3293 746 3348 nohis
760 3293 924 3348 modoinvif
973 3291 1048 3362 nymi
1071 3293 1230 3363 praedictum
1256 3301 1314 3359 εει,
1341 3295 1539 3350 manducamus
1562 3309 1624 3349 curn
1647 3291 1763 3350 Domino

124 3387 220 3444 sibilis
234 3404 283 3444 res
299 3395 343 3444 est
356 3387 473 3443 risibilis
486 3386 648 3442 sacramenti
664 3385 757 3442 altaris
769 3404 777 3452 ;
789 3393 817 3441 ει
831 3383 925 3440 inuisi·
973 3399 1084 3439 carnem
1097 3399 1184 3449 suam,
1201 3390 1228 3440 ει
1241 3384 1360 3440 bibimus
1375 3401 1436 3440 curn
1450 3399 1483 3440 eo
1497 3385 1658 3455 sanguinem
1671 3401 1760 3440 snum.

123 3478 192 3534 bilis
207 3477 301 3532 forma
323 3477 443 3533 celestis
467 3477 555 3546 panis,
579 3491 634 3546 quo
656 3475 752 3530 uiuunt
764 3474 863 3543 angeli,
878 3489 923 3528 res
973 3471 1031 3528 Hoc
1043 3479 1095 3538 est,
1110 3489 1158 3544 per
1172 3473 1320 3530 edicaciam
1337 3475 1430 3532 carnis
1449 3491 1505 3532 suar
1522 3483 1547 3531 ει
1563 3477 1704 3546 sanguinis
1719 3479 1763 3531 sui

121 3577 169 3628 est
185 3571 308 3627 risibilis
322 3577 350 3626 et
363 3569 508 3642 palpabilis
525 3569 617 3624 formae
636 3567 748 3624 ChrIsti.
769 3565 817 3623 Est
831 3566 923 3636 itaquo
972 3579 1117 3620 manemus
1131 3567 1160 3620 in
1173 3581 1217 3631 eo,
1240 3573 1268 3622 et
1290 3567 1347 3638 ipse
1365 3569 1393 3622 in
1413 3569 1503 3625 nobis.
1522 3557 1615 3638 ltaque
1630 3567 1674 3622 alii
1690 3567 1763 3623 acci-

121 3664 258 3720 Christus
272 3670 301 3718 et
316 3668 517 3718 sacramentum
530 3667 558 3716 ει
571 3677 616 3717 ιεε
628 3659 803 3716 sacramenti.
972 3659 1051 3728 piunt
1064 3673 1164 3730 corpus
1184 3658 1291 3714 Domini
1312 3661 1346 3714 ad
1367 3669 1500 3726 mortem,
1522 3661 1588 3731 quia
1608 3675 1665 3715 non
1679 3660 1762 3715 altin-

158 3754 323 3810 Notandum
345 3755 409 3826 quia
433 3753 560 3825 praedicta
574 3752 751 3808 conformitas
774 3749 875 3806 Christi
895 3756 923 3804 ει
972 3759 1039 3820 gunt
1063 3765 1160 3825 panem
1182 3753 1254 3817 uitae,
1281 3753 1327 3806 alii
1351 3753 1488 3824 accipiunt
1512 3753 1546 3808 ad
1571 3753 1670 3818 vitam,
1697 3769 1761 3825 qnia

120 3845 260 3902 Ecclesiae
275 3847 380 3917 pariter
394 3853 422 3901 et
436 3861 501 3901 caro
515 3844 625 3916 sanguis
637 3843 739 3899 Christi
754 3843 920 3913 appellatur,
972 3839 1140 3894 couniuntur
1156 3855 1218 3894 curn
1240 3839 1330 3896 terno
1351 3843 1423 3898 ritae.
1450 3841 1479 3897 ln
1500 3843 1667 3898 comestione
1680 3843 1761 3914 spiri·

118 3953 155 3992 eo
170 3937 250 4006 quiid
265 3938 304 3992 sit
318 3938 450 4008 proprius
464 3935 576 4008 effectus
591 3935 785 3990 incarnationis
798 3934 881 3990 Verbi
894 3941 923 3990 et
971 3930 1039 3985 tuali
1059 3937 1163 4002 septem
1182 3933 1281 3988 debent
1303 3934 1473 3992 considerari
1490 3955 1496 3990 :
1515 3935 1594 4000 fides,
1619 3935 1759 4006 cogitatio,

118 4029 316 4086 finaliscausa
330 4029 480 4084 Dominicae
497 4030 643 4099 passionis.
663 4027 922 4099 llinchlieronymus
972 4021 1160 4093 intelligentia,
1183 4025 1333 4090 memoria,
1359 4041 1446 4091 θῐιῑθῐ,
1477 4026 1604 4091 ἱωῑῑθῑῑῡ,
1628 4026 1758 4082 ddhaeSiO·

118 4118 219 4174 Paulae
243 4129 273 4176 ει
298 4119 450 4175 Eustochio
475 4120 503 4175 in
523 4118 673 4192 Epistolam
696 4119 730 4172 ad
753 4117 884 4188 Ephesios
912 4139 919 4174 ε
971 4110 1059 4169 honio
1076 4115 1176 4186 quippe
1197 4115 1244 4185 qui
1267 4115 1394 4184 comedit,
1420 4118 1496 4187 prius
1516 4118 1667 4173 buccellam
1680 4120 1760 4188 panis

119 4232 130 4264 ι
151 4211 314 4283 Dupliciter
330 4215 446 4284 sangnis
459 4211 561 4267 Christi
573 4218 600 4266 et
616 4226 681 4266 caro
695 4210 864 4280 intelligitur,
880 4211 921 4265 rel
971 4205 1065 4271 ¹sumit,
1080 4213 1108 4260 ει
1124 4206 1186 4262 inde
1202 4207 1278 4278 ponit
1294 4208 1322 4262 iu
1341 4223 1374 4263 os
1394 4217 1421 4263 et
1441 4208 1568 4265 dentibus
1581 4211 1656 4274 terit,
1670 4215 1697 4264 et
1711 4225 1760 4280 per

114 4304 280 4374 spiritualis
296 4305 344 4358 illa
365 4311 449 4374 atque
466 4303 567 4368 divina,
590 4312 617 4358 et
635 4303 669 4358 de
687 4318 741 4372 qua
761 4302 820 4371 ipse
833 4301 918 4356 dicit:
971 4298 1083 4352 salivam
1096 4298 1130 4352 de
1145 4300 1234 4369 capite
1248 4299 1475 4366 descendentem,
1500 4300 1530 4354 frt
1543 4301 1622 4357 cibus
1636 4301 1682 4356 ille
1697 4303 1758 4372 glu-

114 4395 192 4452 (ἔατε
208 4413 272 4450 meo
292 4412 353 4450 aere
374 4405 414 4450 εει
435 4395 519 4458 cidus,
541 4403 566 4449 ει
586 4394 694 4465 sanguis
715 4410 787 4447 meur
807 4409 864 4446 aare
880 4400 921 4446 εει
970 4387 1067 4450 timuis.
1083 4396 1110 4444 ει
1133 4389 1173 4445 εἰε
1195 4389 1365 4445 inventrem
1387 4390 1529 4448 descendit
1550 4411 1557 4448 :
1579 4392 1643 4448 inde
1658 4409 1759 4465 corpus

113 4498 198 4557 potus
219 4487 318 4560 (Joou.
341 4487 401 4558 ur),
421 4495 449 4542 et
463 4503 473 4542 .·
489 4486 552 4541 Nisi
571 4486 795 4541 manducaveritis
813 4501 918 4538 curnem
934 4490 956 4543 D
970 4479 1125 4545 roboratur,
1147 4487 1174 4536 et
1196 4481 1308 4550 spiritus
1333 4489 1513 4540 sustentatur.
1535 4483 1661 4540 Duccella
1680 4487 1759 4557 panis

112 4597 219 4645 ancum,
237 4589 264 4635 et
289 4581 448 4650 sanguinem
468 4594 553 4632 meam
577 4577 704 4640 diceritis,
726 4593 778 4630 nan
791 4574 919 4630 fraleitais
969 4577 1013 4625 εει
1033 4573 1122 4641 portio
1141 4571 1214 4638 fidei,
1236 4587 1319 4643 quam
1339 4575 1418 4643 ponit
1438 4573 1511 4632 Deus
1535 4577 1563 4630 in
1584 4591 1633 4632 ore
1655 4579 1758 4635 cordis.

110 4673 202 4727 eitum
227 4681 361 4727 aeternnm
385 4670 494 4743 (atich
518 4671 560 4724 rel
584 4684 649 4723 caro
672 4674 699 4723 ει
723 4667 835 4736 sanguis
858 4681 919 4736 quar
969 4659 1336 4732 hanesequiturcoaitatio.
1359 4681 1420 4735 quae
1442 4665 1566 4737 inquirit,
1582 4670 1658 4736 terit,
1687 4672 1759 4742 apud

110 4764 256 4822 crucifixa
277 4773 333 4830 est,
358 4773 386 4820 et
410 4765 458 4836 qni
481 4762 576 4817 militis
598 4761 701 4817 ebusus
717 4767 760 4815 est
782 4760 885 4813 lancea.
904 4776 916 4812 r
968 4769 999 4809 εε
1023 4754 1179 4824 frequenter
1201 4755 1326 4812 revolvit.
1352 4754 1455 4814 Deinde
1477 4759 1674 4832 intelligentia,
1698 4781 1760 4836 qum

108 4857 190 4915 Idem
206 4857 245 4912 ad
261 4855 391 4911 Ebidiam
408 4855 437 4909 in
451 4854 522 4909 libro
534 4852 695 4908 duodecimo
707 4849 887 4917 Questionum
909 4869 916 4905 ι
968 4858 1065 4920 panem
1081 4844 1175 4903 tritum
1189 4845 1340 4915 glutibilem
1362 4848 1462 4911 reddit.
1487 4850 1558 4907 Curn
1573 4854 1676 4910 auxilio
1692 4857 1761 4911 sali=

112 4971 123 5002 ι
141 4949 309 5005 Audiamus
326 4961 426 5017 panem
441 4961 523 5016 quem
537 4944 618 5014 fregit
632 4942 764 4997 Dominus
775 4940 917 5010 discipulis
968 4950 1019 4999 uae,
1035 4934 1064 4989 id
1083 4942 1136 4998 cst,
1161 4936 1256 5004 gralia
1275 4936 1468 4995 descendentis
1489 4941 1524 4998 de
1545 4945 1635 5016 capite
1649 4946 1760 5006 Christo

108 5057 221 5114 corpus
242 5039 318 5111 ejus,
344 5046 372 5094 ει
396 5039 489 5092 sinum
509 5037 669 5106 sauguinem
690 5034 760 5102 ejus.
785 5031 917 5086 Dominus
967 5043 1016 5097 per
1031 5025 1248 5096 intelligentiam,
1265 5035 1364 5084 transit
1378 5039 1405 5087 ει
1419 5033 1561 5091 descendit
1575 5037 1603 5090 in
1619 5047 1760 5108 ventrem,

107 5137 173 5207 ipse
183 5140 231 5190 est
245 5132 364 5188 conviva
378 5137 406 5184 et
422 5128 587 5194 convivium,
602 5127 660 5198 ipse
673 5124 819 5181 comedens
832 5130 859 5179 et
869 5121 923 5192 qrri'
967 5118 995 5172 id
1010 5125 1061 5180 esf,
1076 5116 1247 5184 memoriam,
1270 5122 1405 5177 memoria
1424 5125 1512 5178 nutrit
1535 5143 1668 5196 amorem,
1684 5147 1761 5188 antor

107 5225 295 5291 comeditur3
320 5222 397 5277 illius
410 5220 531 5274 bibimus
547 5219 727 5289 sanguinem,
742 5224 770 5270 et
782 5215 842 5270 sine
856 5213 917 5282 ipso
967 5207 1043 5264 ducit
1057 5206 1091 5260 ad
1106 5207 1297 5274 imitationem,
1318 5211 1436 5270 imitatio
1456 5214 1523 5270 facit
1545 5219 1654 5290 plenam
1670 5225 1760 5282 adhae-

107 5326 228 5392 portare
243 5331 303 5371 non
318 5327 479 5386 possumus.
496 5309 645 5377 »Quotidie
658 5310 687 5364 in
701 5306 844 5364 sacriliciis
855 5307 915 5374 ejus
967 5299 1083 5354 simeln·
1105 5297 1183 5354 Unde
1203 5301 1248 5370 (μή
1269 5301 1385 5357 “diditi
1407 5303 1473 5369 Deo,
1499 5324 1569 5366 unus
1592 5315 1702 5385 spiritus
1722 5325 1761 5372 εει

106 5410 141 5465 de
156 5406 307 5479 genimine
323 5404 387 5458 vitis
402 5416 475 5456 uerae
488 5407 515 5456 et
530 5401 609 5456 vinca
623 5397 731 5463 Sareth,
757 5412 818 5467 quae
831 5395 916 5449 inter·
966 5407 1025 5444 cum
1044 5406 1074 5443 en
1097 5387 1123 5459 (l
1146 5387 1207 5445 Cor.
1225 5391 1274 5462 vr).
1300 5391 1359 5448 Hoc
1380 5411 1450 5464 pane
1470 5402 1655 5464 confirmatus
1678 5409 1760 5465 homo

105 5507 241 5574 pretatur
251 5499 350 5560 electa,
367 5494 495 5550 rubentia
508 5500 599 5549 musta
612 5491 761 5553 calcamus,
775 5497 803 5543 ει
813 5501 915 5542 novum
965 5486 1055 5552 potest
1070 5479 1183 5534 calicem
1197 5480 1302 5546 hibere,
1323 5483 1352 5537 id
1372 5492 1414 5540 esf
1436 5493 1598 5558 passionem
1612 5502 1759 5567 sustinere,

104 5595 207 5648 vinnm
223 5607 261 5646 ex
284 5588 330 5644 his
353 5586 474 5642 bibimus
496 5585 523 5640 in
547 5599 632 5655 regno
653 5581 753 5648 Patris,
775 5579 869 5643 idest,
885 5577 914 5632 in
964 5578 992 5627 et
1006 5571 1099 5626 cibrrm
1113 5578 1195 5642 potus
1214 5573 1346 5643 sequitur.
1368 5575 1447 5634 calix
1468 5592 1512 5640 est
1526 5593 1621 5660 passio
1635 5595 1663 5650 in
1677 5610 1760 5648 uranu

104 5683 250 5747 Ecclesia,
267 5696 326 5736 non
347 5678 376 5733 in
399 5684 534 5734 vetustate
555 5676 660 5742 litterae,
682 5673 730 5730 sed
751 5671 914 5727 innoritate
964 5664 1084 5732 Domini,
1107 5673 1135 5720 et
1160 5664 1216 5722 cilo
1239 5667 1340 5721 transit
1362 5670 1503 5738 passionis
1527 5681 1664 5756 impetus,
1689 5687 1760 5744 sicut

104 5773 239 5850 spiritns,
266 5777 413 5834 canantes
437 5768 574 5824 canticum
598 5780 710 5831 norum,
735 5761 912 5836 quod—neruo
964 5766 1046 5834 potus
1059 5757 1115 5814 cito
1136 5757 1307 5832 transigitur.
1331 5757 1467 5822 Praedicta
1488 5779 1659 5841 comestione
1678 5780 1775 5846 mbo.
