3967 6334
104 310 157 366 113
564 315 594 374 IN
615 314 714 372 urtuu
734 313 781 370 ml
798 310 965 380 obnubuit
989 309 1091 367 tmen
1108 311 1248 368 Pramus.
1681 301 1732 372 151
1762 344 1765 348 -

102 423 175 478 unda
192 426 289 480 mundi
308 439 364 482 non
383 427 511 486 vincitur.
532 429 609 486 llultl
627 439 753 502 quaerunt
772 431 890 500 intrarel,
905 441 929 496 Α
944 427 1006 495 bor,
1022 428 1050 484 id
1063 435 1124 493 εει,
1139 428 1230 484 bonus
1245 427 1329 482 bomo
1343 427 1451 484 tructus
1465 428 1553 483 malos
1573 443 1628 484 tlon
1650 429 1731 501 lacit,

100 515 198 572 salutis
212 531 308 574 amore
321 523 481 588 provocatI:
497 533 524 579 et
542 539 597 580 non
616 531 762 596 poterunt,
783 525 890 582 itineris
941 521 1062 592 quandiu
1077 521 1167 577 bonus
1182 526 1242 588 cst;
1257 527 1285 576 et
1303 520 1400 576 tandiu
1420 521 1491 574 mala
1509 519 1603 587 arbor,
1625 521 1652 576 id
1670 533 1730 590 cst,

99 605 266 677 asperitate,
283 616 313 663 ut
327 612 367 667 eis
382 612 500 678 videtur,
516 614 650 674 deterriti.
939 614 1029 668 malus
1041 613 1123 672 borno
1138 620 1228 668 manet
1243 613 1270 666 in
1286 610 1421 669 fructibus
1434 620 1628 685 peccatorum,
1643 629 1733 685 quan-

395 701 509 759 caput
529 704 596 762 xm.
940 705 986 760 diu
998 705 1031 760 ad
1048 706 1237 776 pmraitcntiatn
1251 720 1307 760 non
1318 706 1498 761 cottsertitur.
1511 703 1656 780 [insusse]
1670 706 1732 764 Non

434 813 497 900 Μ.
535 797 566 907 δὲ)
939 806 1029 869 potest
1041 799 1088 853 rain
1102 814 1164 854 εεεε
1175 797 1281 852 calida:
1296 812 1359 851 narn
1371 814 1433 852 cum
1447 799 1544 869 incipit
1556 814 1619 855 esse
1628 799 1729 866 calida,

938 903 993 943 nou
1008 889 1064 960 iam
1079 889 1169 945 nivern
1190 904 1265 953 eam,
1287 889 1336 944 sed
1355 904 1454 958 aquam
1475 904 1615 946 vocamus.
1635 890 1730 948 Potest

938 995 1004 1051 ergo
1017 981 1136 1045 mutari,
1149 995 1205 1035 tion
1217 979 1346 1035 calefieri.
1363 978 1408 1034 Sic
1422 987 1513 1052 potest
1525 981 1583 1036 lieri
1596 989 1625 1036 ut
1640 983 1729 1040 nialus

938 1073 1061 1135 nonsit,
1077 1073 1125 1143 qui
1141 1073 1230 1135 malus
1245 1071 1312 1136 luit,
1328 1087 1384 1126 non
1405 1081 1495 1129 tamen
1512 1081 1603 1144 potest
1625 1074 1683 1130 ficri
1699 1083 1729 1130 ut

937 1164 1027 1221 malus
1051 1164 1215 1222 benefaciat.
1238 1163 1307 1220 Nam
1329 1165 1382 1219 etsi
1405 1165 1553 1236 aliquando
1570 1167 1646 1223 utilis
1667 1177 1725 1232 est,

937 1271 992 1311 non
1008 1257 1060 1312 boc
1074 1257 1133 1329 ipse
1148 1256 1229 1321 iacit,
1244 1257 1292 1314 sed
1308 1257 1400 1312 divina
1415 1257 1585 1330 prouidentia
1605 1258 1643 1315 lit.
1666 1259 1728 1315 Non

937 1347 1011 1418 quod
1032 1346 1163 1404 Pharisaei
1185 1349 1289 1404 utiliter
1310 1348 1503 1414 audiebantur,
1525 1351 1634 1404 illorum
1648 1357 1726 1417 erat,

937 1440 984 1496 sed
999 1439 1065 1507 Dei,
1086 1441 1238 1513 dequibus
1259 1440 1327 1496 dicit
1346 1441 1499 1513 propbeta:
1519 1440 1662 1496 Sentinatis
1677 1443 1728 1498 tri-

134 933 272 991 Attendite
288 957 305 992 a
318 939 396 1010 salsis
416 941 550 1010 prophetis
572 943 616 1014 qni
635 943 740 998 ueniunt
755 943 789 997 od
804 960 847 998 uos
860 944 888 996 in

97 1029 261 1086 uestimentis
273 1033 371 1096 ouium,
388 1033 545 1090 intrinsecus
561 1045 648 1090 autem
663 1045 724 1091 sunt
741 1035 795 1106 lupi
808 1049 888 1106 repo-

96 1136 149 1176 ess.
165 1120 187 1175 t
204 1122 334 1183 fructibus
349 1142 439 1180 eorum
452 1130 612 1200 cognoscetis
626 1146 680 1186 eos.

134 1211 259 1288 [Hiran]
277 1215 345 1282 Quia
360 1233 511 1288 paucorum
526 1229 568 1276 est
588 1230 731 1292 angustam
750 1219 821 1274 uiam
845 1219 888 1275 in·

94 1307 212 1371 senine,
238 1305 451 1366 fraudulentiam
473 1328 585 1382 corum,
610 1316 657 1386 qui
682 1330 742 1376 cam
767 1329 887 1385 qttaercrc

94 1396 279 1462 mentiuntur,
310 1401 432 1471 exponit.
458 1401 611 1467 Attendite,
640 1403 666 1457 id
694 1412 755 1468 est,
783 1414 885 1458 cavete.

96 1483 240 1590 [sssum]
258 1489 295 1544 De
310 1507 325 1543 ⁰
328 1492 437 1596 ”wihus
452 1493 603 1601 hymcsitfs
624 1495 677 1550 ¹¹⁰⁰
695 1502 785 1600 ms}
806 1496 887 1550 Μ’
938 1533 1036 1597 ticam,
1050 1541 1076 1587 et
1089 1534 1180 1603 spinos
1196 1535 1297 1588 metetis
1312 1531 1389 1605 (iet.
1403 1534 1472 1607 ιιι).
1489 1532 1548 1588 Non
1562 1549 1628 1605 ergo
1647 1535 1727 1591 audi-

93 1575 160 1681 bgr,
177 1579 225 1683 scd
240 1584 396 1652 specialiter
410 1586 444 1641 de
463 1586 599 1689 lraeratrcrs
614 1587 719 1644 lructus
733 1603 885 1645 animarum
936 1629 1041 1685 ditores
1063 1643 1157 1684 eorum
1180 1627 1215 1684 de
1236 1628 1325 1698 spinis
1350 1629 1475 1700 legebam
1498 1641 1584 1692 uvas,
1607 1629 1656 1684 sed
1676 1643 1727 1701 W

92 1671 278 1739 raptantibus.
295 1672 373 1731 Unde
387 1683 414 1731 et
429 1677 502 1748 lupis
517 1687 720 1750 comparantur.
740 1679 883 1782 [lutosa]
936 1721 1031 1792 spinas
1050 1721 1084 1777 de
1103 1720 1177 1787 vige,
1199 1728 1230 1775 ut
1252 1721 1276 1776 sl
1297 1720 1360 1791 quis
1380 1735 1430 1792 per
1445 1721 1568 1790 spineam
1584 1735 1676 1791 sepem
1690 1720 1725 1778 ad

91 1754 235 1832 Pnecipue
254 1764 369 1819 cavendi
385 1775 448 1821 sunt
465 1767 602 1831 ltaeretici.
617 1771 796 1840 cognitionem
813 1786 883 1826 verr·
898 1787 919 1842 p
934 1829 963 1868 se
976 1813 1099 1870 trahem
1111 1829 1192 1868 ,mm
1226 1827 1276 1866 u„
1288 1812 1334 1867 1112
1348 1827 1403 1868 „on
1417 1820 1491 1868 esset
1504 1813 1646 1871 spinarum
1676 1812 1725 1870 ⁵21¹

90 1850 258 1923 satisquarn
279 1871 334 1910 non
357 1857 473 1924 habent,
493 1862 693 1931 promittentes.
715 1861 884 1918 Vestimenta
934 1901 1008 1958 vius·
1202 1851 1210 1879 ⁹
1653 1852 1661 1878 1

90 1943 207 2009 ovium,
225 1955 289 2002 sunt
310 1948 411 2004 blanda
431 1951 516 2006 rerba
536 1955 710 2019 nocentium,
732 1962 884 2024 caeteraque
1270 1993 1303 2042 6²
1434 1992 1481 2044 ηδ

91 2037 238 2107 religionis
262 2041 349 2112 signa.
370 2041 481 2117 {Bana}
505 2043 565 2100 Non
586 2053 677 2102 autent
701 2047 763 2103 ideo
786 2047 885 2104 debent
1181 2012 1238 2098 L:
1279 2069 1295 2106 v
1335 2009 1399 2099 M:
1484 2053 1488 2062 ·

91 2142 163 2184 oves
184 2131 275 2187 odisse
295 2134 488 2191 vestimentum
511 2153 610 2200 suum,
629 2138 703 2208 quod
723 2139 884 2210 plerumque
968 2136 1058 2192 Bonus
1070 2136 1146 2190 bonaco
1159 2136 1191 2190 de
1206 2135 1271 2192 tono
1286 2139 1409 2192 tltesauro
1428 2135 1516 2191 cordas
1530 2136 1628 2207 profert
1645 2136 1722 2201 iana,

91 2216 143 2272 illo
158 2233 188 2274 se
203 2221 339 2276 occultant
360 2221 433 2295 lupi,
455 2224 521 2279 dum
545 2225 618 2281 aliud
637 2234 775 2282 ostentant
789 2228 822 2282 ad
836 2227 883 2282 de-
932 2239 957 2284 et
973 2230 1058 2283 melun
1069 2229 1145 2282 bomo
1162 2228 1194 2284 de
1210 2229 1281 2283 niolo
1294 2229 1395 2299 profert
1406 2227 1490 2286 naula.
1507 2229 1550 2283 b'a
1560 2230 1724 2284 abundantia

89 2309 266 2380 cipiendum,
283 2314 355 2370 aliud
369 2323 485 2371 exerunt
499 2317 534 2373 ad
546 2317 766 2388 depraedandum.
782 2315 882 2376 Verum
932 2323 1002 2377 enim
1013 2320 1100 2376 cordis
1110 2340 1139 2377 oe
1154 2322 1281 2393 loquitur.

89 2404 255 2471 temporalis
270 2407 405 2462 commodi
427 2408 597 2475 tentatione,
612 2410 669 2466 sire
682 2411 882 2480 persecutionis
969 2413 1077 2488 [iluna]
1090 2413 1162 2470 ldetn
1175 2421 1217 2470 est
1227 2396 1375 2470 thesaurus
1389 2411 1481 2468 cordis
1496 2412 1569 2484 qttod
1584 2411 1660 2466 radix
1681 2420 1724 2469 est

88 2495 216 2561 tempore
236 2493 422 2564 denudantur,
447 2506 474 2553 et
498 2503 621 2571 aperitur
640 2500 706 2572 quid
727 2503 792 2558 sint.
814 2501 882 2558 Fru-
933 2506 1039 2561 arboris
1050 2524 1057 2570 ;
1069 2512 1096 2560 ει
1109 2505 1181 2576 qttod
1195 2505 1229 2560 de
1240 2504 1324 2561 corde
1336 2502 1485 2575 protertur,
1502 2503 1572 2558 idem
1586 2512 1629 2558 est
1648 2503 1722 2574 qttod

89 2590 153 2640 clus
169 2594 234 2641 sunl
249 2589 418 2661 malaopera
433 2606 539 2649 eorum.
932 2598 1039 2652 arboris
1055 2596 1169 2652 irtrctus.
1186 2595 1237 2664 Qut
1253 2612 1318 2666 ergo
1339 2600 1367 2650 in
1389 2595 1473 2650 eorde
1493 2599 1652 2650 tnesaurum
1673 2611 1723 2666 pa·

359 2701 396 2785 pp
455 2683 484 2732 5⁷
522 2703 539 2786 Ι
608 2683 637 2735 61
932 2687 1034 2744 tientiae
1053 2687 1220 2759 perfectique
1246 2687 1328 2742 babet
1346 2687 1461 2750 amoris,
1477 2687 1595 2756 optimos
1618 2685 1723 2744 tructus

355 2757 367 2786 ⁸
405 2764 417 2786 ⁶
461 2759 476 2796 v
536 2764 572 2789 ¹⁹
932 2779 1082 2846 ell'undens,
1097 2779 1186 2848 diligit
1200 2779 1351 2838 inimicum.
1368 2777 1504 2834 benefacit
1514 2779 1628 2842 oiientl,
1640 2779 1724 2836 bene-

931 2869 999 2926 dicit
1009 2871 1191 2934 maledicentl,
1202 2871 1276 2926 onnti
1289 2872 1391 2942 petenti
1407 2872 1504 2927 tribuit
1513 2885 1573 2932 sua,
1585 2863 1730 2926 arantem

931 2964 1067 3034 patienter
1075 2961 1288 3034 corrigittttqui
1303 2977 1420 3033 nequam
1433 2963 1591 3018 thesaurum
1604 2963 1723 3018 incorde

932 3063 1032 3118 servat,
1056 3054 1114 3110 odil
1136 3055 1266 3120 amicum,
1295 3055 1419 3126 diligenti
1446 3054 1592 3118 naletacit.
1612 3055 1723 3112 benedi·

932 3149 1003 3202 conti
1019 3147 1167 3204 maledicit.
1181 3146 1227 3203 Sic
1238 3163 1348 3219 quoque
1364 3163 1415 3204 nec
1429 3148 1555 3203 diabolus
1574 3149 1656 3210 bona,
1672 3163 1724 3204 nec

931 3238 1059 3297 Christus
1072 3241 1142 3296 mala
1160 3255 1242 3312 opera
1254 3248 1345 3311 potest
1359 3240 1457 3296 lacere.
1469 3239 1522 3295 Per
1537 3241 1594 3296 oris
1607 3241 1724 3296 locutio-

931 3349 993 3388 nem
1009 3333 1137 3390 universa
1152 3348 1214 3404 quae
1228 3341 1291 3389 actu
1310 3334 1353 3388 vel
1367 3333 1488 3403 cogitatu
1503 3332 1538 3388 de
1559 3333 1644 3388 corde
1659 3345 1724 3404 pro·

932 3423 1058 3481 teruntur
1072 3424 1360 3498 bomioussignistcat.
1374 3423 1443 3479 Nam
1461 3423 1547 3480 moris
1566 3421 1723 3494 Scriptura·

930 3533 991 3572 rum
1011 3526 1064 3584 εει,
1078 3518 1161 3575 verba
1176 3534 1226 3589 pro
1236 3519 1319 3574 rebus
1330 3531 1441 3588 ponere,
1459 3522 1490 3571 ut
1501 3515 1529 3570 iu
1539 3514 1609 3572 lsaia
1623 3515 1723 3571 dicitur

931 3610 965 3666 de
981 3609 1098 3667 Ezechia
1115 3608 1198 3666 :Non
1214 3611 1265 3682 suit
1281 3609 1388 3664 cerium
1409 3608 1480 3680 quod
1501 3625 1553 3663 non
1577 3606 1723 3663 ostenderet

930 3703 967 3757 eis
980 3701 1050 3774 (iso.
1066 3701 1171 3775 ιιιιι),
1186 3717 1280 3759 rerum
1305 3701 1400 3772 utique
1417 3714 1473 3755 non
1484 3698 1631 3755 uerborum
1645 3711 1723 3754 rete·

930 3794 997 3852 lavit
1011 3808 1120 3851 arcana.

123 2813 257 2889 Nunqaid
276 2821 404 2893 eolligunt
422 2823 454 2880 de
471 2826 554 2896 spinis
572 2844 652 2892 acas,
669 2837 716 2882 aet
729 2826 762 2882 de
776 2827 881 2883 tributas

87 2907 182 2978 ficus?

124 2999 274 3071 Sapientes
296 3021 352 3062 non
371 3009 503 3081 colligunt
521 3027 589 3068 ιιιιε
609 3012 642 3069 de
661 3012 764 3083 spinis,
781 3011 879 3078 idest,

89 3091 184 3148 dulcia
200 3097 284 3152 uerba
298 3099 333 3154 de
348 3100 501 3165 baercticis,
518 3105 565 3174 qui
581 3103 641 3160 ideo
655 3105 784 3160 dicuntur
796 3105 880 3176 spinae
894 3132 915 3188 C

87 3193 114 3240 et
129 3186 229 3242 tribuli
242 3191 288 3260 qni
304 3193 429 3249 sauciant
448 3195 553 3252 artimus
573 3210 622 3267 per
641 3197 784 3252 veriorum
805 3199 881 3252 llan-

88 3276 186 3335 ditias.
204 3279 311 3337 Tribuli
325 3292 390 3340 sunt
409 3301 494 3356 genus
516 3288 605 3344 hcrbae
624 3289 750 3358 spinosae.
773 3288 879 3346 Lucas:

88 3369 186 3442 Nepam
199 3372 233 3428 de
244 3377 327 3445 spinis
341 3378 467 3450 eolligunt
481 3381 563 3446 fictae,
578 3398 658 3454 neque
670 3381 702 3436 de
715 3382 778 3437 rubo
793 3383 881 3439 uinde-

89 3462 180 3519 miant
193 3481 271 3520 auant
288 3466 368 3539 (Lac.
382 3471 439 3540 ιι).
457 3469 579 3544 [Banu]
594 3471 685 3543 Spinae
699 3480 726 3530 ει
740 3474 800 3529 rubi
817 3484 881 3532 sunt

88 3572 164 3614 curae
193 3562 288 3616 saculi
317 3569 344 3618 et
367 3564 529 3634 punctiones
559 3566 706 3632 uitiorum,
727 3568 761 3622 de
781 3568 881 3632 ouibus

87 3653 231 3722 peccatori
244 3654 349 3711 dictum
364 3662 425 3713 est:
449 3657 532 3713 rena
544 3667 589 3713 tua
610 3660 703 3729 spinos
723 3669 748 3715 et
768 3659 881 3717 tribulos

86 3746 252 3817 germinabit
267 3748 314 3804 tibi
330 3747 411 3822 (Gen.
428 3753 487 3822 ιιι).
504 3751 586 3807 Ficus
600 3768 665 3808 uero
682 3760 710 3809 ct
729 3768 799 3820 uva,
820 3755 882 3810 dul·

88 3838 155 3894 cedo
173 3855 253 3896 nouae
276 3843 494 3900 conuersationis
517 3854 576 3910 est,
600 3861 682 3917 quam
701 3844 829 3904 Christus
851 3849 880 3905 in
1289 3885 1320 3934 58
1442 3881 1474 3932 ω

88 3931 173 3988 nobis
187 3933 291 3998 esurit,
307 3941 335 3989 et
350 3934 441 3992 fervor
461 3935 615 3993 dilectionis
632 3938 678 4008 qui
698 3936 817 3995 laetificat
834 3955 883 3997 cor
1190 3904 1232 3992 Μ
1241 3913 1254 3990 ἶ
1299 3961 1315 3996 v
1354 3901 1407 3987 L:

89 4021 223 4080 hominis.
240 4023 310 4082 ilinc
322 4028 456 4098 scripturn
470 4037 533 4086 est:
549 4028 630 4086 Ficus
651 4033 761 4104 protulit
776 4050 881 4104 grossos
967 4034 1060 4091 Omnis
1073 4031 1153 4088 orior
1167 4047 1225 4103 que
1240 4047 1293 4085 non
1310 4029 1376 4100 tacit
1397 4024 1631 4098 [metumientem.
1647 4023 1721 4078 exei-

88 4131 171 4180 ssos,
188 4119 269 4173 sinete
289 4119 412 4188 florentes
432 4121 558 4178 dederunt
575 4123 680 4179 odorem
700 4123 799 4197 (Cant.
817 4125 879 4198 ιιι).
929 4127 1008 4182 detur
1020 4135 1045 4182 et
1061 4126 1184 4198 inignem
1201 4124 1330 4187 mittetur,
1346 4121 1471 4192 igiturex
1487 4115 1617 4190 [tectibus
1630 4132 1722 4171 eoram

87 4203 151 4263 Non
175 4209 245 4265 lictis
262 4209 296 4266 de
317 4212 420 4282 spinis,
443 4228 499 4268 non
521 4231 573 4270 uva
594 4214 629 4271 de
643 4217 712 4272 rubo
732 4217 879 4289 colligitur,
931 4220 1090 4294 cognoscetis
1100 4234 1155 4274 eos.

88 4299 157 4370 quia
174 4314 252 4356 mens
266 4301 355 4358 adbuc
367 4305 469 4360 ueteris
485 4305 603 4364 bominis
622 4309 821 4364 consuetudine
834 4310 881 4365 de·
966 4313 996 4368 Si
1015 4312 1060 4369 ille
1072 4311 1119 4383 qtti
1135 4325 1190 4366 non
1204 4307 1270 4363 iacit
1284 4307 1404 4362 tractum
1425 4304 1537 4366 bonum,
1552 4299 1721 4371 separandus

89 4405 207 4462 pressa,
229 4393 357 4450 simulare
375 4404 482 4466 potest,
499 4397 546 4453 scd
565 4398 671 4456 tructus
685 4402 747 4455 novi
762 4399 880 4457 bominis
930 4411 973 4460 est
989 4402 1101 4474 ajustis
1114 4400 1185 4456 sicut
1193 4398 1263 4454 baadi
1277 4396 1410 4467 ah'agnis,
1422 4400 1450 4449 ct
1464 4393 1492 4447 ln
1507 4395 1596 4462 ignem
1611 4391 1722 4445 mitten·

90 4481 164 4541 terre
181 4500 235 4541 non
251 4495 349 4556 potest.
366 4486 444 4554 Quod
459 4489 483 4544 si
498 4489 645 4560 aliquando
664 4489 735 4546 iacta
752 4493 794 4548 vel
808 4491 881 4548 dicta
894 4487 919 4548 D
931 4495 983 4552 dus
997 4501 1039 4551 est
1052 4508 1119 4550 voce
1130 4491 1175 4546 illa
1191 4510 1198 4546 ι
1216 4489 1267 4556 lte,
1284 4485 1469 4550 maledicitis
1490 4484 1575 4554 ignem
1592 4490 1720 4536 eternum

90 4575 229 4632 malorum
242 4585 358 4648 prosunt
372 4578 470 4643 bonis,
486 4595 541 4635 non
555 4580 608 4636 hoc
622 4580 727 4641 iaciunt
738 4584 813 4641 mali.
932 4586 1040 4660 gilottlt.
1063 4583 1140 4657 ιιι),
1156 4581 1222 4655 quid
1235 4581 1289 4636 erit
1308 4579 1343 4635 de
1362 4578 1420 4643 illo,
1434 4575 1482 4648 qul
1501 4574 1567 4630 lacit
1587 4574 1721 4646 quidquid

355 4691 397 4777 Μ
453 4672 484 4786 ιιι
518 4691 550 4778 L
605 4673 638 4724 60
931 4679 995 4733 mali
1016 4678 1122 4751 potest?
1135 4674 1295 4747 qniiaarbor
1309 4672 1382 4726 mala
1399 4669 1506 4725 fruetus
1521 4667 1610 4722 bonos
1630 4666 1721 4724 lacera

406 4753 418 4778 0
559 4753 571 4779 0

931 4784 986 4824 non
1004 4775 1103 4840 potest.
1121 4765 1207 4838 Igitur
1217 4779 1250 4819 ea
1266 4760 1395 4834 [ructibus
1409 4776 1511 4828 eorem,
1528 4758 1622 4824 idest,
1636 4758 1720 4816 talsa-

125 4813 174 4870 Sie
196 4816 283 4870 oannis
302 4815 384 4872 orbor
403 4817 471 4873 botta
490 4819 592 4890 [melus
614 4820 694 4876 bonos
709 4821 784 4892 [ecit.
805 4820 881 4877 mata
931 4876 991 4915 mm
1007 4857 1200 4932 prophfflmm
1218 4853 1519 4924 eognoscepggogffiae
1533 4850 1626 4907 falsos.

90 4916 182 4962 autent
201 4907 282 4963 arbor
298 4907 401 4978 [taetus
421 4909 505 4966 maios
522 4912 597 4983 facit.
620 4911 681 4967 Non
699 4922 783 4984 potest
803 4913 882 4968 orior
1221 4944 1337 5002 cnPbl
1351 4943 1430 5000 χιιι,

91 4997 159 5053 bono
181 4998 286 5069 {ructus
305 5001 390 5058 maios
411 5003 515 5072 secere,
537 5021 618 5077 neque
638 5005 718 5060 arbor
737 5005 810 5060 mola
823 5007 881 5076 {ru-
1199 5037 1230 5088 59
1351 5036 1383 5086 63
1504 5033 1551 5084 ΗΒ

90 5101 148 5146 etus
170 5091 252 5147 bonos
273 5092 371 5163 faeere.
1102 5057 1164 5147 M:
1204 5113 1231 5146 ιιι
1264 5055 1317 5143 L:
1415 5055 1468 5140 A:

127 5181 206 5242 Sicut
226 5201 322 5242 verum
336 5197 377 5244 est
391 5186 465 5259 quod
479 5188 514 5244 dc
527 5188 634 5246 tribulis
647 5204 704 5244 non
717 5188 882 5259 colliguntur
967 5181 996 5237 N
997 5200 1030 5237 on
1045 5182 1129 5238 omnis
1143 5181 1188 5254 qai
1197 5181 1261 5235 dicit
1275 5179 1340 5235 miii
1348 5195 1357 5234 :
1375 5178 1487 5233 Domine
1500 5175 1621 5239 Domine,
1633 5175 1718 5230 intro·

90 5275 177 5342 ficus,
193 5279 233 5336 sic
247 5295 344 5336 verum
357 5280 486 5353 estquod
500 5281 582 5338 arbor
593 5283 664 5338 pona
677 5281 783 5336 fructus
795 5279 881 5335 bonos
932 5275 970 5329 ta
983 5276 1011 5329 in
1024 5291 1132 5346 regnam
1145 5273 1286 5337 celorum,
1301 5269 1347 5326 sed
1360 5271 1404 5342 qui
1415 5267 1480 5339 tacit
1491 5265 1649 5320 uoluntatem
1660 5264 1717 5320 Po·

90 5369 168 5426 iacit.
185 5370 275 5427 Arbor
293 5373 365 5429 bona
386 5375 428 5430 vel
447 5374 535 5440 mala,
557 5381 600 5430 εει
619 5374 700 5428 homo
715 5387 771 5428 non
784 5387 818 5429 ex
833 5385 882 5426 na·
932 5366 982 5422 tris
996 5367 1047 5421 mei
1064 5367 1109 5439 qai
1125 5364 1369 5432 intellectuum
1387 5357 1654 5429 mbiil'll'ssim
1666 5374 1719 5413 ⁶⁰²·

89 5475 154 5517 tura
165 5479 228 5534 quae
241 5479 257 5518 a
272 5463 329 5521 beo
340 5467 369 5520 in
380 5466 507 5522 omnibus
522 5465 592 5520 bona
607 5471 700 5520 creata
713 5471 770 5530 εει,
787 5462 881 5520 seder
932 5460 1028 5515 loram.

89 5555 235 5612 voluntate
247 5554 321 5612 bona
333 5559 376 5613 tol
391 5558 472 5614 mala.
494 5557 612 5612 Fructus
627 5564 693 5612 sunt
706 5570 805 5626 opera,
820 5569 881 5626 quaa
968 5549 1107 5627 [Hannon]
1131 5547 1208 5604 Sicut
1220 5555 1332 5618 propter
1351 5545 1449 5618 dogma
1463 5541 1592 5615 nequitia
1605 5541 1718 5598 cavendi

89 5664 142 5705 uec
158 5649 232 5706 bona
245 5651 325 5706 malae
338 5650 487 5707 voluntatis
507 5656 623 5721 possunt
642 5663 721 5712 esse,
742 5663 794 5704 nec
809 5647 881 5702 mala
931 5653 996 5702 sunt
1014 5644 1076 5701 falsi
1090 5641 1237 5715 prophetae,
1253 5638 1386 5694 babentes
1407 5635 1527 5708 speciem
1553 5633 1632 5690 bone
1644 5635 1716 5698 vita,

90 5747 172 5800 bonas
184 5743 344 5802 voluntatis.
362 5741 515 5816 [Hannon]
530 5740 637 5796 'landiu
658 5755 724 5812 ergo
744 5739 816 5796 bona
834 5754 880 5793 ar·
932 5740 972 5796 sic
983 5747 1010 5794 et
1030 5739 1057 5794 lai
1082 5732 1249 5801 econtrario,
1264 5731 1311 5803 qui
1330 5745 1392 5788 cum
1407 5729 1518 5802 integrae
1532 5725 1596 5785 lidei
1620 5734 1648 5784 et
1670 5725 1718 5784 do
