3967 6334
225 381 280 439 aab
687 371 873 466 zlclttltlm
893 369 1196 429 eltntsonolltsm
1214 365 1369 425 setscoet
1792 361 1842 418 Tib

489 489 601 545 CAPUT
620 483 746 543 lxxiii.
1025 492 1049 546 Α

260 580 354 638 Simtlc
364 591 403 636 est
415 595 521 650 regnum
536 580 658 634 coriorum
675 579 795 633 tilecastro
816 578 967 631 abscondito
982 594 1010 630 ιιι

225 687 290 744 agro
302 687 311 724 .·
324 687 399 742 quem
409 672 453 742 qni
468 671 566 725 irreenit
578 670 665 736 homo,
680 667 826 731 abscondit,
842 677 866 721 et
876 682 931 736 prce
945 682 1011 736 pon-

226 762 270 817 dio
284 763 356 818 illias
370 763 442 817 ondit
455 771 481 816 et
493 760 579 816 vendit
593 763 714 815 aniverso
728 775 787 830 qne
801 757 893 826 itabat,
909 767 933 812 et
946 757 1010 811 emit

226 870 318 924 agrum
332 853 418 908 illum.

260 943 383 1016 [hictu]
396 941 449 998 Per
464 944 670 1000 similitudinem
685 941 808 998 thesauri
822 942 850 995 in
863 955 938 1010 agro,
954 941 1011 1010 spei

224 1040 325 1088 nostrae
347 1048 413 1104 opes
435 1033 505 1088 intra
528 1049 557 1088 sc
579 1033 684 1103 positas
702 1031 831 1087 ostendit.
855 1029 1013 1086 Thesaurus

225 1126 299 1182 enim
324 1125 352 1178 in
374 1139 440 1196 agro
472 1125 632 1195 intelligitur
664 1123 735 1178 itlius
763 1121 811 1177 Dei
834 1120 1012 1178 absconditus

225 1216 254 1270 in
268 1231 350 1272 carne
365 1223 412 1271 ant
427 1217 455 1270 in
470 1219 573 1272 sanctis
588 1213 747 1285 scripturis.
766 1212 910 1288 [Grecos]
925 1212 1013 1280 Quem

225 1308 375 1372 inuenisse,
391 1308 538 1378 gratuitum
554 1313 613 1374 est;
628 1307 675 1362 sed
691 1306 756 1376 qula
771 1305 897 1360 caelestes
911 1304 1013 1358 diritiae

225 1400 334 1458 trunnisi
357 1399 457 1453 damam
481 1398 573 1453 saeculi
598 1397 783 1468 possidentur,
817 1396 864 1465 qui
889 1395 1012 1458 invenit,

224 1496 400 1544 contemnere
423 1489 565 1544 saecularia
590 1489 690 1552 dehet,
726 1495 755 1542 ιιι
784 1487 820 1542 sit
843 1486 868 1541 ei
891 1492 1014 1556 potestas

224 1579 318 1633 utendi
332 1580 462 1634 thesauro
478 1595 540 1633 cnm
553 1595 628 1651 agro.
654 1578 702 1634 liei
718 1579 754 1632 ita
777 1597 782 1632 :
798 1576 957 1633 Thesaurus
971 1581 1015 1630 est

224 1669 334 1724 coeleste
347 1669 530 1731 desiderium:
546 1685 610 1737 ager
621 1671 648 1724 in
661 1687 715 1740 quo
728 1669 915 1732 absconditur,
930 1667 1014 1722 disei-

224 1757 298 1825 plina
313 1757 396 1812 studii
419 1758 549 1813 coelestis.
567 1757 652 1823 Quem
676 1773 770 1828 agrum
789 1755 906 1812 rvendttis
924 1771 1014 1811 omm-

223 1845 276 1900 hns
294 1853 444 1916 oocuparet,
469 1847 514 1915 qui
540 1845 726 1920 rttlrtptntibus
750 1844 841 1900 carnis
861 1844 1011 1908 renuntiat,
1029 1836 1051 1891 B

222 1945 248 1991 el
262 1943 371 1990 terrena
385 1936 520 1991 desideria
543 1951 591 2006 per
613 1935 735 1990 cmlestis
754 1934 906 2004 disciplinae
919 1943 1012 1988 custo*
1038 1964 1040 1969 ·

222 2029 295 2083 diam
310 2029 406 2092 calcat,
431 2035 460 2081 ut
484 2028 596 2082 tiberius
617 2041 647 2081 se
666 2026 781 2096 applicet
802 2025 893 2081 studio
910 2023 1008 2079 intelli·

222 2117 329 2187 gentiae.
355 2116 523 2171 Thesaurum
548 2116 716 2173 abscondere
738 2115 879 2182 debemus,
903 2130 959 2169 non
982 2131 1012 2169 ιιι

222 2207 278 2274 ria,
292 2209 339 2264 sed
354 2207 382 2262 in
397 2207 479 2264 eorde
492 2215 605 2273 nostro;
630 2207 694 2278 quia
714 2206 741 2261 in
756 2207 808 2261 hac
820 2207 876 2261 rita
889 2205 968 2276 quasi
982 2206 1012 2261 ln

221 2299 267 2354 ria
279 2299 375 2369 petrice
388 2315 494 2364 suiuus,
511 2314 546 2354 ne
561 2298 673 2370 maligni
688 2298 801 2368 spiritus
814 2298 892 2368 quasi
907 2298 1013 2351 latrun-

223 2392 277 2446 culi
292 2399 416 2446 nostrum
433 2393 485 2447 iter
498 2391 666 2454 obsidentes,
681 2406 732 2446 nos
745 2391 911 2461 exspolient,
925 2388 949 2444 si
963 2405 1013 2458 pu-

221 2482 467 2539 blicethcsaurtnn
482 2482 510 2536 in
531 2483 574 2536 ria
595 2482 805 2552 portaverimus.
821 2479 881 2536 Non
896 2481 959 2536 dico
982 2488 1014 2534 ut

222 2571 392 2626 occultemus
407 2557 540 2641 preximis
554 2571 625 2626 botta
640 2585 723 2640 opera
736 2579 842 2633 nostra,
866 2585 930 2624 cnm
943 2570 1014 2624 scri·

223 2667 301 2730 plum
316 2661 371 2716 sit:
389 2661 499 2715 Videant
517 2677 595 2731 opera
616 2671 701 2716 oestro
711 2671 737 2715 et
747 2662 892 2732 glorificent
905 2661 1014 2714 Putrem

223 2758 336 2818 uestram
349 2749 456 2819 (liuttit.
471 2751 509 2823 v),
529 2752 587 2816 sed,
609 2759 641 2805 ιιι
660 2753 688 2806 in
710 2751 839 2822 operibus
861 2751 940 2806 bonis
954 2752 1014 2806 lau·

223 2837 286 2894 dcrn
307 2840 469 2895 exteriorem
493 2856 548 2896 non
572 2857 737 2912 quaeramns.
764 2840 886 2913 [Reate]
906 2841 1012 2897 Aliter:

1318 480 1432 537 CAPUT
1451 477 1589 534 lxxvttt.

1097 594 1197 648 iterum
1217 595 1304 649 simile
1323 602 1362 649 est
1382 609 1489 663 regnam
1503 591 1626 645 calecam
1639 602 1746 658 capena
1759 591 1845 640 misser

1060 687 1088 740 in
1113 701 1203 748 more,
1225 694 1251 738 et
1270 699 1303 738 ea
1327 684 1398 737 omni
1420 698 1511 753 genere
1531 681 1644 750 piscium
1667 679 1843 748 congreganti.

1061 777 1160 843 Quam,
1177 792 1236 828 cnm
1249 774 1358 845 impieta
1376 781 1452 838 ercet,
1470 771 1618 834 edocentes,
1638 779 1664 823 et
1682 783 1759 822 secus
1774 766 1846 820 littus

1060 868 1189 932 sedentes,
1202 869 1334 939 elegerunt
1352 869 1432 921 bonos
1447 867 1475 920 in
1488 882 1551 919 naso
1575 880 1635 928 saa,
1658 862 1746 916 maios
1761 869 1846 914 caum

1061 959 1134 1027 {oros
1148 959 1286 1012 miserant.

1098 1067 1210 1140 Sagenae
1223 1069 1315 1125 missae
1332 1067 1361 1122 in
1380 1081 1455 1121 mare
1472 1070 1648 1134 comparatur
1668 1060 1794 1116 Ecclesia
1807 1057 1849 1114 rei

1062 1159 1219 1229 pradicatio
1239 1157 1405 1228 evangeliea,
1428 1169 1489 1225 qnae
1511 1153 1592 1223 quasi
1615 1153 1705 1222 pffsces
1726 1151 1763 1205 de
1780 1147 1850 1202 man·

1060 1249 1162 1313 trahat,
1179 1248 1332 1303 hominess
1353 1245 1454 1301 saeeulo
1474 1244 1502 1298 in
1520 1243 1612 1296 lumen
1627 1245 1687 1296 reri
1701 1239 1770 1294 solis
1784 1237 1851 1292 edu-

1062 1355 1137 1395 cens.
1162 1338 1368 1394 Conteruerunt
1381 1335 1434 1392 sibi
1448 1333 1564 1405 apostoli
1578 1347 1611 1386 ex
1624 1341 1741 1400 utroque
1754 1327 1852 1384 Testa·

1062 1440 1154 1486 mento
1169 1445 1297 1502 sagenam
1311 1428 1462 1500 Evangelii,
1480 1434 1508 1481 et
1522 1440 1610 1495 usque
1623 1423 1704 1479 hodie
1717 1423 1747 1476 in
1760 1421 1852 1476 lincti-

1062 1523 1114 1577 hus
1128 1523 1210 1592 hujus
1224 1521 1316 1577 saeculi
1331 1520 1460 1583 tenditur,
1475 1516 1588 1588 capiens
1603 1517 1737 1570 bonosae
1752 1513 1850 1568 malus.

1063 1611 1186 1684 [heure]
1204 1611 1234 1666 ln
1248 1612 1301 1666 irrte
1315 1617 1405 1665 autem
1421 1607 1515 1663 mundi
1528 1606 1654 1660 trahetur
1667 1603 1702 1659 ad
1717 1604 1809 1666 littus,
1827 1611 1853 1658 et

1063 1703 1255 1760 discernentur
1267 1703 1357 1774 pisces
1372 1701 1437 1756 boni
1451 1701 1479 1754 in
1492 1710 1603 1761 emtum,
1625 1697 1691 1751 mali
1706 1697 1735 1751 in
1749 1695 1855 1767 gehen-

1064 1810 1137 1849 narn.
1161 1794 1283 1850 Educent
1304 1792 1393 1863 angeli
1416 1807 1464 1862 per
1477 1788 1706 1846 resurrectionem
1722 1802 1854 1858 sagenam

1063 1891 1210 1960 impletam,
1225 1890 1288 1961 quia
1309 1899 1374 1944 tune
1388 1889 1509 1944 Ecclesia
1531 1884 1741 1957 praedestinatos
1756 1895 1855 1934 omues

1062 1982 1222 2037 coritinebit.
1235 1981 1268 2035 Et
1278 1997 1358 2037 secus
1367 1981 1454 2044 littus,
1463 1981 1515 2034 boc
1526 1986 1578 2043 est,
1588 1984 1650 2047 post
1662 1975 1744 2030 duem
1755 1971 1856 2026 mucidi

984 2114 990 2126 .
1063 2071 1116 2128 sibi
1130 2071 1218 2126 oiiteio
1234 2071 1358 2140 injuncto
1377 2068 1578 2140 quodammodo
1589 2066 1757 2137 judicantes,
1778 2059 1857 2131 quod

1063 2179 1111 2234 per
1126 2163 1218 2218 sedem
1233 2161 1403 2232 intelligitur,
1419 2160 1512 2230 eligent
1528 2157 1608 2211 bonos
1623 2167 1652 2209 m
1666 2171 1732 2210 caan
1747 2170 1813 2216 aaa,
1831 2151 1857 2204 id

1062 2262 1114 2319 est,
1133 2255 1161 2308 in
1175 2261 1277 2308 aeterna
1291 2251 1486 2316 tabernacula;
1501 2248 1586 2302 malos
1600 2263 1676 2310 cero,
1692 2260 1728 2299 ne
1741 2244 1857 2299 rideant

1063 2346 1177 2416 gloriam
1190 2343 1250 2408 Dei,
1265 2344 1367 2397 mittent
1382 2342 1467 2412 loros,
1482 2341 1510 2394 in
1528 2338 1667 2394 iniernnm
1680 2336 1800 2392 seilicet.
1826 2332 1859 2387 Et

1064 2436 1115 2491 hoc
1125 2440 1168 2492 est
1178 2434 1250 2505 quod
1266 2433 1407 2504 sequitur:

1100 2548 1144 2604 sn
1158 2549 1208 2604 erit
1222 2549 1250 2602 in
1264 2547 1488 2602 consummatione
1504 2542 1605 2598 saculi.
1618 2540 1737 2596 Exibunt
1754 2536 1858 2608 angeli,

1063 2653 1088 2697 et
1102 2640 1259 2710 separabunt
1276 2639 1361 2694 moloc
1382 2638 1414 2692 de
1435 2635 1520 2691 medio
1536 2635 1684 2705 justornm,
1702 2641 1727 2686 et
1747 2631 1860 2685 mittem

1063 2749 1106 2787 coe
1114 2733 1142 2786 in
1151 2733 1284 2786 camiseam
1294 2732 1372 2802 ignis·
1384 2729 1420 2784 ibi
1430 2730 1479 2783 erit
1489 2729 1567 2797 fletus
1577 2735 1603 2780 ει
1611 2723 1711 2779 stridor
1721 2722 1859 2775 ἀειιιὶιιιιι.

1102 2821 1209 2894 [liena]
1223 2820 1317 2877 Fletus
1338 2820 1372 2876 de
1391 2819 1501 2883 ardore,
1520 2817 1624 2874 stridor
1645 2813 1768 2870 dentium
1784 2811 1861 2866 solet

224 2927 383 2984 Thesaurus
404 2930 433 2985 in
457 2945 533 3002 agro,
553 2931 608 2986 duo
626 2931 800 2987 Testamenta
818 2933 884 3003 legis
905 2933 1014 2988 suntin
1064 2913 1172 2970 miliari
1187 2914 1221 2968 (¹⁰
1239 2912 1348 2984 silim·
1368 2911 1420 2966 Ubi
1439 2909 1538 2981 dullex
1558 2906 1713 2966 ⁰⁸i0¹¹di²¹¹¹
1729 2919 1795 2961 0⁵⁵0
1812 2917 1861 2973 ΒΘ·

223 3019 357 3084 Ecclesia,
371 3037 422 3091 pru
436 3037 552 3092 quorum
574 3024 751 3094 intelligentia
768 3030 798 3078 ut
812 3024 840 3078 in
854 3023 910 3078 otio
923 3024 1014 3078 disea-
1064 3005 1166 3069 henna,
1180 3004 1209 3058 id
1221 3014 1272 3071 0⁵²·
1294 3004 1372 3058 nimii
1393 3003 1505 3073 trigoris
1524 3010 1551 3057 ⁰¹
1570 2999 1695 3055 filimi·
1714 2996 1766 3052 0¹¹5
1778 2995 1859 3050 ΜΗ

223 3120 279 3175 tur,
300 3112 459 3182 temporalia
475 3121 696 3168 contemnuntur,
714 3113 798 3181 ,011011
816 3125 843 3169 ,31
857 3114 1012 3186 philosophi
1064 3095 1116 3152 tols
1133 3097 1268 3153 sententia
1284 3094 1442 3158 consentit,
1462 3093 1603 3148 dicentis:
1625 3090 1667 3144 Ad
1682 3089 1800 3144 colorem
1817 3087 1861 3140 ni·

224 3203 414 3272 intelliguntur
426 3202 523 3258 iecisse
535 3219 584 3274 pro
596 3205 714 3259 humana
728 3205 851 3260 scientia.
1064 3189 1146 3241 mium
1159 3185 1280 3241 ''iiiiii'‘
1294 3184 1327 3238 αὖ
1340 3184 1415 3255 oqnic
1430 3183 1527 3236 ”filim
1540 3179 1601 3252 (¹⁰⁶
1614 3179 1702 3250 xnvi·
1726 3176 1776 3232 Vel
1789 3176 1861 3230 ⁸¹¹5·

260 3291 360 3346 iterent
381 3294 467 3348 simile
486 3303 524 3348 est
547 3312 655 3367 regnum
677 3297 801 3351 calorem
819 3297 920 3352 bantini
934 3316 1013 3370 nego-
1063 3280 1114 3335 ‘¹⁰¹
1128 3278 1251 3333 dentium
1276 3275 1368 3347 Tifflfii
1393 3273 1561 3341 indignantis
1576 3270 1715 3334 filiium·
1730 3282 1765 3324 0⁰
1778 3265 1859 3336 (1⁰⁰⁶

224 3383 325 3450 lictori,
348 3387 474 3454 querenti
496 3386 578 3440 bonas
599 3389 770 3458 retorperitss.
792 3388 901 3443 inuenta
926 3401 1012 3444 nutem
1063 3386 1126 3426 ⁵0f⁰
1136 3382 1356 3438 unumquemque
1371 3366 1513 3436 iioefliiffli
1529 3378 1591 3419 ⁸0⁹⁰
1604 3360 1777 3432 insseffliffl‘·
1790 3371 1860 3458 59ξο

226 3477 410 3544 nnaprctiosa
425 3478 582 3547 rnorgnrita,
599 3478 665 3532 abiit
681 3490 705 3533 et
721 3479 835 3534 uendidit
851 3481 1012 3551 omniaque
1064 3461 1200 3514 immin?
1214 3457 1277 3521 sihi,
1297 3456 1345 3527 ‘1¹¹i
1366 3463 1422 3509 ‘³¹¹¹
1445 3453 1582 3525 imiimi
1596 3450 1772 3521 ³¹¹¹iii⁰bii²¹0
1784 3447 1861 3503 ‘¹⁰¹¹’

222 3564 324 3629 babuit,
337 3573 361 3619 ει
372 3567 434 3619 emit
445 3583 514 3621 εαιιι.
1063 3547 1162 3618 quelli·

260 3653 297 3709 ilc
312 3655 467 3726 margaritis
489 3664 516 3712 et
532 3658 661 3713 thesauro
679 3675 728 3730 par
750 3662 820 3715 ratio
838 3669 890 3724 εει,
908 3662 954 3716 sed
970 3679 1014 3718 su·
1100 3658 1274 3714 intellexistis
1293 3655 1348 3710 ltere
1365 3655 1475 3709 omnic?
1499 3652 1598 3705 ilicum
1619 3650 1644 3704 ei
1664 3647 1794 3702 :Etiam
1813 3649 1860 3700 Ait

225 3747 319 3817 perias
342 3762 456 3818 regnum
481 3752 613 3805 coelorunt
638 3755 772 3822 acciptur
795 3752 854 3823 ipse
873 3753 1011 3819 Christus,
1063 3751 1137 3806 illia:
1158 3748 1221 3803 ideo
1238 3745 1324 3802 omnis
1342 3744 1435 3800 Scriba
1458 3743 1551 3797 doctas
1574 3741 1603 3794 in
1622 3755 1702 3810 regno
1715 3737 1859 3798 calorum,

224 3837 268 3890 rel
293 3851 409 3907 superna
434 3837 574 3904 Ecclesia,
607 3841 665 3898 sire
698 3843 809 3898 cmleste
833 3843 1011 3900 desiderium.
1063 3843 1158 3896 similia
1176 3849 1215 3896 eet
1232 3836 1422 3909 patrifamilias
1443 3834 1502 3906 [εει
1518 3830 1660 3903 homini],
1686 3830 1733 3900 qni
1753 3829 1859 3898 profert

226 3925 366 3999 [liranum]
381 3926 431 3984 iiie
445 3943 511 3984 rere
525 3938 552 3985 ct
566 3931 691 3997 inierins,
707 3933 827 3990 Ecclesia
840 3934 929 3990 adlrnc
943 3951 1013 4006 prae·
1063 3934 1095 3988 de
1105 3933 1227 3988 thesauro
1238 3947 1286 3986 ano
1297 3945 1363 3984 noua
1373 3936 1398 3982 et
1408 3935 1504 3981 cetero.

225 4031 300 4081 sens,
322 4017 351 4071 in
364 4033 417 4088 qua
437 4019 493 4088 jam
514 4021 596 4076 etiam
617 4023 732 4079 virtutes
747 4024 846 4078 civium
860 4026 1013 4082 coelestium
1097 4023 1245 4093 Apostolus
1260 4020 1360 4076 iuturis
1374 4016 1525 4088 magistris,
1545 4029 1600 4068 non
1615 4019 1724 4068 tantum
1740 4011 1861 4066 audien·

225 4115 349 4178 regnant.
378 4108 459 4164 Bone
481 4113 646 4182 margaritae,
671 4113 714 4168 lex
737 4122 780 4170 εει
802 4123 828 4170 ει
852 4116 1011 4187 prophetae,
1063 4116 1147 4178 tibus,
1172 4112 1220 4168 sed
1234 4109 1445 4181 intelligentibus
1459 4107 1573 4177 dignum
1587 4103 1779 4159 testimonium
1792 4102 1860 4157 red-

224 4199 425 4268 pretiesissima
445 4203 604 4272 margarita,
625 4205 722 4257 notitia
743 4203 900 4261 salvatoris.
925 4205 1013 4277 Nego-
1063 4205 1113 4271 dit,
1138 4204 1191 4260 sub
1212 4199 1322 4257 nomine
1343 4196 1549 4270 patrisfamilias
1571 4211 1601 4252 se
1625 4209 1806 4264 comparans,
1831 4201 1860 4249 et

224 4290 309 4344 tiator
322 4297 365 4344 cst
386 4291 484 4347 similis
503 4293 637 4362 apostolo,
662 4295 708 4364 qui
727 4295 932 4352 observationes
946 4311 1014 4351 con·
1063 4296 1125 4350 illos
1148 4299 1260 4364 propter
1282 4289 1423 4345 scientiam
1446 4286 1558 4342 Scribas
1578 4299 1754 4356 noncupans.
1774 4283 1817 4338 Ae
1834 4283 1859 4339 si

224 4384 337 4450 tempsit
350 4383 481 4450 pristinas
501 4398 552 4452 pro
572 4383 682 4439 Christo
698 4404 704 4438 :
727 4400 782 4439 non
803 4387 876 4455 quod
892 4387 1013 4442 inventio
1063 4386 1157 4442 dicat:
1174 4382 1244 4449 Quia
1258 4379 1439 4443 intellexistis,
1452 4379 1514 4434 ideo
1528 4376 1590 4432 dieo
1604 4376 1695 4441 rubis,
1710 4375 1786 4446 quod
1799 4389 1860 4429 um-

225 4482 305 4522 norae
318 4471 471 4539 margaritae
485 4473 647 4527 condemnet
659 4480 763 4529 ueteres
778 4477 950 4544 margaritas,
966 4478 1015 4533 scd
1030 4477 1053 4532 n
1066 4477 1110 4532 nis
1126 4473 1222 4529 Scriba
1235 4471 1344 4532 doctus,
1365 4468 1459 4533 idest,
1481 4467 1572 4522 omnis
1585 4465 1714 4522 scribens
1728 4464 1758 4518 iu
1772 4463 1860 4518 corde

226 4557 292 4624 qnia
316 4559 518 4626 comparatione
548 4562 608 4628 ejus
631 4562 721 4618 omnis
751 4579 856 4632 gemma
880 4565 942 4622 vilis
964 4567 1011 4623 sit.

226 4647 302 4702 abitt
317 4651 469 4718 negotiator
482 4651 516 4705 de
529 4651 611 4706 durno
622 4667 672 4706 sua
687 4654 721 4707 ad
735 4653 833 4719 iorum,
847 4656 914 4710 abiit
926 4658 1012 4713 eccle·

228 4738 358 4793 siastieus
371 4737 404 4793 de
419 4741 640 4808 possessionibus
654 4742 712 4798 suis
726 4742 760 4797 ad
775 4744 895 4799 scholam
909 4746 1014 4816 sapien·

228 4827 307 4882 tium.
324 4825 371 4883 ille
384 4829 505 4884 vendidit
520 4833 619 4894 omnia,
640 4832 694 4887 iste
707 4835 873 4889 renuntiarit
886 4837 1013 4894 omnibus

228 4924 256 4970 et
281 4917 335 4972 sihi
359 4916 428 4988 ipsi;
451 4920 515 4989 quia
539 4921 619 4976 tinius
644 4921 726 4990 hujus
747 4923 893 4980 desiderati
915 4926 1013 4995 lapidis

229 5007 357 5075 pretinm,
374 5008 471 5078 reliqui
493 5009 594 5066 laboris
611 5012 719 5081 jactura
732 5021 774 5070 cst
788 5015 1011 5084 comparandum.

230 5095 354 5168 [Reate]
382 5097 488 5153 illiter:
515 5098 598 5164 Quasi
622 5102 708 5158 bonas
730 5103 890 5173 margaritas
913 5105 1013 5174 quaeris

230 5187 441 5251 sanctosviros,
463 5189 563 5258 quibus
583 5190 771 5255 coniormeris,
796 5195 838 5248 rel
858 5193 929 5248 bona
944 5210 1014 5264 prae-

230 5285 308 5346 cepta
323 5293 371 5332 seu
388 5279 545 5347 spirituales
565 5282 729 5347 intellectus,
752 5284 780 5337 iu
798 5279 898 5353 quibus
920 5287 955 5340 sit
969 5300 1014 5342 sa·

230 5367 287 5420 lus.
304 5365 413 5422 iuuenis
428 5369 519 5439 itaque
532 5385 589 5439 prae
602 5371 730 5426 ominibus
744 5373 890 5440 pretiosam
905 5387 1014 5442 marga-

229 5455 312 5508 ritum
326 5455 476 5522 Christum,
496 5467 522 5514 et
542 5441 617 5514 inter
629 5467 763 5531 praecepta
777 5461 932 5515 mandatum
946 5461 1014 5515 dile-

230 5545 329 5601 ctionis
344 5553 425 5616 atquc
440 5564 523 5620 supra
545 5564 652 5606 omnem
669 5552 836 5607 intellectum
850 5551 952 5620 reperis
966 5565 1014 5620 pe—

230 5640 337 5688 netrata
360 5637 452 5694 carnis
474 5641 612 5698 testudine
636 5641 801 5698 intellectum
824 5641 915 5706 uerbi,
940 5641 1013 5710 quod

228 5723 283 5777 crit
294 5723 365 5794 apud
378 5724 472 5783 Deum.

1064 4581 1114 4622 suo
1127 4578 1188 4635 quae
1201 4577 1217 4615 a
1232 4576 1276 4616 me
1290 4557 1376 4622 audit,
1400 4558 1471 4612 sicut
1485 4572 1535 4612 ros
1548 4563 1576 4611 et
1590 4554 1637 4610 alii
1652 4554 1682 4608 in
1698 4569 1788 4625 regne
1799 4567 1860 4608 coe·

1063 4657 1162 4718 lorum,
1178 4650 1251 4723 quod
1265 4658 1307 4706 est
1321 4647 1452 4711 Ecclesia,
1467 4646 1565 4702 similis
1578 4652 1621 4702 est
1634 4645 1714 4711 mihi,
1729 4647 1780 4716 qui
1795 4659 1859 4700 sum

1064 4742 1271 4815 paterfamilias,
1290 4741 1355 4811 quia
1374 4738 1506 4792 Dominus
1524 4737 1707 4801 exercituum,
1726 4736 1859 4791 videlicet

1063 4832 1205 4888 hominum
1218 4837 1246 4884 et
1259 4830 1426 4900 angelornm,
1446 4837 1474 4884 et
1487 4828 1535 4898 qui
1550 4825 1661 4897 profero
1674 4824 1710 4880 de
1722 4825 1859 4880 thesauro

1063 4919 1156 4976 cordis
1174 4919 1227 4973 mei
1245 4933 1315 4972 nova
1333 4926 1360 4973 et
1380 4925 1482 4982 nemra,
1502 4917 1530 4973 id
1545 4923 1590 4972 est
1605 4914 1677 4970 Nori
1695 4922 1725 4970 et
1746 4913 1860 4970 Veteris

1064 5009 1231 5067 Testamenti
1255 5009 1407 5064 seientiam
1432 5008 1554 5078 Apostoli
1576 5021 1689 5078 qnoque
1712 5006 1857 5068 instructi,

1064 5115 1127 5154 cum
1141 5098 1322 5169 predicarent
1336 5097 1524 5169 Evangelinm,
1539 5095 1763 5167 comprobabant
1776 5095 1857 5157 iliud,

1063 5190 1137 5260 quod
1150 5190 1184 5245 de
1195 5191 1324 5257 thesauro
1337 5190 1470 5245 doctrina
1482 5188 1642 5252 eliciebant,
1664 5187 1736 5256 legis
1749 5185 1784 5242 et'
1793 5201 1859 5256 pro-

1063 5281 1206 5350 phetarum
1227 5282 1349 5337 vocibus.
1373 5278 1518 5352 [Gerena]
1543 5279 1660 5334 Aliter:
1686 5277 1779 5335 Vetus
1806 5276 1859 5331 luit

1063 5369 1210 5424 humanum
1222 5387 1307 5441 genus
1320 5371 1354 5425 ad
1368 5370 1475 5426 inierna
1488 5369 1670 5436 descendere,
1681 5367 1793 5424 Noram
1801 5374 1855 5426 cst.

1064 5473 1176 5528 regnum
1190 5460 1320 5514 coelornm
1341 5461 1416 5530 inste
1437 5461 1560 5516 niventes
1581 5466 1741 5530 penetrare.
1752 5457 1858 5513 Prndi-

1063 5558 1211 5621 eaturergo
1222 5551 1329 5617 ductus,
1343 5558 1371 5606 et
1384 5567 1455 5607 nara
1468 5551 1521 5608 scit
1535 5549 1661 5621 prolerre
1675 5550 1855 5608 desnaritate

1064 5641 1151 5710 regni,
1165 5649 1192 5696 ct
1205 5649 1310 5696 uetusta
1327 5641 1480 5698 deterrere
1500 5641 1641 5713 supplicii,
1658 5651 1691 5697 ut
1708 5643 1754 5699 rel
1768 5655 1855 5713 poena·

1066 5735 1194 5796 terreant,
1209 5745 1278 5805 quos
1288 5732 1399 5802 praemia
1410 5747 1465 5788 non
1477 5732 1606 5787 inritant.

1965 5647 1967 5657 i

1965 5668 1967 5705 l

1965 5712 1967 5731 l
