3967 6334
157 330 224 389 llil
913 316 1003 385 illu.
1711 326 1782 387 llus

154 446 207 503 lius
221 444 459 517 magnanimitate,
475 458 531 499 non
541 442 702 514 obstupuit,
715 453 770 499 non
793 442 855 513 ejus
878 458 946 499 con·
959 455 982 511 Α
998 442 1148 500 intentione
1163 443 1198 499 ad
1212 456 1244 500 ea
1266 453 1328 515 quac
1347 444 1510 502 dicebantur
1534 460 1693 518 suspensos.
1722 448 1782 515 Quo

153 536 258 609 cupisit
270 538 406 609 colloquio
420 536 486 601 lrui,
501 536 617 592 consilio
630 534 746 591 instrui?
760 533 856 591 Nonne
878 534 944 591 huic
996 533 1073 589 unito
1086 534 1233 606 colloquio,
1245 535 1382 590 volentem
1411 536 1487 592 illum
1515 550 1608 607 regem
1635 535 1781 602 deducere,

154 628 355 687 famosissimus
369 645 416 686 rer
432 629 532 685 Siciliae
542 626 782 699 llogeruslitteras
794 618 870 683 misit
879 642 945 697 sup-
994 642 1050 681 non
1064 636 1106 683 est
1119 642 1219 697 passus
1234 627 1294 683 loco
1310 628 1424 693 moueri,
1452 628 1495 684 rel
1511 628 1577 684 sella
1605 642 1781 701 consurgere.

154 724 239 795 plicas
245 732 273 781 et
280 723 495 795 deprecatorias,
507 738 540 778 ac
550 735 664 777 munera
678 720 944 777 destinavitlllonne
996 718 1058 774 llaec
1071 718 1133 775 ideo
1146 718 1272 784 dixerim,
1288 726 1319 773 ut
1330 720 1418 776 sciant
1430 720 1530 788 aemuli,
1549 718 1662 777 audiant
1676 721 1800 807 obtrec-¹

152 816 264 889 cognito
277 822 340 888 post
354 816 412 871 lraec
428 814 473 887 pio
486 815 547 886 ejus
574 814 767 886 peregrinandi
795 812 942 880 desiderio,
994 815 1108 877 tatores,
1123 813 1203 883 cujus
1225 812 1297 885 apud
1313 829 1390 885 reges
1404 814 1468 881 loci,
1496 823 1604 887 quantae
1625 816 1784 873 reuerentiae

154 906 193 963 illi
209 907 371 982 praepararit
381 907 545 963 occurrere?
556 905 768 963 Potentissimus
778 922 886 979 quoquc
896 919 945 964 rea
995 904 1067 976 apud
1077 906 1223 977 optimates
1236 906 1380 963 exstiterit.

153 997 304 1070 Anglorum
319 996 453 1054 ilenrieus
468 997 624 1053 nonneriri
648 997 729 1054 istius
752 997 874 1052 amicitia
886 998 944 1069 glo-
1030 995 1076 1053 lx,
1110 995 1189 1053 llunc
1220 998 1309 1053 cultor
1325 998 1464 1070 religionis
1493 1014 1584 1055 comes
1613 998 1784 1057 blesensium

153 1092 287 1157 riabatrrr,
295 1097 322 1146 et
331 1089 516 1146 familiaritate
524 1088 778 1161 gaudebatilionne
789 1088 862 1145 hunc
872 1092 945 1161 apud
996 1091 1167 1149 Tlreobaldus
1183 1092 1272 1149 modis
1290 1091 1416 1148 omnibus
1438 1091 1600 1157 honorabat,
1623 1091 1697 1148 hubo
1712 1092 1784 1164 apud

153 1180 322 1238 Francorum
335 1198 427 1254 regem
441 1180 611 1238 Ludovicum
633 1181 812 1238 mediatorem
838 1181 901 1246 sibi,
918 1192 945 1239 et
993 1196 1072 1254 reges
1084 1178 1252 1239 Francorum
1280 1182 1441 1239 advocatum
1468 1181 1635 1253 producebat
1658 1180 1783 1237 unicum.

152 1276 231 1347 pacis
245 1276 385 1345 vinculum
399 1276 598 1331 constituerat?
612 1275 654 1330 Ad
667 1290 748 1346 quem
762 1289 812 1346 pro
841 1275 946 1330 utrius·
994 1273 1107 1341 Quoties
1119 1274 1159 1329 illi
1174 1273 1381 1346 unuegnvornm
1394 1289 1498 1338 comcs,
1513 1280 1541 1329 ct
1563 1272 1786 1329 Normatmorum

152 1385 209 1442 que
223 1370 381 1442 regnrpace
393 1372 501 1443 quoties
527 1370 705 1433 accessisset,
720 1386 767 1427 rex
792 1370 830 1426 illi
846 1377 945 1442 praeter
993 1365 1048 1421 dux
1064 1364 1229 1431 Gauiredus,
1246 1374 1310 1421 voto
1325 1364 1492 1421 blandientis
1506 1364 1608 1436 pariter
1624 1374 1649 1420 et
1661 1363 1785 1435 rogantis

153 1477 260 1519 morem
275 1477 354 1517 suum
370 1474 447 1519 extra
470 1463 601 1534 palatium
625 1463 797 1526 occurrebat,
820 1470 902 1535 atque
916 1464 945 1518 in
993 1458 1093 1515 direxit
1106 1459 1228 1524 nuntios,
1243 1458 1351 1529 quoties
1371 1458 1411 1512 illi
1425 1472 1508 1512 manu
1533 1456 1643 1529 propria
1666 1455 1785 1513 humiles

152 1553 215 1623 ejus
224 1553 389 1626 properabat
403 1555 545 1625 amplexus
556 1554 675 1627 :quippe
688 1555 944 1626 cujuscolloquium
995 1551 1107 1624 scripsit
1122 1550 1239 1617 litteras,
1251 1551 1280 1606 in
1294 1550 1405 1623 quibus,
1422 1564 1484 1605 cum
1500 1557 1574 1607 esset
1587 1562 1651 1605 acer
1663 1548 1783 1621 ingenio,

151 1646 297 1717 quibusvis
311 1645 472 1717 praelerebat
481 1646 590 1717 opibus.
606 1643 660 1702 Sed
673 1653 701 1702 et
720 1638 805 1703 David
834 1648 944 1719 religio·
993 1644 1086 1700 animo
1099 1643 1175 1700 ierus
1190 1658 1222 1700 ac
1237 1652 1400 1715 praepotens,
1417 1643 1517 1713 sapius
1531 1642 1607 1697 illum
1616 1653 1666 1698 suo
1678 1639 1785 1696 nomini

152 1754 204 1795 sus
221 1737 366 1795 Scotorum
378 1754 428 1794 rex
442 1739 540 1794 exenia
557 1738 598 1793 illi
612 1753 675 1794 cum
688 1739 813 1809 epistolis
826 1738 944 1794 familia·
993 1737 1151 1809 praeposuit.
1169 1735 1257 1793 Ambo
1272 1736 1364 1807 itaque
1378 1734 1510 1790 nominati
1538 1735 1632 1799 disces,
1662 1748 1726 1788 cum
1739 1748 1785 1789 es·

151 1830 233 1886 ribus
246 1830 356 1896 direxit,
371 1830 484 1887 marinae
504 1830 610 1887 seilicet
636 1832 733 1888 belluae
751 1831 847 1889 dentes
868 1832 946 1887 mirae
959 1820 981 1884 b
995 1839 1055 1887 sent
1070 1843 1121 1886 suo
1135 1837 1257 1900 tempore
1270 1827 1451 1899 potentissimi
1463 1867 1470 1890 ,
1483 1826 1549 1882 huic
1564 1826 1624 1882 tiro
1647 1838 1697 1896 pro
1716 1839 1785 1897 paca

152 1922 364 1994 magnitudinis,
378 1930 406 1979 et
421 1939 475 1979 non
491 1924 569 1995 parri
582 1923 673 1996 pretii.
689 1922 763 1990 vidi,
791 1924 847 1981 Deo
864 1929 945 1990 teste,
997 1938 1047 1978 sua
1063 1920 1218 1978 referebant
1243 1918 1356 1991 gratias,
1384 1925 1412 1975 et
1435 1932 1582 1989 regnorum
1609 1916 1785 1973 concordiam

149 2013 210 2070 vidi
225 2014 373 2085 aliquando
383 2014 447 2071 huic
459 2016 488 2071 in
501 2015 600 2071 humili
615 2013 790 2088 subpedaneo
811 2016 944 2073 residenti
997 2014 1152 2084 specialiter
1168 2012 1352 2069 ascribebant.
1368 2010 1401 2066 lit
1415 2018 1499 2077 certe,
1517 2010 1612 2067 nescio
1626 2016 1720 2065 utrum
1734 2009 1786 2063 ali-

150 2103 324 2163 Frsncorum
338 2124 430 2181 wem
439 2116 597 2166 reverenter
611 2109 751 2175 assistere,
782 2109 945 2181 optimatum
997 2108 1041 2163 cui
1056 2106 1168 2163 Petrum
1181 2105 1395 2177 praecedentium
1409 2102 1498 2175 magis
1512 2102 1557 2158 illa
1572 2102 1786 2158 conveniatlec·

150 2198 352 2257 circumstante
361 2215 474 2267 corona,
483 2201 592 2259 ethunc
604 2202 685 2274 quasi
693 2202 945 2274 inferioribus‘prse-
995 2201 1035 2256 tio
1047 2220 1054 2257 :
1065 2199 1100 2255 Et
1113 2201 1141 2255 in
1158 2209 1271 2272 tempore
1281 2198 1427 2255 iracundie
1447 2198 1532 2253 ‘octus
1545 2206 1584 2252 ert
1595 2194 1786 2252 reconciliatio·

150 2297 233 2363 oepta
247 2291 405 2360 dictantem,
420 2294 482 2351 illos
495 2309 561 2351 uero
574 2310 638 2350 cum
663 2294 739 2349 omni
752 2295 893 2358 diligentia
917 2302 946 2350 et
993 2296 1035 2350 nis
1051 2304 1152 2351 auctor.

660 2447 840 2536 LIBER
875 2446 1202 2539 SECUNDUS.

189 2616 212 2676 l.
229 2614 314 2674 Plura
329 2613 447 2674 fortasse
474 2633 557 2690 quarn
573 2617 665 2673 aemuli
678 2623 810 2689 cuperent
836 2616 870 2674 de
883 2616 944 2672 viro
998 2616 1097 2689 quibus
1112 2618 1159 2673 alii
1172 2618 1282 2689 quidem
1296 2632 1454 2691 corporum,
1482 2616 1529 2675 alii
1547 2634 1613 2677 vero
1632 2636 1785 2679 animarum

150 2707 302 2765 venerabili
314 2706 459 2777 scripsisse
471 2705 530 2778 jam
539 2704 645 2772 videor,
660 2720 711 2762 nec
724 2705 824 2761 desunt
843 2705 944 2776 quibus
998 2711 1108 2780 aliquod
1123 2712 1300 2783 reportabant
1316 2712 1478 2769 subsidium.
1490 2712 1587 2769 Nullus
1601 2713 1637 2769 ab
1660 2728 1693 2769 eo
1715 2728 1785 2771 mce-

150 2799 218 2865 ista,
232 2798 297 2855 licet
310 2798 467 2863 verissima,
477 2812 609 2875 nauseam
620 2805 760 2868 generent.
769 2796 829 2868 lpse
835 2812 944 2868 quoque
997 2809 1067 2869 stus,
1083 2805 1175 2859 nullus
1189 2820 1293 2861 vacuus
1307 2806 1461 2862 recedebat.
1477 2805 1564 2873 Quam
1580 2805 1709 2878 largusin
1719 2821 1785 2879 pau-

149 2892 335 2950 hociuturum
347 2892 535 2965 praevideram,
553 2891 806 2949 sedhiscontentus
816 2906 939 2948 nonero.
996 2909 1085 2964 peres,
1101 2896 1175 2953 circa
1188 2911 1275 2968 aegros
1290 2910 1372 2967 quam
1387 2897 1543 2953 misericors
1565 2897 1658 2963 luerit,
1673 2904 1729 2953 tam
1739 2913 1784 2955 re·

149 2985 260 3042 Addam
276 2986 350 3043 enim
364 2985 557 3052 libentissime,
572 2984 690 3056 eoquod
705 2984 740 3039 ab
751 2971 824 3041 illius
837 3000 942 3039 merno-
996 2993 1070 3041 mota
1084 3000 1166 3057 quam
1185 2988 1336 3060 propinqua
1356 2993 1492 3044 testantur
1505 2990 1681 3046 monasteria.
1697 2988 1785 3057 Quam

150 3077 196 3133 ria
211 3076 358 3133 diltieulter
371 3078 492 3134 avellar:
508 3085 579 3134 utet
593 3076 641 3149 qui
656 3092 712 3133 non
725 3084 839 3142 norunt,
854 3084 942 3133 totum
958 3115 980 3174 c
996 3077 1078 3135 luerit
1092 3078 1213 3135 liberalis
1227 3080 1256 3133 in
1272 3095 1378 3145 omnes,
1394 3080 1422 3135 in
1435 3087 1555 3148 exteros,
1570 3082 1599 3137 in
1622 3083 1695 3139 eires
1707 3096 1783 3148 suot,

151 3171 180 3228 si
192 3169 252 3227 lieri
264 3172 362 3243 possit,
372 3187 435 3228 eum
448 3178 612 3243 agnoscant;
624 3179 652 3227 et
666 3170 713 3243 qui
725 3178 838 3237 norunt,
850 3186 945 3243 recog·
997 3170 1165 3228 sufficienter
1174 3188 1256 3264 penio
1267 3172 1377 3230 reseret.
1406 3172 1502 3230 Nonne
1521 3174 1652 3231 indicium
1672 3175 1785 3235 evidens

150 3271 283 3322 noscant.
300 3262 364 3319 Scio
377 3263 450 3320 enim
466 3263 687 3336 quamplurimis,
699 3264 834 3336 quidquid
846 3264 947 3335 ineius
997 3274 1039 3321 est
1059 3265 1230 3321 liberalitatis
1246 3266 1306 3337 ejus
1321 3267 1442 3330 eximiae.
1457 3266 1486 3323 in
1499 3265 1621 3324 Ecclesia
1636 3267 1786 3327 barisiensi

151 3355 265 3412 laudern
290 3362 449 3422 tentavero,
475 3354 534 3412 iore
562 3355 760 3428 gratissimum.
784 3355 845 3413 Non
874 3356 948 3429 quod
998 3355 1064 3411 illud
1078 3372 1112 3413 er
1129 3358 1198 3412 vitro
1212 3370 1281 3429 opus
1291 3356 1518 3430 irrsignelllnum
1533 3359 1641 3432 quidem
1655 3367 1708 3426 est,
1736 3362 1786 3419 sed

151 3447 218 3519 ejus
229 3463 314 3520 opera
327 3448 455 3505 universa
470 3455 497 3506 et
507 3448 623 3505 virtutes
635 3450 760 3522 egregias
768 3450 839 3505 scire
852 3456 948 3518 potue*
997 3461 1053 3501 non
1068 3446 1166 3502 solum.
1183 3446 1250 3501 Nam
1265 3448 1381 3519 plurima
1396 3447 1583 3518 hujuscemodi
1595 3450 1788 3509 exstantilliua

152 3540 222 3606 rim,
239 3539 289 3596 sed
314 3555 350 3595 no
363 3540 472 3595 illorum
494 3541 604 3612 quidem
626 3541 736 3613 aliquis,
750 3541 799 3613 qui
813 3548 878 3597 ante
903 3556 948 3596 me
997 3551 1091 3608 opera,
1106 3552 1167 3609 quae
1182 3538 1308 3609 pluribus
1318 3538 1346 3594 in
1358 3538 1426 3595 locis
1436 3546 1558 3599 nontam
1569 3539 1700 3597 exdebito
1710 3539 1786 3609 lecit,

151 3630 238 3702 longo
258 3630 297 3686 illi
313 3630 485 3687 adhaescrunt
499 3638 622 3703 tempore
643 3631 772 3703 equibus
799 3632 881 3689 hodie
907 3632 948 3687 ri·
997 3642 1079 3699 quam
1093 3628 1189 3699 gratia.
1207 3627 1274 3695 Quis
1286 3642 1407 3699 unquam
1422 3627 1456 3685 ad
1468 3644 1532 3686 enm
1542 3628 1617 3699 justa
1634 3630 1787 3702 postulatu-

153 3722 257 3779 dentor
271 3738 417 3794 superesse
430 3723 600 3793 paucissimi.
611 3722 672 3779 iam
686 3723 789 3796 quippe
814 3723 853 3779 illi
869 3724 948 3781 canis
997 3734 1046 3775 rus
1062 3720 1188 3785 accessit,
1199 3720 1247 3791 qui
1261 3735 1316 3775 non
1328 3719 1403 3776 abeo
1413 3719 1527 3777 hilarior
1540 3720 1788 3779 abscesserittuut

152 3822 240 3886 capot
253 3813 419 3878 albescebat,
430 3814 540 3884 quando
554 3830 598 3870 mc
605 3815 777 3872 celsitudinis
787 3830 844 3872 suae
852 3815 948 3887 digna·
997 3816 1071 3871 enim
1084 3830 1134 3886 ope
1143 3822 1206 3870 rota
1213 3815 1408 3885 postulantium
1420 3814 1550 3887 implerit,
1563 3824 1609 3871 aut
1620 3831 1669 3889 spe
1679 3818 1787 3875 meliori

152 3914 203 3964 tns
213 3914 256 3964 est
270 3908 421 3965 consortio.
433 3906 533 3975 Quidni
548 3910 636 3980 gratia
650 3908 690 3965 illi
703 3924 754 3981 pro
781 3924 862 3981 posse
877 3908 949 3966 rele-
997 3910 1190 3965 conuenienter
1203 3906 1580 3978 demulsitzpuleberrimnm
1591 3909 1788 3982 judicansom·

153 4000 235 4057 nmi
246 4000 343 4073 quidni
358 4006 436 4056 tanto
455 4001 517 4071 ejus
538 4001 643 4056 nomini
663 4017 772 4073 semper
787 4002 949 4074 assurgam?
997 4002 1043 4058 nia
1057 4008 1198 4074 praestare,
1216 4000 1284 4055 nihil
1297 4000 1432 4072 exigere..

154 4078 354 4162 quihominem
368 4091 554 4163 peregrinum,
570 4092 714 4157 adranam,
726 4099 754 4148 ct
775 4107 889 4163 prorsus
903 4092 958 4148 in·-
1032 4092 1312 4163 liberorumne
1326 4100 1432 4151 tantum
1460 4093 1619 4151 monasterii
1633 4101 1728 4167 pastor
1743 4093 1787 4152 di-

154 4182 281 4255 dignum,
310 4198 361 4239 suo
387 4182 559 4239 iamiliariter
574 4182 687 4239 admisit
709 4185 898 4254 contubernio,
921 4192 948 4241 et
998 4194 1116 4253 seretur,
1130 4193 1158 4243 et
1170 4196 1253 4253 esset,
1268 4186 1390 4243 omnium
1405 4186 1507 4257 pariter
1520 4184 1704 4243 Ecclesiamm
1717 4200 1787 4259 qua·

154 4288 260 4331 mensae
275 4273 434 4347 frequenter
447 4274 583 4333 adhibuit.
597 4274 676 4333 Unde
689 4276 948 4334 satisanimadrerti
997 4295 1162 4352 quarersum
1176 4280 1204 4335 in
1229 4295 1315 4352 regno
1327 4279 1547 4347 consistentium,
1562 4280 1721 4336 continuam
1739 4294 1787 4352 ge·

154 4364 249 4432 datur,
263 4365 337 4438 quod
357 4382 442 4439 penes
466 4367 542 4423 illum
557 4368 681 4440 acceptio
694 4384 877 4441 personarum
891 4384 948 4426 non
997 4373 1076 4431 rebat
1088 4372 1298 4431 sollicitudinem
1315 4378 1343 4429 et
1365 4386 1460 4429 curam
1481 4387 1538 4430 non
1558 4364 1695 4431 modicam
1713 4373 1786 4430 :bas

155 4455 253 4515 inerit.
962 4474 1097 4538 pregens
1124 4464 1250 4531 consilio.
1279 4464 1346 4521 alias
1373 4465 1463 4523 victus
1488 4465 1631 4526 bembcio.
1642 4466 1701 4525 lloc
1723 4474 1787 4525 ante

192 4545 226 4604 ll.
245 4547 298 4616 Qui
313 4549 357 4604 uir
370 4548 519 4621 gloriosus,
540 4550 670 4623 quoniam
693 4567 744 4625 pro
766 4552 885 4625 publicis
903 4551 947 4609 vel
997 4557 1090 4615 omnia
1102 4572 1216 4623 curans,
1233 4572 1268 4614 ne
1292 4556 1391 4613 alicubi
1404 4558 1544 4617 rideretur
1555 4560 1707 4630 intepuisse
1718 4560 1785 4617 reli·

155 4641 235 4714 regni
249 4642 293 4699 rel
307 4640 438 4699 Ecclesia
451 4644 615 4701 utilitatibus
630 4648 797 4704 monasterio
819 4647 948 4720 irequen·
998 4652 1052 4721 gio.
1070 4648 1104 4705 Et
1114 4650 1300 4722 indigentibus
1327 4650 1436 4722 quidem
1447 4666 1570 4709 annonas
1591 4652 1786 4711 subministra·

155 4734 215 4791 tius
228 4735 378 4806 cogebatur
391 4736 498 4802 abesse,
512 4736 546 4793 de
559 4736 690 4795 iratribus
709 4740 891 4797 constituerat
905 4740 947 4796 ri·
997 4742 1054 4807 bat,
1066 4742 1128 4800 aliis
1142 4742 1319 4800 construebat
1326 4742 1460 4810 cilicinas,
1471 4752 1584 4825 eratqqe
1599 4746 1785 4817 spectaculum

157 4842 209 4909 roa
220 4826 361 4899 probatos,
373 4835 400 4884 et
414 4829 473 4886 zelo
483 4830 576 4887 divino
589 4846 748 4901 succensos,
761 4833 810 4905 qui
824 4834 853 4891 in
866 4849 949 4908 grege
997 4834 1026 4889 in
1034 4843 1183 4907 conspectu
1192 4836 1349 4907 angelorum
1357 4835 1552 4910 hominumque
1560 4838 1784 4910 pulcherrimum

157 4920 214 4976 sibi
227 4918 334 4977 credito
347 4919 472 4978 doctrina
483 4931 511 4980 et
524 4924 656 4995 exemplis
675 4926 763 4982 ricem
788 4927 948 4999 supplerent
998 4940 1060 4985 cum
1075 4930 1123 4985 unl
1136 4945 1232 4987 omnes
1246 4930 1350 4988 homini
1363 4941 1494 5003 tanquam
1507 4931 1671 4991 firmissimae
1685 4934 1786 4993 innite-

157 5012 291 5071 absentis.
301 5013 332 5071 ln
346 5017 446 5089 quibus
457 5018 649 5090 promovendis
657 5034 712 5075 non
718 5036 805 5091 genus
813 5021 945 5093 respexit,
998 5028 1093 5076 rentur
1104 5022 1248 5088 columnae,
1260 5038 1410 5095 omnesque
1419 5038 1454 5079 ex
1465 5023 1512 5080 illo
1525 5026 1697 5097 tanquamde
1710 5026 1786 5085 tonte

156 5121 214 5162 non
228 5108 363 5180 patriam;
378 5110 427 5166 sed
442 5126 558 5183 quorum
573 5112 658 5167 uitam
671 5112 842 5185 probaverat,
854 5113 905 5170 bos
918 5121 947 5170 et
997 5110 1139 5168 haurirent
1156 5113 1334 5185 largissimo.
1363 5112 1450 5181 Quem
1471 5130 1568 5173 omnes
1594 5126 1650 5173 tam
1677 5132 1729 5191 pro
1755 5134 1786 5175 se

156 5197 306 5269 promouit.
316 5192 347 5254 ld
361 5215 395 5255 ex
408 5215 442 5256 eo
455 5200 520 5257 licet
533 5200 712 5273 perpendere,
728 5202 802 5275 quod
811 5202 946 5261 llerreum
997 5219 1080 5275 quam
1092 5220 1176 5276 supra
1198 5220 1228 5262 se
1251 5220 1312 5263 csse
1330 5205 1475 5275 sciebant,
1497 5209 1611 5281 eiusque
1624 5226 1719 5267 curam
1734 5228 1785 5285 pro

156 5304 265 5361 mam
279 5292 436 5349 sanctitatis
448 5300 476 5350 et
488 5291 871 5365 miraesitnplieitatisvirum,
882 5296 948 5353 licet
998 5295 1111 5353 salute..
1125 5295 1294 5369 singulorum
1319 5304 1401 5371 atque
1427 5300 1620 5359 uniuersorum
1647 5302 1785 5359 excubare

156 5380 251 5439 minus
263 5382 428 5450 litteratum,
440 5383 556 5440 fratrum
569 5393 660 5443 tamen
667 5387 870 5461 congregationi
881 5402 948 5460 prae·
996 5387 1126 5460 quotidie.

156 5470 234 5542 lecit,
257 5491 314 5533 non
339 5475 473 5550 ignorans
494 5477 568 5549 quod
593 5478 708 5536 scientia
732 5481 833 5553 sapius
858 5480 945 5549 inilat,
1033 5478 1066 5538 V.
1084 5480 1209 5548 Quantus
1224 5480 1251 5537 in
1267 5482 1325 5548 illo,
1339 5481 1494 5551 lesubone,
1509 5486 1588 5559 rigor
1607 5494 1678 5555 erat,
1692 5504 1783 5561 quan·

108 5618 116 5639 ,
157 5566 280 5625 charitas
294 5582 402 5639 semper
415 5568 542 5627 aedilicat.
995 5579 1056 5629 *tum
1066 5573 1166 5629 animil
1194 5572 1233 5630 Eo
1254 5590 1321 5633 sane
1347 5578 1522 5649 procedente,
1551 5580 1729 5653 diffugiebant
1742 5591 1784 5660 ty·-

193 5656 238 5715 itt.
256 5657 320 5717 Sive
332 5660 410 5737 dorni¹
421 5672 491 5729 erat‚
509 5662 654 5731 siccioris,
665 5665 773 5725 uidmes
784 5668 891 5731 adeun
901 5682 950 5725 cu-
998 5666 1090 5732 ῐωιηί,
1105 5666 1343 5727 abscondebantur
1357 5672 1530 5731 tenebrarum
1552 5673 1600 5731 ulii
1617 5682 1645 5733 ei
1655 5708 1657 5715 ·
1668 5674 1702 5733 ud
1720 5690 1783 5733 eum

158 5749 258 5825 iusque
277 5752 385 5812 ordinis
409 5761 437 5813 ct
464 5754 610 5840 religionis
633 5759 728 5818 turbas
752 5759 948 5837 convolsaell
971 5758 1312 5851 ,certatim-continebant
1331 5762 1466 5837 dlii-lucis
1482 5766 1644 5827 etilliidiei.
1661 5768 1782 5827 'loturo
