3967 6334
277 387 335 445 idi

279 518 349 561 mc:
364 500 439 577 laser
448 504 560 577 digitum
572 514 647 559 taem
659 504 721 569 isc,
734 515 759 561 et
771 504 831 561 ride
842 519 938 563 manae
948 522 1032 571 meac,
1047 512 1073 560 et
1086 508 1111 567 Α

280 596 347 666 aper
361 613 469 651 manem
482 605 571 662 team,
586 605 612 652 et
627 598 702 653 mitte
719 600 748 653 in
762 599 836 655 latae
851 616 955 665 mam,
973 608 999 655 et
1015 598 1071 657 aad

279 705 336 745 etse
347 686 510 755 incredulas,
525 687 571 746 sed
582 688 680 760 fidelis.

313 779 420 849 G⁰fP¹¹³
430 779 537 836 ⁰⁰¹⁰i¹¹i
548 780 661 836 mmm
673 780 708 835 Μ
720 780 986 853 ἀίεοίρῦιοψῃὼ
996 783 1072 887 ω’
1121 828 1219 896 riadic,
1236 830 1417 900 manifestavit
1445 840 1533 887 autem
1548 830 1601 885 sic:
1616 828 1702 884 Erant
1718 828 1804 884 simul
1819 824 1903 883 Sitrae

279 870 330 938 sis,
346 871 420 951 quod
434 872 665 943 pernatiuitatem
679 872 775 929 clauso
795 874 864 931 exiit
883 882 964 931 utero
984 874 1071 948 uirgis

278 966 333 1023 nis.
347 964 403 1021 Nec
419 964 520 1021 mirum
536 967 561 1024 si
581 966 611 1023 ia
631 973 766 1021 eternum
785 966 923 1033 uicturus,
934 967 970 1024 ad
983 968 1072 1025 disci«

240 1088 245 1098 ·
277 1058 358 1131 pulos
376 1058 498 1122 intrauit,
511 1060 559 1131 qui
572 1059 726 1116 moriturus
745 1059 842 1116 clauso
860 1059 975 1132 virginis
990 1065 1071 1115 atero

275 1152 372 1207 exivit.
382 1151 441 1209 Duo
452 1152 522 1208 mira
533 1153 613 1223 juxta
623 1154 772 1208 humanam
783 1156 920 1211 rationem
926 1154 979 1211 sibi
990 1153 1071 1211 ualde

275 1244 418 1299 contraria
432 1242 564 1301 Dominus
582 1244 714 1311 ostendit,
732 1245 797 1300 dum
810 1254 873 1316 post
889 1246 1070 1303 resurrectio·

276 1351 341 1391 nem
352 1350 430 1391 suam
445 1351 545 1407 corpus
565 1351 647 1392 sunm
668 1336 878 1407 incorruptibile
891 1344 919 1394 et
934 1336 1070 1409 palpabile

276 1428 488 1484 demonstravit.
509 1427 578 1484 Nam
592 1436 620 1486 et
634 1431 775 1501 corrumpi
798 1445 911 1485 necesse
929 1436 972 1487 est
996 1430 1069 1500 quod

276 1520 415 1591 palpatur,
430 1525 458 1576 et
474 1521 579 1593 palpari
593 1536 650 1577 non
661 1529 751 1594 potest
771 1521 844 1592 quod
867 1537 922 1577 non
943 1534 1070 1577 corrum-

276 1612 362 1683 pitur.
375 1611 428 1668 Sed
436 1614 508 1669 miro
519 1612 777 1685 modolledemptor
787 1620 881 1669 noster
888 1611 1069 1669 monstrando

276 1720 308 1760 se
330 1705 569 1777 incorruptibilem
595 1707 732 1777 apparuit,
757 1713 787 1762 nt
810 1721 862 1762 nos
884 1706 1013 1761 invitaret
1034 1705 1068 1760 ad

276 1798 431 1869 praemium,
443 1806 472 1855 et
484 1798 647 1870 palpabilem
667 1815 697 1855 se
707 1798 823 1869 praebuit
845 1808 874 1853 ut
888 1797 1020 1853 formaret
1033 1796 1068 1852 ad

276 1890 368 1955 tidem,
379 1890 573 1947 demonstrans
585 1893 686 1962 c‘orpus
699 1908 779 1947 suum
787 1900 814 1947 ct
826 1891 950 1962 eiusdem
965 1898 1070 1946 nature

276 1996 339 2038 esse
352 1992 380 2039 et
394 1984 509 2040 alterius
523 1984 626 2057 gloriae.

314 2095 439 2151 [licinum
453 2097 555 2167 factum
569 2114 622 2152 aaa
637 2107 677 2153 est
687 2096 810 2152 mirabile
821 2097 944 2163 maltam,

313 2186 344 2242 Si
358 2189 461 2243 ratione
470 2191 530 2259 capi
543 2197 632 2261 queat,
645 2198 692 2241 aat
706 2189 810 2243 ratione
823 2187 943 2260 predari,

314 2278 371 2339 Nec
381 2278 445 2351 fidei
459 2282 559 2338 meritis
574 2292 614 2337 eet
624 2298 742 2353 canarno
753 2284 792 2337 air
804 2282 927 2338 rationis.

611 2436 664 2527 l.
699 2419 747 2532 n

764 386 953 450 ZACHARIAE
971 386 1275 447 tdutsarottttllt
1292 386 1451 445 briscam

1381 500 1496 561 CAPUT
1514 498 1653 558 ctllxlx.

1374 610 1429 700 l.
1463 592 1514 706 ’d
1541 612 1594 699 ι.
1630 592 1662 643 ³⁰

1160 734 1255 793 Postea
1270 736 1486 807 manifestabitur
1501 739 1596 793 iterum
1607 736 1686 793 decas
1700 734 1737 791 ad
1746 750 1823 791 mare
1837 733 1903 791 l'iie

1121 920 1216 978 Petrus
1230 929 1256 977 et
1272 922 1397 987 Thomas,
1411 924 1457 995 qai
1479 922 1576 977 dicitur
1599 921 1740 993 Didymae,
1762 928 1790 975 et
1807 917 1905 975 Narba-

1120 1014 1191 1081 raet,
1216 1014 1262 1086 qui
1286 1023 1344 1070 crat
1357 1033 1374 1069 a
1388 1012 1464 1073 Caua
1483 1014 1612 1080 Galliae,
1628 1024 1654 1070 et
1668 1014 1721 1085 fitis·
1735 1010 1870 1077 aeream,
1883 1023 1904 1069 et

1121 1106 1170 1163 aiii
1179 1123 1211 1162 ea
1225 1106 1363 1180 discipulis
1377 1109 1435 1179 ejas
1450 1108 1513 1171 daco.
1530 1107 1601 1163 Dicit
1617 1108 1655 1162 eis
1674 1105 1769 1163 Simena
1794 1102 1904 1159 Petrus:

1125 1197 1321 1269 Vadapiccari.
1350 1198 1448 1256 ascum
1471 1200 1514 1257 ct':
1534 1197 1656 1253 Venimus
1678 1204 1705 1253 et
1735 1213 1785 1251 aas
1816 1205 1905 1249 tecam.

1121 1290 1252 1347 Exierant
1263 1302 1288 1347 et
1303 1291 1477 1349 ascenderunt
1492 1293 1520 1347 ia
1531 1308 1634 1351 aaran.
1650 1300 1676 1345 et
1692 1288 1743 1345 iila
1754 1298 1836 1343 nacte
1848 1284 1908 1341 nihii

1119 1385 1318 1455 prendiderunt.
1334 1384 1416 1440 Mane·
1427 1394 1515 1440 autem
1528 1385 1588 1453 jam
1604 1384 1686 1455 facto,
1696 1382 1773 1437 stelit
1788 1378 1868 1435 Jesas
1883 1382 1906 1433 in

1120 1477 1219 1533 littore.
1234 1476 1296 1532 Noa
1311 1486 1397 1533 tamea
1420 1485 1594 1549 copaoaerrmt
1608 1474 1821 1547 discipulique
1835 1471 1908 1529 desae

1119 1577 1169 1623 ert.
1188 1566 1260 1623 Dicit
1274 1585 1335 1639 erpa
1351 1570 1389 1625 eis
1403 1568 1504 1624 decas:
1520 1567 1613 1632 Pueri,
1629 1565 1749 1640 auaqaid
1761 1564 1909 1635 pndmmts·

1120 1661 1189 1715 riam
1215 1659 1339 1717 dabatis?
1366 1658 1565 1730 Responderunt
1580 1662 1626 1715 ei:
1654 1657 1727 1714 Νοπ.
1744 1656 1826 1711 Dixit
1851 1657 1908 1711 eis:

1120 1752 1219 1809 liittite
1234 1754 1262 1807 ia
1278 1752 1414 1809 dcamram
1437 1754 1611 1824 accipitrem,
1628 1760 1654 1807 et
1672 1750 1828 1810 braeaietis.
1839 1748 1911 1803 idise-

1083 1858 1105 1914 Β
1119 1856 1181 1903 rant
1194 1864 1266 1919 erpo,
1282 1855 1307 1902 et
1316 1847 1376 1918 jam
1387 1863 1439 1909 naa
1452 1844 1573 1903 santam
1587 1844 1654 1901 iliad
1669 1844 1776 1900 trabere
1789 1859 1808 1896 a
1823 1842 1910 1895 malti-

1121 1938 1211 1995 tudiae
1222 1940 1344 2010 plemam.

1157 2030 1303 2106 [Graeca]
1318 2029 1385 2087 Sine
1400 2036 1513 2103 peccato
1528 2034 1689 2085 manserunt
1701 2025 1809 2082 Petras
1827 2032 1856 2081 et
1870 2026 1912 2079 lilii

1121 2124 1244 2183 zebedei
1263 2125 1416 2197 piscatores
1437 2130 1500 2196 post
1519 2122 1740 2179 conversionem.
1767 2117 1912 2174 manuam

1122 2234 1192 2277 vero
1207 2219 1242 2274 ad
1260 2217 1357 2275 telonii
1370 2217 1508 2289 negotium
1520 2232 1576 2271 non
1589 2213 1680 2271 rediit.
1697 2212 1772 2268 Sunt
1784 2210 1861 2267 onim
1873 2225 1913 2264 aa·

1120 2310 1205 2383 golia,
1220 2324 1282 2382 qnae
1311 2309 1371 2365 sine
1395 2308 1517 2381 peccatis
1546 2312 1594 2361 ant
1612 2306 1658 2359 uix
1679 2310 1729 2359 aut
1752 2302 1912 2359 nullatenus

1120 2420 1182 2461 esse
1192 2406 1319 2474 possunt.
1337 2399 1482 2476 [dacusa]
1494 2398 1535 2455 llll
1548 2405 1638 2454 antem
1652 2410 1801 2467 nunquam
1826 2394 1911 2466 prohi-

1120 2495 1171 2551 biti
1184 2494 1297 2552 luerunt
1311 2501 1370 2551 arte
1384 2510 1435 2553 sua
1446 2492 1520 2548 licita
1536 2491 1640 2547 rictum
1661 2504 1790 2562 quaerere
1802 2502 1820 2541 a
1831 2502 1912 2557 popa-

313 2584 457 2658 liespoadit
474 2586 588 2648 laamas
601 2596 627 2643 et
647 2586 715 2646 dicit
738 2588 782 2643 ei:
800 2586 930 2641 damiam
953 2603 1026 2643 meas
1044 2596 1069 2643 et
1121 2587 1166 2652 lis,
1181 2586 1225 2643 sui
1239 2584 1397 2658 integritate
1408 2590 1527 2649 seruata,
1538 2597 1601 2637 cum
1622 2581 1694 2639 rande
1709 2581 1844 2637 viverent
1864 2594 1911 2632 aar

277 2683 351 2740 Deae
367 2699 450 2737 meac.
1120 2678 1263 2735 haberent.
1279 2678 1313 2734 Et
1327 2679 1369 2734 sic
1389 2677 1430 2734 eis
1445 2675 1634 2733 laborantibus
1654 2672 1757 2743 adiecit
1779 2670 1860 2726 Deus
1872 2686 1913 2727 ae·

315 2774 460 2849 [nasoon]
475 2773 593 2831 Videbat
612 2773 752 2830 bominem
774 2781 802 2831 et
823 2774 953 2844 tangebat
965 2780 992 2829 et
1004 2788 1072 2831 con-
1121 2772 1243 2829 cessaria
1255 2768 1502 2843 compromiserat,
1522 2768 1640 2839 primum
1660 2762 1859 2836 querentibus
1876 2777 1912 2817 re·

276 2868 407 2925 iltebatur
415 2866 512 2932 licum
524 2882 607 2938 quem
620 2882 675 2921 non
685 2866 796 2923 ridebat
808 2880 898 2936 neque
911 2865 1052 2936 tangebat.
1121 2879 1205 2937 gnum
1214 2862 1264 2921 Dei
1272 2859 1520 2933 etjustitiamejus:
1532 2873 1595 2913 nam
1605 2858 1668 2927 quis
1679 2853 1860 2926 aliuspisces
1872 2852 1913 2923 qai

314 2961 387 3016 llicit
396 2963 421 3017 ei
430 2959 527 3016 imm:
544 2960 620 3028 Quia·
627 2959 717 3015 nidisti
726 2976 775 3029 me,
788 2958 900 3025 amma,
916 2958 1066 3016 credidisti.
1122 2962 1296 3029 caperentur,
1312 2952 1459 3028 apposniti
1475 2949 1528 3018 Qui
1538 2965 1595 3006 oon
1612 2950 1649 3005 ob
1669 2947 1744 3004 aliud
1755 2946 1913 3001 credendos

316 3054 397 3111 aaut
411 3053 490 3121 uidit,
506 3061 534 3110 et
551 3052 626 3109 abad
642 3052 769 3109 credidit.
787 3050 933 3108 llominem
949 3052 1029 3118 uidit,
1044 3060 1072 3109 et
1121 3057 1165 3109 est
1174 3051 1215 3106 eis
1227 3047 1375 3121 ingessisse
1382 3046 1527 3118 penuriam
1544 3059 1598 3115 qua
1615 3040 1859 3112 compellerentur
1878 3038 1913 3093 ire

278 3145 365 3201 Mirm
375 3144 520 3203 consessus
531 3155 583 3203 est.
596 3144 657 3201 Non
680 3146 719 3200 ait
731 3165 737 3201 r
751 3144 875 3216 tetigisti,
886 3145 935 3201 sed
951 3145 1068 3203 :nidisti
1122 3142 1268 3213 piscatum,
1284 3139 1339 3194 nisi
1353 3136 1518 3209 dispositum
1540 3134 1634 3190 uolens
1647 3130 1913 3188 exhibere-miraea-

278 3238 350 3305 Quia
363 3237 499 3309 generalis
513 3236 716 3309 quodammodo
734 3252 833 3293 sensus
848 3245 891 3294 est
903 3238 990 3295 usus.
1002 3237 1070 3293 Nam
1084 3205 1106 3263 ο
1121 3234 1190 3299 lom,
1205 3238 1236 3287 nt
1249 3230 1369 3287 simulet
1382 3228 1579 3301 predicatores
1594 3222 1733 3295 Evangelii
1753 3194 1809 3277 suf
1824 3235 1913 3293 pasce·

279 3346 329 3403 per
340 3330 410 3387 alios
431 3337 551 3402 quatuor
565 3329 703 3386 nominari
720 3330 800 3394 solet,
814 3338 845 3384 nt
856 3345 920 3385 cum
940 3328 1069 3395 dicimus,
1122 3335 1173 3392 ret,
1185 3332 1212 3381 et
1224 3326 1315 3397 ipsum
1333 3320 1511 3392 &angelium
1531 3324 1609 3373 tanto
1631 3322 1827 3379 sacramento,
1849 3310 1914 3383 qnod

278 3422 344 3480 audi
358 3432 387 3479 et
401 3423 473 3488 vide,
490 3438 573 3495 quam
584 3423 654 3479 bene
670 3429 760 3487 sonet,
781 3422 854 3478 oliae
870 3430 898 3478 et
912 3422 1071 3495 malequam
1121 3424 1181 3476 erat
1194 3417 1228 3475 de
1244 3430 1359 3471 numero
1371 3414 1489 3486 piscium
1509 3410 1763 3473 commendaturus,
1789 3412 1913 3479 augeret.

279 3520 351 3577 bene
363 3520 447 3585 oleat,
467 3527 549 3591 gusta
562 3524 591 3575 et
610 3518 673 3575 uide
683 3534 767 3590 qoam
788 3518 860 3574 bene
879 3518 978 3588 sapiat,
991 3524 1073 3589 tange
1123 3507 1232 3580 Septem
1247 3506 1375 3578 discipuli
1396 3505 1445 3577 qui
1463 3505 1494 3560 ln
1507 3504 1560 3559 ista
1574 3500 1727 3573 piscatione
1744 3496 1913 3557 sacranti

278 3620 309 3669 et
322 3612 385 3668 ride
395 3626 477 3683 quam
492 3612 562 3667 bene
572 3611 670 3666 caleat.
687 3608 766 3675 Unde
776 3617 805 3665 et
818 3609 864 3665 irie
880 3608 1014 3665 bominns
1029 3610 1072 3663 ia*
1121 3616 1184 3657 nem
1195 3600 1327 3671 temporis
1341 3597 1415 3670 quod
1425 3604 1530 3669 septem
1545 3595 1642 3652 diebus
1659 3591 1795 3655 volvitur,
1810 3588 1913 3661 signid-

278 3704 342 3779 qnit
359 3722 368 3759 t
389 3701 465 3773 infer
475 3702 589 3775 dicdum
605 3710 679 3755 tuem
693 3700 743 3754 iac
764 3711 791 3755 et
804 3698 863 3756 eide
877 3714 972 3755 manas
988 3715 1071 3765 meas,
1122 3696 1196 3749 cant.
1214 3686 1358 3763 [Gnoson]
1371 3687 1461 3755 Quaeri
1469 3684 1626 3742 etiamsolet
1639 3681 1751 3757 [potest]
1764 3698 1824 3737 eur
1833 3680 1915 3735 lioni-

280 3795 335 3850 boc
349 3800 411 3850 est:
425 3801 509 3866 tange
527 3800 555 3849 et
565 3792 638 3850 uide.
652 3790 727 3848 Vidit
745 3807 811 3864 ergo
825 3793 883 3848 sive
897 3790 1072 3848 solummodo
1122 3782 1325 3855 nusdiscipnlie
1335 3782 1364 3836 ln
1378 3780 1448 3835 mari
1461 3776 1652 3837 laborantibus
1660 3781 1723 3846 post
1733 3772 1915 3831 menrreetio

281 3886 425 3951 intuendo,
449 3887 507 3945 sire
527 3885 612 3943 etiam
628 3884 777 3957 magendo,
795 3884 852 3940 dici
875 3884 950 3939 enirn
969 3890 1071 3955 potest,
1123 3892 1186 3936 nem
1206 3890 1285 3933 suam
1299 3875 1328 3930 in
1338 3874 1432 3930 littore
1444 3872 1531 3935 stetit,
1542 3870 1589 3941 qui
1604 3875 1668 3925 ante
1679 3866 1917 3923 resurrectionen

281 3994 340 4037 noa
361 3995 459 4036 ausum
484 3978 648 4035 tnaciuisse
660 3977 829 4049 discipulum
846 3983 960 4049 tangere
979 3976 1074 4032 Dami-

214 4106 219 4115 ·
281 4086 358 4129 num.
373 4069 434 4126 Non
450 4070 524 4127 enim
536 4070 721 4141 scriptumest
732 4089 740 4125 ε
751 4070 841 4141 tetigit
855 4068 986 4134 Thomas,
1002 4066 1073 4131 sed:

280 4162 346 4233 qnia
358 4160 438 4224 vidit,
450 4158 577 4216 credidit.

317 4253 452 4325 dicationi
465 4271 516 4308 aaa
531 4252 662 4331 aiderrmt,
677 4263 703 4307 et
716 4251 894 4308 crediderunt.

317 4346 499 4403 Commendat
509 4346 589 4404 iidem
604 4346 737 4418 gentium,
753 4346 802 4402 sed
814 4342 946 4416 praeteriti
968 4348 1075 4414 tempo·

282 4439 322 4495 ris
332 4454 400 4497 usus
411 4444 455 4496 est
468 4440 570 4504 uerbis,
582 4447 613 4495 ut
625 4440 670 4496 ille
684 4440 731 4512 qui
742 4440 770 4495 id
781 4436 853 4509 quod
864 4443 924 4492 erat
938 4435 1073 4502 laturum,

1123 3966 1267 4025 corameis
1278 3980 1361 4036 super
1372 3978 1448 4018 mare
1468 3959 1637 4028 ambularit3
1652 3958 1701 4016 sed
1711 3973 1791 4013 mare
1809 3954 1912 4029 sigali

1123 4064 1169 4115 eat
1181 4071 1302 4130 praesens
1316 4054 1458 4117 seculum,
1475 4052 1504 4106 in
1517 4066 1572 4121 quo
1590 4050 1679 4105 adbuc
1692 4046 1831 4119 discipuli
1849 4046 1917 4101 labo-

1123 4148 1248 4215 rabaut;
1277 4144 1404 4202 soliditas
1432 4148 1525 4203 autem
1554 4140 1672 4203 littoris,
1704 4138 1915 4209 perpetuitatem

1124 4237 1225 4312 quietis
1239 4236 1268 4291 in
1279 4250 1334 4307 qua
1345 4232 1402 4304 iam
1416 4230 1550 4287 Dominus
1563 4236 1633 4286 erat.
1655 4228 1701 4285 bis
1718 4227 1748 4281 in
1771 4224 1917 4295 Evangelii

1125 4331 1224 4402 legitur
1235 4328 1382 4383 Dominum
1391 4324 1511 4397 jussisse
1526 4322 1595 4379 retia
1607 4320 1679 4376 mitti
1689 4318 1724 4377 ad
1740 4316 1914 4389 piscandum.

1125 4430 1188 4479 ante
1199 4422 1356 4493 passionem
1368 4425 1396 4475 et
1409 4424 1481 4490 post.
1500 4415 1554 4471 Sed
1572 4421 1646 4477 anm,
1662 4420 1757 4467 atrum
1778 4410 1808 4465 in
1824 4408 1915 4465 dextra

283 4530 314 4585 la
329 4545 382 4587 sna
394 4538 509 4587 noverat
521 4531 763 4602 predestinatione
779 4528 837 4600 jam
850 4527 963 4583 iactam.
977 4525 1073 4583 Scien—
1088 4557 1111 4613 D
1124 4517 1168 4574 uel
1179 4516 1303 4577 sinistra,
1319 4527 1375 4568 non
1384 4512 1471 4581 jubet.
1483 4508 1514 4565 ln
1527 4508 1574 4563 illa
1584 4504 1738 4577 piscatione
1754 4518 1815 4574 prae
1829 4498 1914 4556 mulu-

282 4622 350 4677 dnm
373 4627 427 4689 est,
451 4621 529 4677 illum
548 4637 613 4678 vere
638 4624 761 4688 credere,
787 4619 835 4690 qni
855 4617 934 4673 iidem
955 4618 1074 4689 complet
1120 4606 1221 4664 tudine
1233 4606 1351 4677 piscium
1365 4602 1434 4658 retia
1450 4600 1536 4657 multa
1551 4603 1625 4664 sunt,
1641 4596 1669 4651 in
1685 4596 1738 4652 ista
1761 4608 1832 4649 non.
1852 4590 1914 4659 Ergo

284 4714 428 4787 operette
440 4715 587 4771 bisantem
607 4715 655 4787 qui
670 4714 752 4769 tidem
772 4712 885 4771 nomine
908 4717 990 4766 tenus
1009 4709 1075 4766 reti·
1126 4702 1172 4757 illa
1183 4697 1299 4772 piscatio
1309 4700 1473 4767 immilem
1481 4692 1631 4747 Ecclefflffl
1641 4685 1823 4791 Si'iflffifflib
1835 4684 1914 4738 lm

283 4807 472 4874 nent,l’anlus
485 4808 551 4865 dicit
562 4829 570 4865 :
581 4806 748 4879 Confitentur
761 4822 789 4861 se
803 4800 983 4867 marsalicam,
996 4801 1075 4871 lactis
1126 4800 1154 4850 et
1164 4792 1253 4847 malos
1268 4788 1451 4859 colligentem.
1468 4783 1531 4839 llaec
1542 4790 1632 4839 antem
1647 4785 1770 4881 precatro
1786 4773 1913 4875 srgnrdctt

284 4913 374 4959 assem
384 4909 480 4974 nepam
490 4901 555 4975 (tsi.
571 4901 603 4976 ι).
620 4899 805 4956 astacenus:
820 4894 902 4952 rrae
917 4896 974 4950 rae
987 4894 1077 4964 opere
1127 4886 1213 4943 solam
1235 4880 1388 4937 Ecclesiam
1402 4878 1563 4940 electorum,
1579 4887 1645 4978 ¹uuae
1662 4870 1748 4975 naurs
1768 4866 1913 4971 aerearum

284 4996 333 5051 bus
346 5004 504 5051 mortuaest
520 4993 591 5067 (iac.
604 4993 648 5066 rr).
1127 4974 1273 5036 scinditur,
1283 4975 1312 5029 in
1324 4972 1455 5029 continua
1470 4982 1586 5040 paoesur
1598 4971 1911 5068 auctorrsreamesaffls.

322 5088 411 5145 dictita
423 5086 528 5161 auidam
538 5094 564 5141 et
575 5086 631 5141 alia
646 5086 722 5156 sipna
731 5082 793 5153 [ecit
809 5078 888 5137 deses
899 5079 926 5134 ia
937 5086 1077 5147 conspecta
1129 5065 1273 5148 [dacusa]
1284 5064 1355 5133 Quid
1365 5068 1517 5127 estarrtem,
1539 5057 1614 5163 q.¹¹⁰.d
1632 5054 1767 5159 dascrpnlr
1788 5060 1846 5108 rete
1865 5064 1913 5104 ntra

284 5180 478 5253 dissipalarum
492 5192 613 5241 caeram,
628 5191 686 5247 aaa
702 5191 754 5227 aaa
774 5180 837 5227 saut
857 5170 959 5239 scripta
969 5170 997 5223 ia
1010 5167 1077 5223 libra
1127 5161 1255 5218 valebant
1267 5158 1390 5221 trahere,
1401 5153 1456 5211 nisi
1474 5152 1537 5224 qnia
1555 5150 1594 5205 rllr
1606 5164 1655 5219 qur
1669 5152 1816 5219 pertinent
1826 5142 1860 5197 ad
1873 5156 1913 5195 re·

285 5276 344 5331 boe.
362 5272 427 5329 llac
443 5284 531 5329 autem
545 5272 647 5341 scripta
660 5276 732 5332 aaut,
749 5275 778 5320 at
796 5263 984 5335 credatieqaia
997 5259 1078 5316 iasar
1128 5252 1339 5316 surrectionem,
1362 5254 1390 5305 et
1414 5244 1533 5319 ponendi
1556 5247 1621 5298 sum
1639 5238 1674 5295 ad
1696 5238 1851 5299 dexteram,
1864 5248 1913 5289 nor

284 5379 324 5425 est
336 5366 458 5424 Christus
473 5364 561 5421 Filias
576 5363 637 5429 liei,
647 5370 673 5417 et
686 5370 716 5417 at
730 5358 873 5423 credentes,
889 5357 970 5414 citam
982 5354 1081 5410 liabeo«
1129 5344 1299 5419 apparebunt
1322 5340 1377 5397 nisi
1391 5354 1454 5395 cum
1475 5332 1639 5406 resurgent?
1663 5330 1721 5388 llos
1740 5330 1817 5386 enim
1838 5326 1912 5381 habt

286 5460 360 5517 eisin
373 5460 478 5514 mariae
491 5458 560 5529 eins.
619 5462 623 5468 '
1129 5438 1253 5495 Ecclesia
1272 5442 1336 5508 post
1359 5434 1440 5491 linem
1459 5432 1523 5486 vitae
1537 5429 1656 5487 latentes
1676 5424 1707 5527 in
1727 5418 1911 5527 somaripacia

321 5550 407 5621 Quasi
431 5549 512 5605 duem
533 5547 597 5604 libri
607 5544 684 5619 ponit
700 5542 880 5617 evangelista,
899 5539 934 5596 ad
950 5554 1081 5609 magnum
1127 5531 1204 5587 relat
1216 5528 1244 5585 in
1258 5525 1407 5601 profundo,
1422 5524 1510 5580 donec
1520 5516 1821 5591 appareantmlrttere,
1831 5510 1856 5565 nl
1866 5514 1911 5569 ed·

286 5640 553 5703 consulationem
577 5638 745 5697 sseramenti
770 5643 872 5693 secutae
898 5630 1079 5698 narrationis,
1129 5624 1159 5683 'tu
1172 5621 1265 5679 seculi
1278 5618 1341 5677 ime.
1456 5699 1489 5790 Α
1543 5678 1592 5730 m

1496 5763 1508 5787 0
1559 5756 1576 5792 1

287 5734 393 5793 taciem
403 5734 431 5791 ei
444 5731 646 5805 quodammodo
656 5728 866 5789 eminentiorem
879 5725 980 5781 locum.
1064 5796 1075 5803 .,

289 5821 293 5829 Ι
1167 5838 1237 5897 breti
1265 5830 1488 5911 mantiscinatus
1516 5824 1561 5889 itte
1586 5840 1662 5897 pacm
1685 5821 1814 5895 altipeta
1838 5816 1913 5875 taur
