3967 6334
222 341 274 399 559
701 342 891 400 ZACHARIAE
910 344 1215 404 cuatsorontrast
1232 351 1388 411 El'lSCOPi
1804 359 1854 416 wi

221 459 321 521 beant,
343 457 391 528 qui
413 457 448 512 ad
467 465 570 513 eterna
593 455 696 511 sanctis
717 454 862 512 desideriis
877 463 1010 519 aestuant,
1026 454 1187 514 nonenim
1202 457 1271 528 legis
1283 461 1363 530 quasi
1374 460 1408 516 de
1421 461 1542 532 acceptis
1554 461 1653 531 opibus
1664 462 1783 528 tumuit.
1795 477 1844 520 rer

221 565 283 620 quae
299 548 419 614 adsunt,
434 549 546 604 minime
561 547 632 602 bona
646 547 782 603 videntur.
1067 545 1100 600 ba
1114 545 1233 602 linebant
1246 544 1272 603 ei
1288 549 1322 604 de
1342 549 1459 606 scientia
1478 551 1559 620 quasi
1578 551 1657 607 mieae
1676 551 1807 606 cadentes
1823 552 1856 608 de

258 638 293 694 m
312 640 340 694 in
358 637 399 692 iris
414 639 536 694 ornnilms
550 640 618 693 inter
632 655 678 692 noa
691 647 716 692 et
730 656 773 694 noa
794 637 874 692 cinos
889 654 1014 708 rrrnqnmn
1065 652 1169 696 mensa.
1185 639 1275 698 Canes
1289 642 1317 695 in
1332 657 1413 697 sacro
1425 642 1535 713 eloquio
1549 643 1639 698 solent
1657 643 1776 717 intelligi
1786 660 1857 714 prae·

221 733 360 801 firmatum
374 739 434 795 est,
448 739 476 783 ut
490 730 575 800 iniqui
588 729 677 784 noiant
690 728 751 783 irinc
765 729 880 782 transire
901 728 935 782 od
951 745 1012 795 ros,
1065 729 1221 788 dicatores:
1236 735 1283 803 qui
1298 733 1364 788 dnm
1382 741 1495 806 peccata
1514 733 1679 791 confitentes
1699 734 1855 802 instruunt,

221 839 273 876 non
293 821 412 889 possint,
435 835 517 891 neque
536 817 596 874 inde
612 819 662 872 inm
680 827 853 873 transmeare.
1064 823 1144 893 quasi
1156 824 1256 880 vulnus
1269 825 1370 880 mentis
1382 840 1430 894 per
1444 825 1567 897 linguam
1587 833 1725 898 tangunt:
1748 834 1777 882 et
1790 825 1855 881 dum

256 913 348 968 Chaos
361 911 420 968 sire
433 911 536 976 cbaus,
554 919 585 964 ut
600 917 705 966 ueteres
718 908 828 965 codices
844 907 962 986 habent,
979 907 1015 962 si·
1066 913 1204 983 loquendo
1220 930 1236 968 a
1256 917 1376 992 pcccatis
1393 915 1563 986 corripiunt,
1588 916 1623 971 ad
1639 917 1757 973 salutem
1775 917 1857 973 redu-

220 1003 332 1076 gnificat
347 1011 508 1074 perpetuam
525 1000 777 1058 dissimilitudinem
793 1000 864 1055 inter
877 999 1013 1054 bonorum
1064 1010 1147 1068 cunt,
1159 1003 1232 1060 sicut
1246 1020 1330 1061 canes
1350 1014 1447 1063 curant
1461 1007 1593 1073 vulnera,
1612 1007 1677 1064 dum
1691 1023 1725 1063 ea
1739 1017 1857 1084 tangam

220 1094 411 1164 malorumque
426 1094 595 1157 voluntates,
611 1092 676 1163 quia
697 1099 759 1162 post
780 1098 895 1147 mortem
910 1106 1013 1162 neque·
1063 1095 1165 1167 lingua.
1180 1095 1257 1153 Unde
1270 1098 1340 1154 bene
1358 1097 1479 1156 Lazarus
1503 1101 1703 1172 interpretatur
1724 1102 1854 1172 adjutas,

220 1194 272 1240 unt
285 1186 383 1242 merita
398 1187 510 1241 mutari.
527 1185 587 1240 Nou
602 1193 645 1241 est
658 1183 773 1239 dubium
787 1183 854 1255 quin
869 1182 980 1254 reprobi
996 1198 1012 1236 a
1063 1184 1128 1254 quia
1147 1185 1185 1239 illi
1200 1187 1315 1256 gentiles
1329 1188 1475 1257 adjurant,
1491 1191 1538 1260 qui
1553 1205 1650 1246 eorum
1669 1191 1784 1246 vulnera
1805 1207 1856 1262 per

220 1278 311 1348 poenis
322 1278 440 1332 transire
450 1283 580 1346 cuperent
592 1275 663 1331 sicut
674 1274 763 1329 adbuc
775 1274 892 1338 saciant,
904 1272 938 1327 ad
949 1288 1011 1328 sor·
1062 1275 1162 1346 lingum
1173 1278 1371 1333 correctionem
1384 1288 1492 1335 curant.
1509 1280 1604 1337 Potest
1621 1282 1705 1337 etiam
1724 1298 1773 1353 per
1794 1283 1852 1336 lin·

220 1377 276 1425 tem
288 1369 440 1424 beatorum.
453 1367 581 1422 Transire
597 1366 906 1436 autemjustorum,est
920 1371 1011 1418 mente
1062 1367 1179 1422 ctionem
1203 1384 1302 1424 canum
1329 1371 1421 1442 lingua
1444 1373 1546 1443 signari
1577 1373 1769 1439 adulantium,
1806 1375 1855 1446 qui

188 1527 192 1536 .
220 1459 261 1514 irc
271 1475 320 1530 per
335 1460 552 1514 misericordiam
569 1458 719 1530 adpositos
734 1457 762 1512 in
777 1457 939 1522 tormentis,
952 1472 1011 1513 eos·
1061 1457 1173 1514 uulnera
1189 1460 1308 1530 lingunt,
1324 1460 1391 1516 dum
1404 1463 1477 1516 mala
1498 1471 1594 1519 nostra
1616 1464 1743 1533 improbo
1758 1463 1857 1523 farore

219 1567 273 1622 que
287 1552 355 1606 velle
372 1550 498 1605 liberare.
515 1550 568 1605 Sed
584 1566 638 1604 non
650 1557 783 1621 possunt,
799 1549 1010 1620 quiajustornm
1061 1548 1197 1603 attollunt.
1232 1548 1348 1605 Abrabae
1377 1552 1454 1607 sinus
1481 1552 1618 1622 significat
1633 1552 1767 1608 coelorurn
1804 1568 1852 1608 re-

220 1643 332 1708 animae,
348 1641 473 1712 quamvis
490 1642 518 1696 in
529 1657 584 1696 suae
596 1649 701 1696 naturae
713 1640 835 1696 bonitate
851 1638 1010 1694 misericor·
1061 1638 1167 1708 quiem,
1183 1638 1279 1708 inqua
1294 1639 1442 1695 recumbent
1457 1643 1584 1697 venientes
1601 1642 1749 1721 oboriente
1766 1654 1793 1697 et
1811 1660 1857 1697 oe-

218 1732 293 1788 diam
307 1733 442 1798 babeant,
458 1739 536 1786 tanta
552 1739 643 1788 tamen
654 1731 818 1788 rectitudine
832 1731 953 1785 auctoris
966 1729 1010 1784 sui
1061 1727 1162 1782 ridente
1176 1745 1235 1782 curn
1246 1728 1399 1795 Abrabam,
1414 1731 1493 1786 lanne
1506 1742 1531 1787 et
1543 1731 1626 1787 taceo
1634 1749 1644 1798 ‚·
1656 1733 1704 1788 sed
1718 1733 1769 1804 filii
1777 1736 1858 1805 regni

219 1824 456 1893 constringuntur,
473 1822 592 1877 utnulla
615 1822 807 1892 compassione
824 1819 857 1875 ad
878 1819 1010 1887 rapieris
1025 1810 1047 1864 Β
1061 1819 1160 1889 hujus,
1185 1835 1307 1891 purpura
1333 1831 1360 1877 et
1383 1823 1466 1894 bysso
1489 1823 1596 1889 induti,
1616 1823 1691 1890 foros
1714 1825 1859 1894 ejicientur

218 1923 391 1973 moveantur.
409 1915 516 1970 Aliter:
542 1913 613 1969 lusti
636 1915 756 1968 transire
783 1912 894 1976 volunt,
918 1908 945 1965 'tl
966 1923 1010 1966 es:
1060 1909 1168 1981 (Metti.
1183 1913 1257 1980 rrrr).
1272 1911 1391 1970 lulideiis
1407 1915 1524 1985 populus
1538 1916 1625 1985 legem
1640 1917 1668 1970 in
1682 1932 1730 1972 ore
1744 1917 1857 1977 tenuit.

218 2008 411 2064 existimantur
427 2021 442 2060 a
457 2006 551 2062 multis
571 2005 689 2060 transire
709 2003 778 2060 rclle
798 2003 830 2056 ad
852 2002 914 2058 illos
938 2017 1009 2072 pree-
1060 2003 1109 2057 sed
1125 2019 1207 2074 opere
1221 2020 1331 2060 serrare
1349 2007 1532 2076 contempsit:
1553 2013 1582 2062 et
1600 2007 1661 2062 ideo
1680 2007 1717 2062 ibi
1735 2007 1860 2080 amplius

218 2099 315 2154 sertim
330 2097 485 2170 eripiendos
500 2111 515 2151 a
529 2097 635 2168 poeuis,
652 2096 698 2166 qui
712 2095 753 2151 cis
769 2096 797 2148 in
812 2094 863 2148 bac
880 2094 935 2149 rita
947 2107 1008 2146 ma·
1059 2094 1175 2152 ardebit.
1192 2094 1271 2152 Dives
1284 2099 1312 2151 in
1326 2098 1377 2152 hac
1392 2099 1447 2152 rita
1462 2105 1568 2169 guttam
1583 2114 1660 2169 aquae
1673 2099 1859 2164 mendicans,

215 2191 270 2260 jnri
286 2188 383 2246 affectu
397 2188 592 2260 jungebantur.
1058 2187 1087 2240 in
1099 2188 1184 2242 altera
1192 2188 1259 2242 dicit
1272 2204 1302 2245 se
1313 2190 1412 2245 babere
1422 2190 1542 2260 quinque
1556 2189 1672 2255 iratres,
1685 2191 1747 2261 quia
1756 2188 1860 2246 iudai·

254 2278 288 2333 m
304 2281 361 2333 ait:
377 2278 448 2350 Rogo
462 2294 524 2350 erpo
540 2287 580 2342 te,
596 2286 681 2346 peter,
699 2284 727 2329 ut
743 2277 905 2330 mitteretur
919 2274 946 2329 in
961 2273 1010 2328 do·
1059 2294 1109 2334 eus
1122 2278 1240 2349 populus
1255 2294 1289 2334 ex
1306 2294 1405 2350 magna
1419 2281 1475 2350 iam
1494 2288 1572 2352 parte
1591 2280 1755 2344 damnatus,
1773 2281 1861 2335 norit

218 2387 289 2424 mum
303 2370 387 2440 petris
403 2369 452 2423 mei
465 2386 475 2431 2·
489 2367 570 2424 habeo
584 2369 654 2423 enlm
669 2368 780 2438 qvidqve
795 2366 908 2436 isaim,
925 2374 953 2419 Μ
968 2375 1008 2419 te·
1060 2385 1193 2440 sequaces
1207 2386 1273 2426 suos
1286 2387 1370 2442 super
1383 2379 1484 2426 terrant
1499 2371 1620 2436 relictos,
1638 2372 1758 2442 quinque
1771 2372 1860 2428 libris

216 2472 301 2518 stetur
316 2478 348 2516 ne
362 2471 387 2516 et
400 2461 453 2530 ipsi
468 2460 613 2514 venientia
628 2459 714 2512 locunt
728 2458 796 2512 dunc
807 2465 1006 2512 tormentorum.
1059 2460 1146 2533 lloysi
1164 2461 1313 2516 carnaliter
1332 2461 1495 2525 intellectis,
1520 2461 1564 2516 rel
1582 2462 1704 2532 quinque
1721 2461 1860 2516 sensibus

252 2552 402 2622 Postquam
415 2550 523 2606 ardenti
553 2550 587 2606 de
601 2566 630 2608 se
643 2565 706 2620 spes
721 2549 837 2613 tollitur,
851 2549 959 2603 animus
974 2547 1008 2602 ad
1059 2554 1184 2624 corporis
1194 2553 1310 2608 deditos.
1324 2550 1468 2625 [linense]
1481 2550 1623 2617 Quomodo
1634 2552 1717 2622 igitur
1731 2552 1760 2606 in
1772 2553 1860 2622 quin·

216 2641 386 2716 propinquos
395 2639 513 2696 recurrit
523 2657 530 2707 ;
540 2639 605 2710 quia
614 2639 793 2709 reproborum
802 2644 918 2692 mentem
928 2651 1008 2706 prena
1059 2658 1112 2712 que
1126 2642 1278 2714 virginibus
1294 2640 1408 2712 (Metti.
1422 2641 1487 2713 xxv)
1503 2649 1530 2696 et
1543 2641 1571 2694 iu
1585 2648 1697 2695 centnm
1710 2641 1860 2712 quinqua-

217 2749 268 2790 sua
283 2733 418 2788 inutiliter
431 2731 522 2787 erudit
541 2731 705 2801 quandoque
728 2728 762 2783 ad
785 2729 963 2794 charitatem,
979 2734 1009 2782 ut
1059 2733 1134 2803 ginta
1143 2733 1233 2788 tribus
1244 2733 1365 2805 piscibus
1376 2731 1467 2804 (ioan.
1478 2733 1537 2802 xxi)
1549 2733 1692 2792 innumera
1704 2733 1860 2788 multitudo

214 2827 354 2896 jarnlnnc
368 2837 435 2880 suos
449 2823 532 2878 etiam
549 2821 730 2891 spiritualiter
743 2821 873 2891 diligant,
895 2818 942 2891 qui
963 2818 1009 2873 bic
1059 2832 1217 2880 sanctorum
1234 2825 1413 2895 intelligitur-3
1429 2825 1468 2880 ita
1483 2825 1511 2878 in
1525 2824 1647 2895 quinque
1661 2824 1796 2882 iratribus
1812 2826 1859 2881 di·

216 2915 282 2971 dum
296 2923 409 2987 peccata
424 2913 585 2984 diligerent,
601 2927 653 2968 nec
669 2927 698 2968 sc
713 2912 851 2966 amabant.
877 2908 1009 2966 Servatur
1059 2915 1140 2982 ritis,
1156 2916 1242 2970 multa
1258 2916 1342 2970 millia
1361 2917 1454 2986 populi
1473 2913 1629 2971 ludaeorum
1650 2917 1857 2987 intelliguntur,

216 3021 282 3078 ergo
307 3004 385 3060 diuiti
405 3004 440 3059 ad
459 3019 568 3075 poenam
591 3013 618 3059 et
639 3003 758 3074 cognitio
780 3003 907 3074 pauperis
926 3016 1009 3072 quem
1060 3021 1131 3075 quos
1152 3007 1187 3062 ad
1211 3007 1380 3078 spiritualem
1400 3007 1609 3078 intelligentiam
1629 3023 1684 3063 non
1704 3023 1858 3078 assurgere

216 3099 358 3170 despexit,
372 3106 399 3155 et
411 3098 540 3154 memoria
551 3096 666 3151 fratrum
678 3111 748 3167 quos
760 3095 878 3166 reliquit.
895 3093 929 3148 Et
942 3093 1007 3150 boni
1060 3096 1153 3165 gemit.
1172 3094 1278 3180 [scrip.
1295 3095 1377 3167 Optat
1390 3097 1473 3168 igitur
1487 3098 1522 3153 ad
1536 3114 1584 3153 eos
1605 3099 1676 3153 mitti
1694 3099 1856 3166 Lazarum

217 3187 353 3258 siquidem
375 3187 462 3242 bonos
485 3193 511 3241 et
532 3187 596 3241 mali
617 3185 718 3250 malos,
740 3192 767 3240 et
785 3185 852 3239 boni
872 3185 960 3240 malos
981 3153 1044 3239 et(²
1060 3185 1118 3241 sive
1138 3185 1222 3240 alium
1246 3187 1280 3242 de
1304 3188 1429 3242 fidelibus
1453 3187 1501 3244 sed
1520 3190 1545 3243 ei
1569 3202 1625 3243 non
1644 3191 1808 3255 crederent,
1831 3191 1857 3246 si

216 3279 282 3334 nrali
297 3284 464 3350 cognoscent
480 3277 578 3333 bonos.
594 3275 623 3332 ln
639 3292 691 3348 qua
707 3277 833 3333 videlicet
852 3276 1009 3347 cognitione
1059 3275 1169 3348 bloysen
1191 3285 1218 3332 et
1231 3278 1380 3353 propbetas
1394 3293 1449 3333 non
1465 3278 1587 3334 audiunt.
1603 3279 1643 3333 Ex
1659 3280 1776 3337 mortuis
1796 3280 1858 3335 Do-

216 3370 360 3442 utriusque
384 3370 469 3440 partis
492 3369 619 3425 cumulus
639 3367 829 3424 retributionis
854 3366 1006 3432 excrescit,
1058 3369 1151 3424 nrinus
1169 3369 1333 3436 resurrexit,
1347 3368 1539 3426 sedludaieus
1552 3371 1671 3441 populus
1683 3372 1749 3443 quia
1763 3371 1856 3444 iloysi

215 3472 248 3520 ut
259 3473 286 3519 et
302 3464 367 3520 boni
380 3462 497 3533 amplius
510 3462 659 3533 gaudeant,
674 3461 738 3532 quia
751 3475 844 3517 secum
858 3473 906 3514 eos
921 3456 1007 3512 laetari
1058 3469 1114 3510 non
1128 3455 1256 3521 credidit,
1273 3455 1388 3512 Domino
1402 3458 1514 3514 credere
1533 3461 1708 3529 contempsit.
1725 3461 1857 3531 Cumque

214 3555 390 3625 conspiciunt
404 3569 474 3626 quos
489 3559 664 3620 amaverunt,
681 3559 707 3608 el
723 3552 787 3607 mali
808 3550 874 3606 dum
889 3550 1007 3605 cumeis
1058 3542 1146 3616 bloysi
1160 3546 1242 3602 rerba
1256 3547 1434 3618 spiritualiter
1448 3548 1600 3621 intelligere
1613 3553 1722 3615 renuit,
1734 3553 1770 3607 ad
1785 3569 1854 3608 eun

216 3655 391 3717 torquentur,
408 3661 478 3716 quos
489 3644 518 3699 in
529 3645 582 3699 hoc
592 3643 694 3699 mundo
705 3642 876 3708 dilexerunt,
891 3657 939 3697 eos
951 3656 1007 3695 non
1057 3651 1138 3707 quern
1150 3639 1313 3708 predixerat
1331 3641 1453 3712 lloyses,
1470 3658 1524 3698 non
1544 3645 1679 3713 pervenit.
1701 3643 1781 3700 Unde
1797 3643 1856 3700 Ve-

191 3719 306 3794 'solum
323 3751 386 3802 sua,
403 3735 547 3792 sedetiam
567 3750 662 3790 eorum
682 3749 763 3805 poena
785 3740 937 3788 consumat.
963 3731 1007 3785 Fit
1057 3726 1144 3783 ritas:
1161 3727 1192 3783 Si
1210 3730 1348 3787 crederetis
1363 3729 1454 3803 liopsi
1462 3773 1470 3798 ,
1487 3732 1628 3788 crederetis
1643 3737 1733 3805 ntique
1747 3743 1774 3791 et
1788 3737 1856 3792 neiis·

217 3833 311 3881 autem
329 3825 357 3880 in
377 3825 472 3881 clectis
491 3823 620 3895 quiddam
642 3822 840 3887 venerabilius,
865 3822 931 3893 quia
951 3836 1006 3877 uon
1058 3811 1157 3886 (loct.
1178 3817 1226 3888 v).

217 3917 306 3972 solmn
320 3931 367 3972 cos
382 3922 535 3986 agnoscunt
550 3928 619 3984 quos
635 3912 680 3969 bie
700 3919 852 3978 noverant,
868 3912 917 3968 sed
931 3913 1006 3968 uelrrt
1351 3907 1465 3964 caetu
1480 3907 1569 3965 Clllll.

215 4009 292 4065 visos
315 4024 347 4062 ac
371 4007 496 4077 cognitos
521 4011 719 4078 recognoscunt
743 4004 831 4060 bonos
846 4019 916 4074 quos
932 4020 1005 4060 nun·
1390 4038 1422 4124 L
1479 4020 1524 4070 190

216 4097 449 4170 quamuiderunt.
1430 4101 1442 4123 ·
1494 4097 1509 4132 ¹

252 4188 288 4244 Ei
301 4193 338 4244 iiii
352 4189 393 4244 iiii
403 4188 537 4244 Abraham
549 4206 557 4242 .'
569 4187 675 4244 [labeni
686 4188 794 4260 Moysen
808 4198 832 4243 ei
846 4188 1003 4257 ΡΓΟΡῙΜΜΙ,
1090 4199 1200 4256 Dicebat
1214 4213 1301 4258 aulem
1317 4203 1352 4258 ad
1366 4204 1512 4275 digcfpulog
1531 4225 1594 4264 gups
1608 4225 1617 4261 ;
1639 4209 1729 4264 Homo
1742 4213 1852 4282 quidm

216 4279 327 4336 audiani
343 4281 414 4336 lutis.
426 4279 461 4334 Al
474 4280 519 4334 lue
528 4279 615 4333 dt'xt'l:
632 4279 693 4334 Non
705 4289 780 4351 paler
792 4277 943 4342 Abraham,
958 4275 1004 4331 Μή
1053 4298 1111 4343 ml
1121 4290 1208 4356 dim,
1221 4309 1266 4364 (pm
1279 4293 1389 4348 habebat
1401 4297 1533 4365 villicum,
1548 4308 1573 4353 gp
1587 4299 1630 4354 hig·
1642 4300 1802 4370 (immam
1813 4317 1853 4359 “g

215 4373 239 4428 ti
253 4374 311 4443 qaia
325 4388 357 4425 ea
371 4373 480 4426 mortuis
495 4372 555 4426 ierit
570 4371 603 4425 od
618 4388 679 4438 eor,
693 4371 872 4441 poenitentiam
886 4377 973 4440 agent.
1042 4379 1126 4449 ,apua
1141 4380 1236 4449 illum,
1251 4387 1328 4456 quasa·
1342 4386 1497 4457 diggfpmq
1511 4390 1579 4444 pona
1593 4392 1688 4460 ipsine,

252 4461 396 4534 [annuos]
423 4460 504 4516 Dives
530 4463 601 4526 isle,
641 4477 720 4516 serus
749 4460 881 4530 magister
906 4458 1042 4550 i”Cillip
1090 4468 1168 4526 Nunc
1181 4473 1217 4526 ad
1232 4489 1330 4531 avaros
1342 4479 1530 4549 superbosque
1540 4478 1714 4546 Pharisaeos,
1728 4498 1803 4537 nuuc
1817 4483 1853 4538 ad

214 4567 292 4620 esse,
310 4567 372 4607 euru
384 4555 441 4622 jam
457 4569 506 4608 nec
520 4552 643 4607 discendi
656 4559 765 4623 tempus
779 4552 875 4616 habet,
891 4566 941 4606 nec
954 4550 1005 4605 (1⁰-
1056 4557 1222 4629 discipulos,
1245 4563 1300 4620 illis
1317 4565 1509 4634 audientibus,
1529 4569 1653 4639 loquitur
1672 4568 1808 4628 Dominus
1821 4581 1853 4626 ut

215 4643 306 4699 cendi.
329 4642 362 4696 Et
380 4644 444 4712 quia
468 4643 551 4698 verba
572 4642 620 4698 liei
642 4642 822 4714 despexerat,
837 4643 897 4697 bec
909 4639 1005 4696 audire
1055 4649 1229 4720 resipiscant.
1242 4650 1503 4728 [ilrenou.]l'illicus
1517 4660 1629 4736 proprie
1641 4661 1853 4732 guberuatoret

215 4748 270 4788 non
285 4747 365 4802 posse
382 4747 446 4788 suos
465 4748 595 4802 sequaces
610 4734 737 4789 aestimat.
1055 4749 1149 4797 eustos
1165 4743 1235 4798 ville
1247 4751 1303 4810 est,
1320 4746 1433 4802 undeet
1447 4763 1463 4802 a
1477 4749 1542 4802 vilia
1556 4765 1658 4805 nomen
1674 4753 1792 4822 accepit.
1802 4751 1852 4807 ffie

251 4824 296 4877 dit
312 4822 472 4876 uerenini:
487 4823 517 4878 Si
541 4823 650 4894 liopsen
671 4831 695 4878 et
719 4823 859 4895 prophetoe
881 4839 931 4878 non
953 4840 1004 4878 ιιιι·
1055 4847 1120 4887 vero
1141 4834 1253 4902 ponitur
1275 4851 1325 4906 pro
1350 4852 1510 4903 ceconomo,
1530 4839 1615 4895 idest
1639 4842 1850 4912 dispensatore,

214 4915 290 4969 diunt
304 4930 385 4984 neque
397 4915 421 4968 si
432 4913 489 4984 qais
504 4930 535 4968 ea
549 4916 658 4970 mortuis
677 4915 868 4980 resurrexerit,
885 4913 1002 4982 credent.
1054 4924 1102 4992 qui
1113 4923 1382 4983 scilicetuniversam
1392 4931 1575 4986 substantiam
1584 4933 1686 4987 domus
1695 4933 1848 5004 dispensat.

251 5004 358 5077 [liena]
381 5003 433 5072 Qui
453 5005 536 5060 verba
561 5006 627 5076 legis
648 5005 817 5076 despiciunt,
838 5005 1004 5061 resuscitato
1055 5013 1225 5079 AEconomns
1248 5020 1339 5085 enim,
1364 5028 1418 5074 tam
1438 5023 1562 5092 pecunie
1582 5038 1668 5092 quarn
1690 5023 1802 5094 frugum
1821 5033 1851 5078 et

214 5093 326 5151 credere
337 5102 462 5150 renuent.
472 5093 527 5150 lste
537 5094 613 5150 diaes
624 5094 768 5151 iudaicam
781 5096 909 5166 populum
922 5096 1001 5166 signi·
1056 5106 1178 5162 omnium
1195 5125 1256 5179 quae
1271 5108 1405 5166 bominus
1420 5112 1557 5189 possidet,
1574 5113 1796 5187 dispensatorem
1810 5115 1850 5175 st-

215 5183 279 5238 ficai
298 5183 346 5255 qui
360 5184 464 5239 bullum
478 5185 542 5240 vilae
563 5187 683 5241 exieritis
706 5187 817 5252 babuit,
839 5196 865 5242 el
884 5194 1005 5257 accepite
1054 5196 1173 5268 gnificat,
1189 5197 1304 5255 villicus
1321 5217 1387 5273 ergo
1405 5210 1465 5269 est,
1482 5205 1527 5258 cui
1546 5203 1621 5262 Deus
1640 5206 1750 5276 aliquas
1765 5222 1849 5277 pecu·

215 5273 283 5345 legis
296 5273 402 5329 deliciis
415 5274 549 5330 inutiliter
565 5291 631 5330 usus
646 5274 706 5330 luit.
722 5275 842 5332 Lazarus
865 5277 1004 5332 ulceribus
1055 5286 1115 5342 nias
1134 5289 1169 5343 ad
1188 5290 1356 5360 erogandum
1376 5295 1523 5350 commisit.
1545 5295 1669 5367 Dissipat
1691 5298 1785 5368 igitur,
1804 5297 1848 5353 rel

213 5361 328 5434 plenus,
351 5363 460 5432 geniills
480 5371 523 5418 esi
546 5363 664 5433 populus
688 5361 749 5434 qui·
765 5365 831 5420 dum
853 5380 1003 5423 conversus
1054 5377 1119 5432 dum
1143 5380 1212 5436 male
1236 5391 1400 5456 congregat,
1424 5387 1468 5442 vel
1493 5387 1607 5459 quando
1625 5404 1683 5444 non
1704 5389 1775 5446 hene
1797 5403 1846 5443 ex·

214 5452 249 5507 ad
264 5451 350 5528 Derim
365 5462 479 5524 peecata
493 5453 651 5521 confitetur,
668 5456 744 5511 virus
758 5458 831 5528 quod
846 5459 920 5515 intus
934 5461 1003 5516 lale·
1053 5469 1157 5540 pendit.

213 5542 276 5607 ltat,
291 5545 370 5614 quasi
386 5551 467 5617 rupta
483 5552 546 5601 cute
560 5545 633 5604 iores
649 5548 758 5604 emittit.
774 5547 895 5606 Lazarus
910 5553 1003 5623 cupie-
1089 5559 1123 5615 Et
1137 5563 1238 5617 noeaoit
1251 5564 1344 5632 iiiam,
1355 5575 1381 5621 et
1395 5569 1434 5622 ait
1448 5568 1508 5624 iiii:
1520 5569 1594 5638 Qnid
1604 5571 1654 5626 boe
1668 5571 1751 5626 aredio
1760 5571 1792 5625 de
1801 5571 1846 5624 te?

214 5631 260 5688 bat
274 5635 359 5693 micas
373 5636 485 5704 divitis,
499 5644 526 5692 et
540 5653 620 5694 neutro
633 5638 672 5694 illi
685 5639 777 5706 dabat,
798 5643 863 5712 quia
875 5644 1003 5712 gentilem
1053 5647 1141 5704 Redde
1160 5652 1288 5708 rationem
1306 5654 1474 5714 villicationis
1492 5667 1553 5718 tue.
1570 5659 1634 5716 darn
1647 5663 1720 5718 eninr
1737 5677 1788 5715 nor
1798 5673 1844 5734 po-

213 5727 344 5798 populum
359 5730 495 5802 superbus
511 5727 594 5787 lsrael
612 5729 788 5806 despiciebat.
810 5731 862 5802 Qui
883 5734 949 5792 duat
968 5735 1003 5798 tle
1053 5741 1115 5798 teria
1132 5743 1257 5806 villicare.
