3967 6334
142 341 195 400 ott
588 351 857 416 submittatis
878 359 967 416 stunt
986 361 1087 424 octo.
1116 397 1151 412 -·
1168 369 1238 428 ‘tta
1261 371 1317 430 l'il.
1718 396 1771 454 m

141 457 369 532 muciiquod
386 463 522 534 praecipuo
535 465 676 522 vitandum
689 470 742 544 est)
767 471 796 526 in
821 472 931 544 publico
945 479 966 532 Α
982 473 1113 540 Quoniam
1129 483 1306 554 unusquisqne
1321 485 1490 562 quoacunque
1503 490 1593 561 fecerit
1606 496 1711 568 bonum,
1721 507 1770 562 boe

138 548 300 616 justissimi,
312 552 341 606 in
356 562 463 609 secreto
482 562 574 612 autern
596 574 706 631 quoque
721 564 785 616 actu
804 561 927 620 nefandi.
980 567 1087 637 recipiet
1104 587 1120 623 a
1136 569 1199 627 fleo.
1217 573 1322 641 Quibus
1334 577 1414 648 juxta
1438 581 1611 654 Apostolum,
1640 601 1769 668 tanquam

140 638 258 708 Quidam
274 644 348 699 enim
358 654 512 716 quaerentes
527 665 646 720 quaesua
657 653 723 708 sunl
733 670 789 709 aon
808 669 869 725 qua
882 654 929 711 Je-
980 659 1095 729 subjecti
1111 663 1211 719 tributa
1223 671 1359 737 praestatis
1370 673 1447 744 quasi
1459 677 1614 740 reddituris.
1628 683 1696 743 Drrm
1716 707 1771 762 pne

979 761 1074 821 gnant,
1086 771 1136 826 pro
1150 759 1236 828 patria
1264 763 1357 833 agunt,
1370 765 1482 836 judicia,
1499 776 1597 831 nierito
1622 784 1767 850 praestatis.

139 750 175 787 su
187 731 309 803 Claristi3
323 738 483 810 usurpative
496 748 544 796 aut
568 743 719 798 solitariam
733 747 816 800 vitam
838 747 929 818 ingre·

139 821 264 892 diuntur,
289 834 337 883 aut
357 830 509 902 ingressam
532 843 658 904 servant;
680 836 744 893 fessi
767 838 929 911 plerumque
979 839 1098 902 Ministri
1111 845 1181 904 enim
1191 849 1240 906 bei
1255 857 1412 913 santinltor
1435 862 1520 932 ipsam
1535 872 1675 929 servientes
1695 878 1768 934 uobis

137 919 252 984 sarculo,
267 921 345 974 carni
362 923 522 980 satisfacere
538 935 663 996 quarunt
676 929 705 984 in
720 930 851 986 elaustro.
876 931 928 997 Qui
980 934 1065 1007 (ilom.
1082 956 1144 1006 xrrr,
1156 942 1195 1016 6),
1206 945 1311 1003 scilicet
1326 959 1438 1022 propter
1459 956 1570 1016 tributa.
1581 961 1691 1024 Reddite
1705 986 1768 1044 erqo

136 1007 168 1064 in
182 1014 391 1069 conuersatione
408 1018 502 1072 saecmi
526 1014 621 1074 diffidit
642 1022 769 1087 exaltari,
786 1024 928 1095 religionis
978 1029 1215 1089 omaibusdebito:
1226 1037 1268 1091 cai
1286 1039 1423 1110 tributam,
1436 1046 1636 1118 tributom5eni
1646 1062 1766 1133 anaqal,

136 1101 261 1161 habitum
274 1118 474 1180 nonnunquam
494 1111 611 1174 inuadit.
628 1115 821 1185 superstitiose
832 1132 927 1188 'agens
977 1121 1087 1192 uectigal
1106 1122 1205 1199 (ibid.).
1223 1126 1366 1187 'fributum
1381 1143 1423 1191 est
1443 1140 1516 1208 quod
1528 1149 1708 1214 potestatibus
1723 1169 1768 1212 re·
1840 1150 1863 1173 ’“

135 1196 269 1266 utpossit
293 1196 448 1254 sublimari.
470 1199 548 1258 Alius
575 1219 665 1273 neque
681 1205 807 1276 frigidus,
838 1223 927 1279 neque
977 1210 1073 1281 giones
1087 1215 1216 1274 solvunt:
1234 1217 1360 1294 vectigal,
1385 1228 1458 1298 quod
1481 1231 1564 1290 datur
1579 1243 1691 1309 quando
1712 1260 1764 1316 per

135 1285 254 1352 calidus,
286 1289 422 1359 pecudum
439 1305 515 1348 more
538 1297 766 1353 consuetudinem
793 1314 924 1370 sequeus.
977 1302 1081 1370 patrias
1106 1307 1264 1367 vehuntur:
1281 1311 1391 1372 Reddite
1411 1337 1473 1392 erpo
1497 1341 1628 1396 quarunt
1648 1332 1766 1396 Caesaris

135 1377 229 1432 omnia
252 1379 420 1449 negligenter
447 1382 522 1440 facit.
537 1384 591 1440 tut
615 1388 742 1457 superbia
757 1389 924 1458 laborantes,
976 1391 1079 1450 Casani
1089 1395 1198 1470 (Marti.
1211 1419 1279 1472 xxti,
1295 1407 1351 1481 li),
1364 1419 1430 1479 etc,
1445 1416 1645 1480 alternarentur
1656 1427 1766 1488 sinani-

135 1478 184 1524 aut
204 1469 307 1527 invidia
334 1477 493 1542 aestuantes,
522 1495 619 1536 omnes
643 1491 742 1553 preter
757 1499 797 1549 se,
822 1486 926 1556 pariter
975 1493 1034 1542 tero
1049 1495 1223 1552 nonsufllcrt.

134 1570 330 1629 contemnunt;
345 1567 414 1623 bene
429 1570 511 1626 etiarn
535 1580 612 1644 gesta
639 1574 751 1632 sinistre
773 1577 924 1648 accipiunt,
1012 1578 1073 1635 Sint
1085 1591 1175 1640 nartem
1188 1595 1335 1659 potestates
1346 1599 1486 1669 sollicita,
1506 1614 1765 1690 tanquanrbeopro

134 1653 252 1722 Quidam
279 1659 389 1730 pietatis
404 1663 495 1734 specie
514 1664 630 1738 decepti,
656 1683 787 1726 excessus
809 1671 925 1728 fratrum
974 1670 1191 1735 commississibi
1207 1686 1340 1744 rationem
1366 1692 1521 1768 reddituum,
1540 1705 1582 1759 rel
1601 1705 1764 1770 damnandae

133 1750 335 1831 reprehendere
344 1769 400 1809 non
410 1753 510 1810 audent
521 1773 528 1824 ;
540 1758 588 1814 sed
613 1760 686 1830 quod
700 1761 780 1833 longe
797 1761 924 1820 intolera-
974 1759 1017 1820 rel
1029 1767 1175 1836 salvandae,
1186 1763 1236 1844 pro
1250 1777 1337 1835 ofllcia
1359 1785 1402 1839 rel
1412 1785 1480 1844 bene
1491 1793 1534 1848 rel
1558 1799 1628 1854 rurale
1643 1803 1762 1862 admini-

132 1836 217 1896 bilius
225 1852 278 1906 est,
294 1844 440 1916 aliquando
453 1857 481 1904 et
500 1847 592 1905 fovens
607 1851 776 1922 ignorantes,
791 1872 861 1927 quos
875 1857 923 1929 qni
974 1864 1071 1914 strato.
1086 1857 1250 1934 insipientes
1259 1886 1325 1942 crgo
1335 1874 1477 1946 edoceant,
1493 1886 1563 1941 male
1574 1900 1685 1958 agentes
1702 1911 1762 1952 cor·

132 1947 197 1986 eum
206 1936 295 2004 possit
309 1938 450 2010 corripere
463 1955 518 1996 non
530 1943 654 2013 corripit,
667 1940 726 2016 ipse
736 1963 846 2019 quoque
860 1965 924 2006 eoa·
973 1948 1085 2021 riplant,
1100 1957 1199 2030 corrigi
1209 1962 1376 2035 negligentes
1385 1985 1439 2026 non
1451 1973 1560 2046 impune
1574 1979 1663 2040 ferant
1678 2007 1685 2041 :
1699 1987 1762 2046 Νοιι

131 2026 226 2083 sentit.
247 2026 281 2081 Et
301 2027 449 2100 Apostolus
474 2047 529 2088 non
558 2033 648 2089 solnm
675 2035 849 2104 facientibus,
874 2041 923 2097 sed

129 2115 214 2170 etiam
228 2121 464 2176 consentientibus
479 2130 585 2179 reatrrm
597 2126 711 2182 ascribit
723 2122 811 2198 (Rom.
831 2147 851 2196 r,
863 2131 919 2204 32).

167 2202 238 2260 Sunt
258 2206 342 2278 aliqui
356 2211 510 2282 praepositis
526 2213 584 2269 suis
595 2213 795 2283 inobedientes,
818 2229 917 2276 contra

128 2295 293 2365 Apostolum
305 2299 440 2358 dicentem
452 2323 459 2358 :
472 2302 565 2360 Omnis
584 2306 675 2360 oninta
685 2310 859 2378 potestatibus
879 2330 921 2368 su·

127 2381 295 2446 intimioribus
311 2392 417 2448 subdito
440 2391 677 2471 sit(flom.nv,l).
706 2401 920 2462 Animaitanou

126 2481 220 2536 solum
252 2499 377 2555 corpore,
403 2487 554 2545 sedetiam
575 2490 714 2549 voluntale
737 2506 918 2568 supponatur,

125 2585 185 2626 non
198 2572 226 2627 in
239 2572 281 2629 bis
291 2590 353 2645 qnae
378 2583 474 2632 contra
503 2585 621 2646 rectum,
638 2582 686 2637 sed
700 2590 807 2640 tantum
819 2587 847 2642 in
864 2586 919 2644 bo·

125 2663 920 2736 mino.Nosseenimbornodebetnullisedebereobedien·

123 2754 195 2811 tiam
218 2756 431 2816 contrabeum:
451 2759 606 2819 Deusenim
622 2770 772 2837 potestates
796 2766 917 2827 instituit

123 2855 288 2904 nonrontra
300 2866 339 2916 sc,
347 2851 394 2908 sed
403 2851 436 2907 ad
450 2868 490 2909 se.
499 2850 595 2927 ltaque
604 2858 694 2914 omnis
706 2860 796 2916 anima
806 2861 916 2918 subdita

123 2941 164 2995 sit
176 2944 368 3012 potestatibus,
380 2957 436 3000 uon
446 2947 568 3018 quolibet
582 2946 675 3015 modo,
687 2950 736 3007 sed
748 2952 915 3009 sublimiori-

122 3033 189 3100 bus,
202 3035 292 3101 idest,
309 3039 347 3092 in·
362 3037 444 3094 bisin
467 3039 567 3108 quibus
580 3057 629 3098 eas
651 3044 840 3115 superpositas
861 3046 914 3105 sibi

121 3127 217 3184 babet.

160 3217 231 3274 Dum
252 3228 373 3291 potestas
396 3223 540 3292 quaeritur,
562 3233 695 3296 quantum
723 3227 799 3299 juste
816 3230 911 3302 potes,

99 3327 103 3330 ·
118 3310 229 3366 enitere
243 3329 278 3367 ne
289 3312 359 3365 rnala
372 3319 512 3368 statuatur
527 3335 533 3370 :
546 3324 692 3388 postquam
703 3327 795 3375 autem
808 3328 913 3376 statuta

117 3407 175 3465 est,
196 3402 286 3472 qualis
300 3403 389 3473 qualis
402 3411 457 3468 est,
472 3420 508 3460 ne
522 3394 705 3478 blasphemes,
721 3428 753 3465 ne
766 3413 911 3471 nealediaoe

116 3493 235 3562 principi
249 3493 498 3571 (and.xxrr,28);
512 3506 541 3553 tu
558 3506 664 3556 tantum
690 3504 817 3560 subditus
839 3516 910 3573 esto,

116 3599 179 3639 non
194 3585 282 3640 solam
291 3586 371 3642 bouis
381 3595 408 3643 et
423 3591 565 3648 modestis.
579 3593 628 3648 scd
641 3594 724 3650 etiam
735 3595 858 3654 discolis.
876 3599 910 3654 Et

118 3677 175 3731 boc
185 3691 220 3732 ex
235 3679 338 3735 animo.
351 3679 535 3750 QuarciQuia
563 3683 626 3740 Non
648 3697 688 3748 est
702 3698 819 3758 potestas
830 3693 911 3747 nisio

114 3764 188 3831 Deo,
212 3786 297 3841 quare
319 3772 398 3828 ideo?
418 3773 488 3841 Quia
516 3777 568 3844 Qui
586 3781 685 3835 resistit
705 3786 839 3853 potestati,
860 3784 911 3841 Dei

113 3860 288 3918 ordinationi
301 3866 411 3922 resistit.
423 3866 493 3934 Quid
504 3869 568 3926 inde
578 3870 691 3928 damni?
703 3874 775 3930 Aridi
783 3877 849 3949 quid
865 3895 909 3936 se·

113 3953 215 4023 quitur
231 3974 237 4009 :
254 3954 308 4021 Qrii
317 3966 403 4011 autent
418 3960 554 4027 resistant,
577 3963 628 4033 ipsi
642 3966 693 4020 sibi
711 3966 908 4026 damnationem

116 4048 261 4117 acquiram
273 4047 359 4105 fflom
375 4065 436 4115 ιιιι,
451 4051 490 4125 f).
506 4051 560 4108 Sed
575 4055 641 4125 quid
655 4057 720 4112 boni
733 4060 803 4117 bene
815 4061 909 4134 subje-

110 4138 172 4194 ctis
196 4139 258 4202 erit,
269 4147 297 4194 et
320 4141 443 4211 quisunt
457 4143 527 4200 bene
549 4145 723 4217 subiecti‘lld
737 4167 789 4208 nos
811 4155 908 4212 doceat

110 4226 267 4297 Apostolus
281 4231 319 4284 ita
335 4231 545 4304 serrisloquens
561 4254 567 4290 :
583 4234 667 4303 Servi,
683 4239 784 4296 obedite
793 4241 907 4299 donanis

110 4319 270 4376 carnalibus
286 4338 346 4377 cam
356 4325 449 4380 timore
459 4336 484 4381 et
493 4337 614 4395 tremore,
626 4331 654 4385 in
662 4330 833 4403 simplicitate
846 4354 906 4392 eor·

108 4409 158 4464 dis
173 4413 261 4476 uestri,
277 4415 356 4470 sicuti
369 4415 474 4473 cbristo
490 4432 499 4473 .·
515 4437 567 4475 aon
578 4422 613 4476 ad
637 4425 742 4480 oculum
766 4431 906 4486 servientes

972 2039 1042 2096 enim
1056 2037 1203 2104 siraecansa
1213 2053 1606 2140 alodiamportaret(flom.rrtt,
1617 2076 1656 2148 f),
1669 2079 1762 2138 Caesar

972 2139 1154 2206 corporalem,
1171 2139 1270 2202 Petrus
1288 2149 1449 2220 spiritalem.
1476 2157 1591 2235 Utrique
1606 2174 1760 2232 neccessitas

972 2223 1115 2296 incumbit,
1131 2231 1233 2292 Caesari
1245 2245 1274 2292 ut
1286 2241 1375 2311 feriat,
1397 2245 1478 2307 Petro
1492 2261 1521 2308 ut
1546 2257 1651 2318 doceat.
1677 2264 1761 2325 Docet

971 2325 999 2373 et
1016 2319 1117 2388 Caesar,
1129 2326 1176 2381 sed
1186 2329 1249 2398 jura
1265 2335 1375 2405 mundl;
1392 2339 1573 2418 feritquoque
1583 2351 1691 2425 Petrus,
1708 2365 1757 2419 sed

970 2423 1037 2464 ense
1049 2412 1194 2482 spirituali.
1219 2417 1311 2492 ltaque
1341 2425 1441 2500 ubique
1455 2433 1602 2495 beneviuit
1624 2447 1672 2516 qui
1692 2449 1760 2510 obe·

970 2499 1100 2558 dientiam
1115 2509 1245 2576 custodit,
1262 2529 1276 2568 a
1294 2520 1467 2579 secularium
1482 2541 1625 2599 separatus
1639 2553 1759 2598 conver·

969 2593 1086 2650 satione.
1124 2597 1215 2658 Bonus
1245 2607 1355 2674 quidem
1387 2621 1429 2668 est
1455 2617 1478 2672 si
1498 2619 1577 2688 juxta
1604 2629 1756 2696 professio·

968 2699 1031 2740 nent
1040 2683 1121 2762 240
1131 2707 1207 2748 suurn
1220 2695 1367 2768 benefacit,
1379 2707 1473 2775 perfici
1486 2720 1576 2770 autem
1585 2726 1652 2774 turrc
1660 2721 1756 2798 incipit

969 2792 1031 2832 eum
1045 2779 1133 2851 ipsum
1146 2784 1222 2854 juste
1234 2789 1326 2848 vivere
1337 2795 1480 2856 dulcescit.

1003 2866 1089 2934 Quem
1098 2875 1189 2930 saeculi
1197 2876 1359 2954 circumagit
1370 2887 1537 2954 mola,nriles
1548 2898 1606 2955 sine
1621 2915 1754 2974 agricola,

967 2969 1104 3018 mercator
1117 2980 1164 3021 seu
1173 2967 1318 3038 cujuslibet
1327 2977 1503 3049 conditionis,
1517 2985 1755 3067 legitimatameu,

966 3052 1121 3126 professam
1140 3059 1220 3115 aliter
1234 3063 1334 3122 salvari
1348 3083 1404 3126 non
1419 3083 1507 3143 potest
1519 3075 1592 3150 (curn
1603 3085 1687 3145 vitam
1697 3106 1756 3149 uon

966 3149 1058 3200 teneat
1078 3155 1328 3231 contemplativam)
1343 3161 1398 3218 nisi
1415 3165 1541 3226 babuerit
1555 3175 1683 3237 activam.
1706 3179 1754 3240 Uti

964 3237 1037 3292 enim
1049 3240 1218 3309 jamdictum
1234 3255 1285 3314 est,
1301 3253 1383 3308 tertia
1395 3255 1451 3310 vita
1462 3274 1516 3316 mm
1524 3272 1577 3328 est,
1596 3284 1650 3338 qua
1666 3272 1753 3348 isqui

964 3328 1051 3383 utitur
1070 3333 1186 3400 ratione,
1199 3338 1282 3394 sitam
1294 3340 1390 3398 debeat
1402 3361 1522 3415 sperare.

1000 3421 1053 3480 Sed
1064 3429 1202 3496 quomodo
1214 3431 1322 3490 diuersa
1337 3439 1432 3495 muudi
1446 3441 1534 3498 officia
1545 3457 1682 3511 sectantes
1697 3457 1752 3514 tub

962 3513 1128 3588 uitadcgunt
1149 3522 1258 3578 activa?
1282 3524 1444 3596 Siqaarunt
1459 3550 1518 3604 qna
1541 3553 1675 3610 suasant,
1697 3563 1750 3602 aon

961 3621 1020 3677 qua
1039 3602 1103 3663 lesa
1127 3609 1227 3669 Christi
1251 3613 1360 3688 (Pbifip.
1376 3635 1407 3686 ιι,
1419 3621 1489 3695 abt
1515 3626 1544 3683 Si
1567 3646 1693 3702 quaerunt
1719 3639 1750 3699 itt

961 3699 1064 3754 mundo
1075 3705 1232 3772 praevalere,
1243 3724 1299 3767 non
1315 3720 1406 3770 autern
1420 3715 1532 3778 Christo
1547 3725 1681 3802 placeret,
1690 3730 1748 3790 ilu-

957 3787 1080 3856 jusmodi
1093 3808 1158 3864 ergo
1173 3802 1219 3852 aut
1242 3799 1324 3856 activi
1339 3805 1495 3866 nullatenus
1517 3823 1592 3882 suut,
1618 3827 1667 3876 ant
1686 3839 1757 3882 nro·¹

960 3881 1156 3950 lamrotantes.
1172 3902 1228 3942 non
1240 3891 1314 3962 quod
1333 3893 1372 3949 ita
1393 3898 1487 3965 velint,
1509 3919 1604 3962 rerum
1633 3921 1746 3983 propter

959 3987 1021 4028 eum
1036 3974 1083 4046 qui
1097 3989 1144 4032 eos
1157 3978 1274 4048 subjecit
1288 3981 1316 4036 in
1328 3997 1388 4054 spe,
1403 3989 1517 4048 vanitati
1534 3995 1651 4066 subjecti
1660 4003 1745 4068 ἐιιιιι.

959 4073 989 4120 ut
1004 4067 1176 4124 nonrauitas
1199 4071 1345 4132 mundana
1365 4084 1596 4153 conversationis,
1620 4100 1668 4147 aut
1690 4095 1746 4152 cir·

958 4160 1156 4216 eunrnolutatio
1178 4165 1291 4220 molaris
1305 4168 1340 4222 sit
1349 4180 1428 4242 grata
1439 4192 1445 4242 ;
1458 4191 1552 4232 rerum
1564 4189 1594 4235 ut
1606 4199 1657 4238 suo
1672 4187 1746 4257 quis·

956 4251 1020 4319 quis
1034 4251 1062 4306 in
1077 4251 1165 4308 officio
1180 4254 1263 4314 abeo
1273 4259 1326 4314 sibi
1346 4266 1539 4335 praeordinato,
1552 4271 1614 4327 ideo
1631 4276 1743 4336 demum

957 4341 1115 4401 liberandus
1130 4346 1244 4415 laboret,
1258 4361 1394 4421 quatenus
1404 4357 1513 4414 interim
1529 4379 1581 4419 suo
1594 4381 1644 4436 pro
1668 4379 1743 4428 statu

956 4433 1073 4494 Domino
1107 4440 1270 4513 obsequium
1294 4457 1414 4515 praestet.
1445 4451 1628 4518 Quamobrem
1646 4461 1742 4534 enjus

107 4503 194 4572 quasi
207 4502 355 4560 horninibus
365 4506 506 4574 placentes,
519 4508 565 4566 sed
579 4516 684 4570 atseroi
694 4515 794 4574 Christi
802 4520 903 4590 [oeien-
917 4539 940 4597 p
955 4539 1064 4602 cunque
1074 4533 1176 4604 negotii
1190 4549 1231 4601 es,
1246 4535 1346 4609 inipso
1360 4546 1387 4597 te
1400 4557 1450 4613 pro
1465 4546 1547 4602 modo
1562 4555 1610 4606 tuo
1627 4563 1742 4627 propter

108 4605 153 4649 tes
163 4596 323 4653 uoluntatem
342 4597 540 4668 betoaenea,
554 4617 613 4660 cam
625 4607 694 4663 bono
703 4613 904 4668 volantateser·

105 4686 212 4745 nanae
223 4691 293 4744 siam
302 4689 415 4746 Domino
425 4703 450 4747 et
463 4711 515 4750 noa
529 4696 695 4755 bominibus:
706 4703 817 4760 scientes
835 4721 903 4776 qao-

104 4782 188 4836 m’am
198 4785 376 4856 sermnisque
389 4785 559 4860 qaodcunque
572 4789 662 4860 feeerit
675 4792 782 4860 bonam,
794 4795 842 4851 boc
860 4814 902 4852 re·

104 4867 191 4942 cipiet
205 4873 356 4939 ademtae,
372 4877 425 4933 siae
434 4891 523 4934 sernas
542 4880 596 4935 siae
612 4880 676 4938 liber
688 4883 795 4956 (prer.
808 4902 848 4953 vr,
860 4887 899 4961 ll).

103 4962 299 5020 obediendum
319 4977 438 5039 ergoest
460 4973 649 5044 superioribus
662 4977 745 5033 etiarn
768 4979 858 5044 malis,
872 4981 901 5035 in

101 5059 298 5129 simplicitate,
313 5071 342 5116 ut
354 5061 426 5118 sieut
435 5065 588 5122 ostenditur
600 5075 689 5137 extra,
705 5071 746 5127 sic
757 5071 795 5128 sit
810 5072 839 5128 in
851 5089 899 5130 so·

101 5149 216 5206 lautae
230 5150 314 5206 iutra.
326 5151 512 5210 obediendum
535 5154 598 5212 dieo
608 5159 680 5214 sicut
703 5159 826 5227 cbristo,
842 5178 899 5219 non

99 5240 220 5314 quidem
236 5250 266 5296 nt
280 5242 437 5302 bominibus
447 5248 614 5319 placeamus,
622 5266 718 5308 rerum
733 5261 763 5308 nt
775 5255 900 5311 volunta·

98 5341 164 5389 tem
178 5332 227 5388 llei
239 5333 384 5394 faciamus.
400 5337 447 5394 Est
456 5340 531 5395 enirn
555 5343 682 5400 voluntas
704 5343 764 5411 uer.
782 5354 812 5402 ut
833 5364 897 5405 cum

97 5426 250 5483 mlrrntnte
283 5428 355 5484 bona
390 5433 544 5504 praepositis
573 5438 693 5494 nostris·
722 5441 895 5515 serviamus„

96 5506 253 5590 ipsumque
268 5520 428 5592 obsequium
440 5539 513 5581 ¹esse
537 5524 585 5583 uer
600 5530 705 5584 cultum
728 5529 894 5599 judicemus.

94 5606 290 5677 Quamobrem
302 5613 481 5682 potestatibus
495 5615 519 5670 is
533 5632 629 5675 secure
643 5619 756 5686 serviat,
768 5623 896 5696 quisquis

92 5713 136 5756 eo
152 5699 182 5752 in
193 5702 308 5756 seruitio
322 5703 428 5760 servire
442 5721 473 5761 so
496 5705 551 5762 beo
562 5724 617 5764 non
639 5709 759 5788 ignorat,
779 5715 892 5774 scieas:

134 5790 215 5865 (382)
225 5792 295 5868 Aug.
311 5795 328 5850 l.
341 5795 387 5850 ἰιι
400 5795 532 5866 berleta,
548 5815 574 5857 c.
588 5801 634 5869 26,
649 5811 701 5861 etc.

955 4620 1040 4679 ileum
1055 4635 1162 4692 exerce,
1175 4635 1309 4697 quatenus
1324 4631 1443 4704 legitime
1453 4639 1580 4710 acquiras
1604 4645 1677 4704 unde
1700 4647 1740 4704 le-

953 4714 1143 4784 gitinreniras.
1158 4709 1235 4776 Unde
1252 4721 1417 4782 oblationem
1442 4727 1509 4795 ileo,
1526 4735 1652 4804 proximo
1671 4751 1741 4811 pras

954 4814 1011 4864 stes
1022 4807 1162 4877 feramen.
1174 4809 1248 4883 (582)
1261 4811 1315 4870 Res
1326 4818 1420 4875 mundi
1438 4821 1462 4878 si
1470 4821 1555 4882 babes
1571 4839 1682 4901 propter
1691 4848 1739 4889 ue·

952 4901 1109 4956 cessitatem
1124 4908 1151 4958 et
1170 4919 1228 4960 non
1253 4915 1365 4980 propter
1380 4912 1558 4986 voluptatem,
1574 4920 1602 4974 in
1623 4937 1740 4980 nrrmero

951 5006 982 5048 es
996 4991 1116 5060 illorum,
1127 4997 1177 5066 qni
1199 5011 1283 5068 super
1305 4999 1366 5059 fidei
1381 5003 1588 5066 fundamentum
1602 5013 1740 5072 aedificant

951 5099 1048 5142 aurum
1059 5093 1087 5144 et
1098 5095 1249 5159 argentum,
1259 5091 1362 5164 lapides
1372 5099 1507 5166 pretiosos
1517 5100 1545 5171 (i
1554 5099 1615 5159 Gor.
1627 5120 1669 5174 ur,
1680 5105 1737 5180 l2);

949 5178 997 5250 qui
1015 5177 1043 5234 iu
1058 5179 1177 5250 igneaut
1191 5183 1258 5238 nibil
1274 5191 1303 5240 ut
1321 5201 1416 5257 parum
1440 5193 1589 5263 patiuntur.
1614 5195 1648 5252 lli
1672 5205 1738 5256 suut

949 5273 1040 5328 omnia
1053 5273 1235 5345 possidentes,
1246 5285 1375 5350 tauquam
1387 5281 1455 5338 nihil
1471 5284 1650 5358 babentesfff
1669 5287 1733 5348 Cor.

947 5381 986 5431 vr,
1001 5365 1056 5437 ld).
1068 5364 1169 5424 Verum
1183 5370 1207 5427 si
1218 5386 1275 5428 rem
1286 5381 1360 5429 tuam
1386 5391 1448 5430 cum
1462 5379 1594 5434 nonnullo
1610 5383 1737 5451 possides

947 5471 1054 5522 amore;
1068 5458 1143 5527 quod
1155 5462 1297 5531 probatur,
1312 5465 1422 5535 quando
1434 5481 1493 5522 eam
1504 5468 1596 5538 perdis
1608 5486 1671 5527 ιιιιιι
1684 5473 1736 5528 ali·

947 5565 1002 5621 quo
1013 5549 1117 5618 dolore,
1136 5551 1164 5608 in
1175 5569 1205 5611 re
1218 5561 1310 5612 tamen
1324 5569 1369 5613 tua
1384 5555 1469 5614 Deum
1493 5559 1630 5619 offendere
1657 5563 1734 5620 nulla

946 5642 989 5699 ris
1007 5627 1130 5715 ratione3
1143 5647 1264 5706 noudum
1279 5649 1400 5710 destruis
1420 5651 1640 5722 fundamentum,
1662 5669 1732 5727 quo-

945 5735 1090 5796 niamrcnr
1114 5739 1399 5818 mincsdiligisquom
1422 5742 1519 5814 nean.
1535 5744 1592 5810 ittto
1614 5747 1734 5821 pignera,
