<?xml version="1.0" encoding="UTF-8"?>
<!DOCTYPE html PUBLIC "-//W3C//DTD XHTML 1.0 Transitional//EN"
    "http://www.w3.org/TR/xhtml1/DTD/xhtml1-transitional.dtd">
<html xmlns="http://www.w3.org/1999/xhtml" xml:lang="en" lang="en">
 <head>
  <title>
</title>
<meta http-equiv="Content-Type" content="text/html;charset=utf-8" />
  <meta name='ocr-system' content='tesseract 3.04.00' />
  <meta name='ocr-capabilities' content='ocr_page ocr_carea ocr_par ocr_line ocrx_word'/>
</head>
<body>
  <div class='ocr_page' id='page_1' title='image "./patrologiaecurs141migngoog_0161.png"; bbox 0 0 3967 6334; ppageno 0'>
   <div class='ocr_carea' id='block_1_1' title="bbox 108 367 1748 442">
    <p class='ocr_par' dir='ltr' id='par_1_1' title="bbox 108 367 1748 442">
     <span class='ocr_line' id='line_1_1' title="bbox 108 367 1748 442; baseline 0 -16"><span class='ocrx_word' id='word_1_1' title='bbox 108 367 167 426; x_wconf 65' lang='lat'>³13</span> <span class='ocrx_word' id='word_1_2' title='bbox 571 370 603 428; x_wconf 82' lang='lat' dir='ltr'>ln</span> <span class='ocrx_word' id='word_1_3' title='bbox 622 369 722 430; x_wconf 78' lang='lat' dir='ltr'>un&#39;ttu</span> <span class='ocrx_word' id='word_1_4' title='bbox 741 371 788 430; x_wconf 77' lang='lat' dir='ltr'>sil</span> <span class='ocrx_word' id='word_1_5' title='bbox 807 369 974 442; x_wconf 76' lang='lat' dir='ltr'>obnubuit</span> <span class='ocrx_word' id='word_1_6' title='bbox 994 371 1095 428; x_wconf 77' lang='lat' dir='ltr'>cisun</span> <span class='ocrx_word' id='word_1_7' title='bbox 1113 369 1266 430; x_wconf 73' lang='lat' dir='ltr'>nuntius</span> <span class='ocrx_word' id='word_1_8' title='bbox 1696 371 1748 427; x_wconf 76' lang='lat' dir='ltr'>alt</span> 
     </span>
    </p>
   </div>
   <div class='ocr_carea' id='block_1_2' title="bbox 109 484 1750 746">
    <p class='ocr_par' dir='ltr' id='par_1_2' title="bbox 109 484 1750 746">
     <span class='ocr_line' id='line_1_2' title="bbox 111 484 1750 568; baseline 0.004 -29"><span class='ocrx_word' id='word_1_9' title='bbox 111 484 325 542; x_wconf 81' lang='lat' dir='ltr'>similitudinem</span> <span class='ocrx_word' id='word_1_10' title='bbox 348 492 482 542; x_wconf 90' lang='lat' dir='ltr'>teneatur.</span> <span class='ocrx_word' id='word_1_11' title='bbox 499 484 624 560; x_wconf 80' lang='lat' dir='ltr'>Regnum</span> <span class='ocrx_word' id='word_1_12' title='bbox 639 493 772 550; x_wconf 85' lang='lat' dir='ltr'>coelorum</span> <span class='ocrx_word' id='word_1_13' title='bbox 789 494 909 567; x_wconf 75' lang='lat' dir='ltr'>intellige</span> <span class='ocrx_word' id='word_1_14' title='bbox 923 501 947 559; x_wconf 73' lang='grc' dir='ltr'><strong>Α</strong></span> <span class='ocrx_word' id='word_1_15' title='bbox 961 497 1032 568; x_wconf 80' lang='lat' dir='ltr'>xxi).</span> <span class='ocrx_word' id='word_1_16' title='bbox 1045 497 1100 553; x_wconf 86' lang='lat' dir='ltr'>Pro</span> <span class='ocrx_word' id='word_1_17' title='bbox 1118 511 1175 560; x_wconf 86' lang='lat' dir='ltr'>ouo</span> <span class='ocrx_word' id='word_1_18' title='bbox 1187 508 1303 551; x_wconf 76' lang='lat' dir='ltr'>excessu</span> <span class='ocrx_word' id='word_1_19' title='bbox 1318 493 1451 565; x_wconf 88' lang='lat' dir='ltr'>scriptum</span> <span class='ocrx_word' id='word_1_20' title='bbox 1466 500 1525 548; x_wconf 89' lang='lat' dir='ltr'>est:</span> <span class='ocrx_word' id='word_1_21' title='bbox 1545 488 1580 544; x_wconf 78' lang='lat' dir='ltr'>lit</span> <span class='ocrx_word' id='word_1_22' title='bbox 1599 487 1689 559; x_wconf 79' lang='lat' dir='ltr'>iustus</span> <span class='ocrx_word' id='word_1_23' title='bbox 1703 492 1750 563; x_wconf 82' lang='lat' dir='ltr'>qui</span> 
     </span>
     <span class='ocr_line' id='line_1_3' title="bbox 109 576 1501 660; baseline 0.003 -28"><span class='ocrx_word' id='word_1_24' title='bbox 109 577 267 643; x_wconf 80' lang='lat' dir='ltr'>Christum,</span> <span class='ocrx_word' id='word_1_25' title='bbox 279 576 341 632; x_wconf 89' lang='lat' dir='ltr'>ideo</span> <span class='ocrx_word' id='word_1_26' title='bbox 351 585 461 633; x_wconf 87' lang='lat' dir='ltr'>terreno</span> <span class='ocrx_word' id='word_1_27' title='bbox 477 578 534 650; x_wconf 89' lang='lat' dir='ltr'>regi</span> <span class='ocrx_word' id='word_1_28' title='bbox 551 581 744 652; x_wconf 85' lang='lat' dir='ltr'>assimilatum,</span> <span class='ocrx_word' id='word_1_29' title='bbox 768 591 799 638; x_wconf 94' lang='lat' dir='ltr'>ut</span> <span class='ocrx_word' id='word_1_30' title='bbox 811 593 905 642; x_wconf 87' lang='lat' dir='ltr'>osten·</span> <span class='ocrx_word' id='word_1_31' title='bbox 956 590 1063 657; x_wconf 80' lang='lat' dir='ltr'>peritia</span> <span class='ocrx_word' id='word_1_32' title='bbox 1072 589 1182 658; x_wconf 81' lang='lat' dir='ltr'>justitia</span> <span class='ocrx_word' id='word_1_33' title='bbox 1196 605 1247 643; x_wconf 84' lang='lat' dir='ltr'>sua</span> <span class='ocrx_word' id='word_1_34' title='bbox 1264 585 1372 660; x_wconf 80' lang='lat' dir='ltr'>(Eaeci.</span> <span class='ocrx_word' id='word_1_35' title='bbox 1387 582 1501 653; x_wconf 73' lang='lat' dir='ltr'>sumn.)</span> 
     </span>
     <span class='ocr_line' id='line_1_4' title="bbox 109 665 1747 746; baseline 0 -24"><span class='ocrx_word' id='word_1_36' title='bbox 109 665 160 722; x_wconf 87' lang='lat' dir='ltr'>dat</span> <span class='ocrx_word' id='word_1_37' title='bbox 184 667 246 724; x_wconf 88' lang='lat' dir='ltr'>siue</span> <span class='ocrx_word' id='word_1_38' title='bbox 266 683 381 724; x_wconf 89' lang='lat' dir='ltr'>numero</span> <span class='ocrx_word' id='word_1_39' title='bbox 403 678 530 741; x_wconf 76' lang='lat' dir='ltr'><strong>oportere</strong></span> <span class='ocrx_word' id='word_1_40' title='bbox 550 672 657 728; x_wconf 86' lang='lat' dir='ltr'>reniam</span> <span class='ocrx_word' id='word_1_41' title='bbox 679 674 747 732; x_wconf 87' lang='lat' dir='ltr'>darc</span> <span class='ocrx_word' id='word_1_42' title='bbox 763 678 906 734; x_wconf 76' lang='lat' dir='ltr'>conservis</span> <span class='ocrx_word' id='word_1_43' title='bbox 997 677 1118 732; x_wconf 84' lang='lat' dir='ltr'>Videntes</span> <span class='ocrx_word' id='word_1_44' title='bbox 1133 687 1221 732; x_wconf 81' lang='lat' dir='ltr'>autem</span> <span class='ocrx_word' id='word_1_45' title='bbox 1238 677 1355 732; x_wconf 75' lang='lat' dir='ltr'>eonsmoi</span> <span class='ocrx_word' id='word_1_46' title='bbox 1368 676 1425 746; x_wconf 78' lang='lat' dir='ltr'>ejus</span> <span class='ocrx_word' id='word_1_47' title='bbox 1446 689 1505 744; x_wconf 85' lang='lat' dir='ltr'>qua</span> <span class='ocrx_word' id='word_1_48' title='bbox 1525 669 1747 742; x_wconf 73' lang='lat' dir='ltr'>cessauerant</span> 
     </span>
    </p>
   </div>
   <div class='ocr_carea' id='block_1_3' title="bbox 110 758 1748 932">
    <p class='ocr_par' dir='ltr' id='par_1_3' title="bbox 110 758 1748 932">
     <span class='ocr_line' id='line_1_5' title="bbox 110 758 1748 837; baseline -0.001 -23"><span class='ocrx_word' id='word_1_49' title='bbox 110 760 324 831; x_wconf 73' lang='lat' dir='ltr'>paenitentibus,</span> <span class='ocrx_word' id='word_1_50' title='bbox 339 777 402 817; x_wconf 92' lang='lat' dir='ltr'>cum</span> <span class='ocrx_word' id='word_1_51' title='bbox 417 778 465 834; x_wconf 90' lang='lat' dir='ltr'>per</span> <span class='ocrx_word' id='word_1_52' title='bbox 486 762 627 836; x_wconf 74' lang='lat' dir='ltr'>Evangelii</span> <span class='ocrx_word' id='word_1_53' title='bbox 646 768 763 837; x_wconf 87' lang='lat' dir='ltr'>gratiam</span> <span class='ocrx_word' id='word_1_54' title='bbox 784 769 906 825; x_wconf 90' lang='lat' dir='ltr'>omnium</span> <span class='ocrx_word' id='word_1_55' title='bbox 956 771 1022 824; x_wconf 86' lang='lat' dir='ltr'>stati</span> <span class='ocrx_word' id='word_1_56' title='bbox 1035 778 1097 824; x_wconf 91' lang='lat' dir='ltr'>sunt</span> <span class='ocrx_word' id='word_1_57' title='bbox 1107 768 1192 825; x_wconf 67' lang='lat' dir='ltr'>naua.</span> <span class='ocrx_word' id='word_1_58' title='bbox 1214 768 1249 823; x_wconf 81' lang='lat' dir='ltr'>lit</span> <span class='ocrx_word' id='word_1_59' title='bbox 1262 776 1388 824; x_wconf 82' lang='lat' dir='ltr'>renrmnt</span> <span class='ocrx_word' id='word_1_60' title='bbox 1402 775 1427 820; x_wconf 86' lang='lat' dir='ltr'>et</span> <span class='ocrx_word' id='word_1_61' title='bbox 1450 769 1627 820; x_wconf 82' lang='lat' dir='ltr'>amranerunt</span> <span class='ocrx_word' id='word_1_62' title='bbox 1640 758 1748 814; x_wconf 85' lang='lat' dir='ltr'>domino</span> 
     </span>
     <span class='ocr_line' id='line_1_6' title="bbox 110 853 1393 932; baseline 0.005 -25"><span class='ocrx_word' id='word_1_63' title='bbox 110 853 228 909; x_wconf 90' lang='lat' dir='ltr'>omniuo</span> <span class='ocrx_word' id='word_1_64' title='bbox 237 855 424 926; x_wconf 78' lang='lat' dir='ltr'>peccaminum</span> <span class='ocrx_word' id='word_1_65' title='bbox 434 857 541 912; x_wconf 85' lang='lat' dir='ltr'>reniam</span> <span class='ocrx_word' id='word_1_66' title='bbox 552 859 632 914; x_wconf 88' lang='lat' dir='ltr'>nobis</span> <span class='ocrx_word' id='word_1_67' title='bbox 640 859 713 916; x_wconf 90' lang='lat' dir='ltr'>lleus</span> <span class='ocrx_word' id='word_1_68' title='bbox 722 875 773 917; x_wconf 89' lang='lat' dir='ltr'>suo</span> <span class='ocrx_word' id='word_1_69' title='bbox 782 877 905 927; x_wconf 88' lang='lat' dir='ltr'>munere,</span> <span class='ocrx_word' id='word_1_70' title='bbox 956 877 1006 916; x_wconf 86' lang='lat' dir='ltr'>suo</span> <span class='ocrx_word' id='word_1_71' title='bbox 1017 863 1107 916; x_wconf 87' lang='lat' dir='ltr'>omniu</span> <span class='ocrx_word' id='word_1_72' title='bbox 1119 877 1178 932; x_wconf 87' lang='lat' dir='ltr'>qua</span> <span class='ocrx_word' id='word_1_73' title='bbox 1191 861 1264 931; x_wconf 77' lang='lat' dir='ltr'>{actu</span> <span class='ocrx_word' id='word_1_74' title='bbox 1275 861 1393 930; x_wconf 75' lang='lat' dir='ltr'>fuerumt.</span> 
     </span>
    </p>
   </div>
   <div class='ocr_carea' id='block_1_4' title="bbox 75 947 1750 1120">
    <p class='ocr_par' dir='ltr' id='par_1_4' title="bbox 75 947 1750 1120">
     <span class='ocr_line' id='line_1_7' title="bbox 109 947 1750 1024; baseline 0 -24"><span class='ocrx_word' id='word_1_75' title='bbox 109 959 170 1000; x_wconf 89' lang='lat' dir='ltr'>non</span> <span class='ocrx_word' id='word_1_76' title='bbox 183 953 280 1002; x_wconf 88' lang='lat' dir='ltr'>nostro</span> <span class='ocrx_word' id='word_1_77' title='bbox 294 947 402 1015; x_wconf 88' lang='lat' dir='ltr'>merito,</span> <span class='ocrx_word' id='word_1_78' title='bbox 419 949 534 1021; x_wconf 88' lang='lat' dir='ltr'>largitus</span> <span class='ocrx_word' id='word_1_79' title='bbox 549 950 596 1006; x_wconf 88' lang='lat' dir='ltr'>sit.</span> <span class='ocrx_word' id='word_1_80' title='bbox 993 953 1157 1023; x_wconf 78' lang='lat' dir='ltr'>spirituales</span> <span class='ocrx_word' id='word_1_81' title='bbox 1164 954 1210 1024; x_wconf 92' lang='lat' dir='ltr'>qui</span> <span class='ocrx_word' id='word_1_82' title='bbox 1220 951 1452 1022; x_wconf 80' lang='lat' dir='ltr'>omniajudicant‚</span> <span class='ocrx_word' id='word_1_83' title='bbox 1464 949 1529 1003; x_wconf 89' lang='lat' dir='ltr'>talia</span> <span class='ocrx_word' id='word_1_84' title='bbox 1539 947 1674 1010; x_wconf 84' lang='lat' dir='ltr'>sidentes,</span> <span class='ocrx_word' id='word_1_85' title='bbox 1685 959 1750 999; x_wconf 87' lang='lat' dir='ltr'>con·</span> 
     </span>
     <span class='ocr_line' id='line_1_8' title="bbox 75 1035 1750 1120; baseline 0.002 -30"><span class='ocrx_word' id='word_1_86' title='bbox 75 1052 93 1120; x_wconf 41' lang='lat' dir='ltr'><strong>ff</strong></span> <span class='ocrx_word' id='word_1_87' title='bbox 149 1035 187 1090; x_wconf 79' lang='lat' dir='ltr'>Et</span> <span class='ocrx_word' id='word_1_88' title='bbox 206 1053 266 1092; x_wconf 88' lang='lat' dir='ltr'>cum</span> <span class='ocrx_word' id='word_1_89' title='bbox 288 1039 407 1108; x_wconf 72' lang='lat' dir='ltr'>caputet</span> <span class='ocrx_word' id='word_1_90' title='bbox 428 1042 558 1096; x_wconf 85' lang='lat' dir='ltr'>rationem</span> <span class='ocrx_word' id='word_1_91' title='bbox 575 1057 680 1112; x_wconf 86' lang='lat' dir='ltr'>ponere,</span> <span class='ocrx_word' id='word_1_92' title='bbox 696 1045 800 1100; x_wconf 81' lang='lat' dir='ltr'>oblutus</span> <span class='ocrx_word' id='word_1_93' title='bbox 819 1055 858 1102; x_wconf 81' lang='lat' dir='ltr'>est</span> <span class='ocrx_word' id='word_1_94' title='bbox 881 1048 906 1102; x_wconf 88' lang='lat' dir='ltr'>ei</span> <span class='ocrx_word' id='word_1_95' title='bbox 956 1046 1141 1102; x_wconf 89' lang='lat' dir='ltr'>tristanturet</span> <span class='ocrx_word' id='word_1_96' title='bbox 1153 1044 1282 1099; x_wconf 88' lang='lat' dir='ltr'>nuntiant</span> <span class='ocrx_word' id='word_1_97' title='bbox 1297 1043 1423 1110; x_wconf 82' lang='lat' dir='ltr'>Domino,</span> <span class='ocrx_word' id='word_1_98' title='bbox 1443 1041 1476 1096; x_wconf 92' lang='lat' dir='ltr'>ad</span> <span class='ocrx_word' id='word_1_99' title='bbox 1494 1038 1750 1111; x_wconf 85' lang='lat' dir='ltr'>corrigendumim-</span> 
     </span>
    </p>
   </div>
   <div class='ocr_carea' id='block_1_5' title="bbox 83 1125 1749 1296">
    <p class='ocr_par' dir='ltr' id='par_1_5' title="bbox 83 1125 1749 1296">
     <span class='ocr_line' id='line_1_9' title="bbox 83 1125 1256 1212; baseline 0.009 -30"><span class='ocrx_word' id='word_1_100' title='bbox 83 1125 183 1183; x_wconf 61' lang='lat' dir='ltr'>‘stans</span> <span class='ocrx_word' id='word_1_101' title='bbox 202 1129 248 1202; x_wconf 74' lang='lat' dir='ltr'>qni</span> <span class='ocrx_word' id='word_1_102' title='bbox 265 1127 374 1186; x_wconf 76' lang='lat' dir='ltr'>deiciat</span> <span class='ocrx_word' id='word_1_103' title='bbox 394 1131 483 1186; x_wconf 88' lang='lat' dir='ltr'>decem</span> <span class='ocrx_word' id='word_1_104' title='bbox 501 1132 587 1190; x_wconf 87' lang='lat' dir='ltr'>millio</span> <span class='ocrx_word' id='word_1_105' title='bbox 603 1136 712 1192; x_wconf 87' lang='lat' dir='ltr'>talentu.</span> <span class='ocrx_word' id='word_1_106' title='bbox 735 1135 803 1193; x_wconf 83' lang='lat' dir='ltr'>Cum</span> <span class='ocrx_word' id='word_1_107' title='bbox 818 1149 907 1194; x_wconf 84' lang='lat' dir='ltr'>autent</span> <span class='ocrx_word' id='word_1_108' title='bbox 956 1138 1097 1212; x_wconf 71' lang='lat' dir='ltr'><strong>plorantes</strong></span> <span class='ocrx_word' id='word_1_109' title='bbox 1113 1137 1256 1193; x_wconf 77' lang='lat' dir='ltr'>auxilium.</span> 
     </span>
     <span class='ocr_line' id='line_1_10' title="bbox 108 1218 1749 1296; baseline 0.002 -23"><span class='ocrx_word' id='word_1_110' title='bbox 108 1232 167 1274; x_wconf 81' lang='lat' dir='ltr'>aton</span> <span class='ocrx_word' id='word_1_111' title='bbox 180 1218 288 1276; x_wconf 78' lang='lat' dir='ltr'>liaberet</span> <span class='ocrx_word' id='word_1_112' title='bbox 309 1221 377 1278; x_wconf 83' lang='lat' dir='ltr'>uude</span> <span class='ocrx_word' id='word_1_113' title='bbox 394 1222 523 1290; x_wconf 66' lang='lat' dir='ltr'>reddmn</span> <span class='ocrx_word' id='word_1_114' title='bbox 538 1225 621 1296; x_wconf 81' lang='lat' dir='ltr'>jussit</span> <span class='ocrx_word' id='word_1_115' title='bbox 642 1243 702 1282; x_wconf 85' lang='lat' dir='ltr'>cum</span> <span class='ocrx_word' id='word_1_116' title='bbox 726 1227 848 1286; x_wconf 90' lang='lat' dir='ltr'>dominus</span> <span class='ocrx_word' id='word_1_117' title='bbox 862 1245 904 1286; x_wconf 86' lang='lat' dir='ltr'>oe-</span> <span class='ocrx_word' id='word_1_118' title='bbox 994 1227 1067 1282; x_wconf 81' lang='lat' dir='ltr'>Tunc</span> <span class='ocrx_word' id='word_1_119' title='bbox 1079 1227 1265 1283; x_wconf 79' lang='lat' dir='ltr'>coemitillum</span> <span class='ocrx_word' id='word_1_120' title='bbox 1275 1225 1398 1280; x_wconf 86' lang='lat' dir='ltr'>dominus</span> <span class='ocrx_word' id='word_1_121' title='bbox 1414 1240 1490 1288; x_wconf 90' lang='lat' dir='ltr'>suus,</span> <span class='ocrx_word' id='word_1_122' title='bbox 1505 1231 1530 1278; x_wconf 88' lang='lat' dir='ltr'>et</span> <span class='ocrx_word' id='word_1_123' title='bbox 1545 1223 1583 1277; x_wconf 88' lang='lat' dir='ltr'>ait</span> <span class='ocrx_word' id='word_1_124' title='bbox 1595 1220 1655 1276; x_wconf 88' lang='lat' dir='ltr'>iili:</span> <span class='ocrx_word' id='word_1_125' title='bbox 1670 1218 1749 1276; x_wconf 78' lang='lat' dir='ltr'>Sem</span> 
     </span>
    </p>
   </div>
   <div class='ocr_carea' id='block_1_6' title="bbox 101 1312 1753 3324">
    <p class='ocr_par' dir='ltr' id='par_1_6' title="bbox 101 1312 1753 3324">
     <span class='ocr_line' id='line_1_11' title="bbox 109 1312 1750 1394; baseline -0.001 -27"><span class='ocrx_word' id='word_1_126' title='bbox 109 1313 242 1380; x_wconf 69' lang='lat' dir='ltr'>numani,</span> <span class='ocrx_word' id='word_1_127' title='bbox 254 1323 280 1370; x_wconf 84' lang='lat' dir='ltr'>ct</span> <span class='ocrx_word' id='word_1_128' title='bbox 289 1330 399 1370; x_wconf 80' lang='lat' dir='ltr'>oaorem</span> <span class='ocrx_word' id='word_1_129' title='bbox 409 1316 467 1386; x_wconf 78' lang='lat' dir='ltr'>ejus</span> <span class='ocrx_word' id='word_1_130' title='bbox 478 1327 505 1372; x_wconf 86' lang='lat' dir='ltr'>et</span> <span class='ocrx_word' id='word_1_131' title='bbox 517 1317 599 1388; x_wconf 73' lang='lat' dir='ltr'>lilios,</span> <span class='ocrx_word' id='word_1_132' title='bbox 614 1328 639 1374; x_wconf 86' lang='lat' dir='ltr'>et</span> <span class='ocrx_word' id='word_1_133' title='bbox 654 1321 744 1376; x_wconf 86' lang='lat' dir='ltr'>omnia</span> <span class='ocrx_word' id='word_1_134' title='bbox 761 1337 820 1394; x_wconf 80' lang='lat' dir='ltr'>qua</span> <span class='ocrx_word' id='word_1_135' title='bbox 831 1321 908 1378; x_wconf 81' lang='lat' dir='ltr'>inie-</span> <span class='ocrx_word' id='word_1_136' title='bbox 956 1335 1079 1391; x_wconf 65' lang='lat' dir='ltr'>mquanu</span> <span class='ocrx_word' id='word_1_137' title='bbox 1100 1335 1177 1373; x_wconf 88' lang='lat' dir='ltr'>omne</span> <span class='ocrx_word' id='word_1_138' title='bbox 1193 1318 1310 1373; x_wconf 82' lang='lat' dir='ltr'>debitum</span> <span class='ocrx_word' id='word_1_139' title='bbox 1328 1317 1419 1371; x_wconf 88' lang='lat' dir='ltr'>dimisi</span> <span class='ocrx_word' id='word_1_140' title='bbox 1433 1315 1491 1379; x_wconf 88' lang='lat' dir='ltr'>tibi,</span> <span class='ocrx_word' id='word_1_141' title='bbox 1508 1315 1635 1386; x_wconf 88' lang='lat' dir='ltr'>quoniam</span> <span class='ocrx_word' id='word_1_142' title='bbox 1648 1312 1750 1384; x_wconf 81' lang='lat' dir='ltr'>rogasti</span> 
     </span>
     <span class='ocr_line' id='line_1_12' title="bbox 110 1403 1746 1483; baseline -0.008 -14"><span class='ocrx_word' id='word_1_143' title='bbox 110 1405 169 1468; x_wconf 63' lang='grc' dir='ltr'>Μ.</span> <span class='ocrx_word' id='word_1_144' title='bbox 182 1415 209 1462; x_wconf 73' lang='lat' dir='ltr'>el</span> <span class='ocrx_word' id='word_1_145' title='bbox 219 1406 304 1463; x_wconf 67' lang='lat' dir='ltr'>reddi·</span> <span class='ocrx_word' id='word_1_146' title='bbox 956 1428 1008 1467; x_wconf 88' lang='lat' dir='ltr'>me.</span> <span class='ocrx_word' id='word_1_147' title='bbox 1029 1409 1195 1483; x_wconf 81' lang='lat' dir='ltr'>Nonneerpo</span> <span class='ocrx_word' id='word_1_148' title='bbox 1208 1422 1233 1465; x_wconf 86' lang='lat' dir='ltr'>et</span> <span class='ocrx_word' id='word_1_149' title='bbox 1248 1420 1274 1466; x_wconf 88' lang='lat' dir='ltr'>te</span> <span class='ocrx_word' id='word_1_150' title='bbox 1291 1411 1408 1480; x_wconf 88' lang='lat' dir='ltr'>oportuit</span> <span class='ocrx_word' id='word_1_151' title='bbox 1421 1408 1543 1463; x_wconf 83' lang='lat' dir='ltr'>misereri</span> <span class='ocrx_word' id='word_1_152' title='bbox 1562 1405 1680 1460; x_wconf 86' lang='lat' dir='ltr'>conserui</span> <span class='ocrx_word' id='word_1_153' title='bbox 1696 1403 1746 1465; x_wconf 87' lang='lat' dir='ltr'>tui,</span> 
     </span>
     <span class='ocr_line' id='line_1_13' title="bbox 150 1495 1748 1577; baseline -0.001 -25"><span class='ocrx_word' id='word_1_154' title='bbox 150 1496 275 1572; x_wconf 73' lang='lat' dir='ltr'>[Rauso]</span> <span class='ocrx_word' id='word_1_155' title='bbox 289 1497 418 1557; x_wconf 85' lang='lat' dir='ltr'>Christus</span> <span class='ocrx_word' id='word_1_156' title='bbox 428 1501 587 1557; x_wconf 86' lang='lat' dir='ltr'>meritarum</span> <span class='ocrx_word' id='word_1_157' title='bbox 598 1504 781 1570; x_wconf 76' lang='lat' dir='ltr'><strong>examinator,</strong></span> <span class='ocrx_word' id='word_1_158' title='bbox 791 1505 847 1575; x_wconf 84' lang='lat' dir='ltr'>jam</span> <span class='ocrx_word' id='word_1_159' title='bbox 858 1520 908 1577; x_wconf 89' lang='lat' dir='ltr'>per</span> <span class='ocrx_word' id='word_1_160' title='bbox 957 1503 1025 1557; x_wconf 87' lang='lat' dir='ltr'>sicut</span> <span class='ocrx_word' id='word_1_161' title='bbox 1036 1510 1062 1558; x_wconf 86' lang='lat' dir='ltr'>et</span> <span class='ocrx_word' id='word_1_162' title='bbox 1075 1519 1122 1574; x_wconf 81' lang='lat' dir='ltr'>eqo</span> <span class='ocrx_word' id='word_1_163' title='bbox 1136 1503 1307 1557; x_wconf 68' lang='lat' dir='ltr'>cuimisertus</span> <span class='ocrx_word' id='word_1_164' title='bbox 1321 1517 1379 1556; x_wconf 90' lang='lat' dir='ltr'>sum</span> <span class='ocrx_word' id='word_1_165' title='bbox 1389 1504 1402 1557; x_wconf 86' lang='lat' dir='ltr'>l</span> <span class='ocrx_word' id='word_1_166' title='bbox 1411 1499 1445 1554; x_wconf 79' lang='lat' dir='ltr'>lit</span> <span class='ocrx_word' id='word_1_167' title='bbox 1456 1495 1748 1564; x_wconf 79' lang='lat' dir='ltr'>iratusdonrinusejus,</span> 
     </span>
     <span class='ocr_line' id='line_1_14' title="bbox 109 1579 1751 1664; baseline 0 -22"><span class='ocrx_word' id='word_1_168' title='bbox 109 1588 268 1660; x_wconf 88' lang='lat' dir='ltr'>scripturas</span> <span class='ocrx_word' id='word_1_169' title='bbox 291 1603 353 1646; x_wconf 90' lang='lat' dir='ltr'>cum</span> <span class='ocrx_word' id='word_1_170' title='bbox 368 1591 456 1647; x_wconf 86' lang='lat' dir='ltr'>serris</span> <span class='ocrx_word' id='word_1_171' title='bbox 474 1593 609 1650; x_wconf 88' lang='lat' dir='ltr'>rationem</span> <span class='ocrx_word' id='word_1_172' title='bbox 625 1595 714 1664; x_wconf 87' lang='lat' dir='ltr'>ponit.</span> <span class='ocrx_word' id='word_1_173' title='bbox 729 1594 828 1652; x_wconf 81' lang='lat' dir='ltr'>liccem</span> <span class='ocrx_word' id='word_1_174' title='bbox 843 1597 906 1651; x_wconf 92' lang='lat' dir='ltr'>mil·</span> <span class='ocrx_word' id='word_1_175' title='bbox 958 1593 1143 1649; x_wconf 71' lang='lat' dir='ltr'>tradidissem</span> <span class='ocrx_word' id='word_1_176' title='bbox 1156 1593 1311 1659; x_wconf 86' lang='lat' dir='ltr'>tortoribus,</span> <span class='ocrx_word' id='word_1_177' title='bbox 1331 1579 1501 1663; x_wconf 71' lang='lat' dir='ltr'>mundusque</span> <span class='ocrx_word' id='word_1_178' title='bbox 1516 1588 1635 1645; x_wconf 85' lang='lat' dir='ltr'>redderet</span> <span class='ocrx_word' id='word_1_179' title='bbox 1645 1587 1751 1642; x_wconf 80' lang='lat' dir='ltr'>unirer·</span> 
     </span>
     <span class='ocr_line' id='line_1_15' title="bbox 110 1679 1153 1758; baseline 0.005 -25"><span class='ocrx_word' id='word_1_180' title='bbox 110 1679 150 1734; x_wconf 88' lang='lat' dir='ltr'>lia</span> <span class='ocrx_word' id='word_1_181' title='bbox 165 1680 270 1736; x_wconf 90' lang='lat' dir='ltr'>talenta</span> <span class='ocrx_word' id='word_1_182' title='bbox 280 1681 406 1747; x_wconf 88' lang='lat' dir='ltr'>debebat,</span> <span class='ocrx_word' id='word_1_183' title='bbox 422 1682 469 1752; x_wconf 92' lang='lat' dir='ltr'>qui</span> <span class='ocrx_word' id='word_1_184' title='bbox 493 1681 528 1738; x_wconf 90' lang='lat' dir='ltr'>de</span> <span class='ocrx_word' id='word_1_185' title='bbox 547 1682 793 1742; x_wconf 81' lang='lat' dir='ltr'>innumerabilibus</span> <span class='ocrx_word' id='word_1_186' title='bbox 808 1701 907 1758; x_wconf 87' lang='lat' dir='ltr'>pecca·</span> <span class='ocrx_word' id='word_1_187' title='bbox 958 1699 1017 1739; x_wconf 87' lang='lat' dir='ltr'>sum</span> <span class='ocrx_word' id='word_1_188' title='bbox 1027 1683 1153 1738; x_wconf 80' lang='lat' dir='ltr'>debiturn.</span> 
     </span>
     <span class='ocr_line' id='line_1_16' title="bbox 111 1768 1749 1837; baseline -0.001 -12"><span class='ocrx_word' id='word_1_189' title='bbox 111 1771 151 1826; x_wconf 87' lang='lat' dir='ltr'>tis</span> <span class='ocrx_word' id='word_1_190' title='bbox 163 1773 210 1828; x_wconf 82' lang='lat' dir='ltr'>rel</span> <span class='ocrx_word' id='word_1_191' title='bbox 223 1773 411 1830; x_wconf 78' lang='lat' dir='ltr'>criminalibus</span> <span class='ocrx_word' id='word_1_192' title='bbox 430 1774 564 1830; x_wconf 90' lang='lat' dir='ltr'>rationem</span> <span class='ocrx_word' id='word_1_193' title='bbox 578 1776 735 1832; x_wconf 87' lang='lat' dir='ltr'>redditurus</span> <span class='ocrx_word' id='word_1_194' title='bbox 748 1786 817 1832; x_wconf 89' lang='lat' dir='ltr'>erat.</span> <span class='ocrx_word' id='word_1_195' title='bbox 837 1777 906 1834; x_wconf 83' lang='lat' dir='ltr'>Cum</span> <span class='ocrx_word' id='word_1_196' title='bbox 993 1775 1108 1831; x_wconf 74' lang='lat' dir='ltr'>locatio</span> <span class='ocrx_word' id='word_1_197' title='bbox 1122 1776 1180 1832; x_wconf 84' lang='lat' dir='ltr'>baec</span> <span class='ocrx_word' id='word_1_198' title='bbox 1198 1774 1228 1830; x_wconf 87' lang='lat' dir='ltr'>lit</span> <span class='ocrx_word' id='word_1_199' title='bbox 1238 1774 1314 1832; x_wconf 89' lang='lat' dir='ltr'>intus</span> <span class='ocrx_word' id='word_1_200' title='bbox 1327 1775 1356 1830; x_wconf 93' lang='lat' dir='ltr'>in</span> <span class='ocrx_word' id='word_1_201' title='bbox 1369 1773 1551 1837; x_wconf 89' lang='lat' dir='ltr'>conscientia,</span> <span class='ocrx_word' id='word_1_202' title='bbox 1565 1770 1671 1828; x_wconf 88' lang='lat' dir='ltr'>seilicet</span> <span class='ocrx_word' id='word_1_203' title='bbox 1685 1768 1749 1825; x_wconf 84' lang='lat' dir='ltr'>cuni</span> 
     </span>
     <span class='ocr_line' id='line_1_17' title="bbox 107 1857 1749 1940; baseline -0.001 -20"><span class='ocrx_word' id='word_1_204' title='bbox 107 1877 206 1922; x_wconf 86' lang='lat' dir='ltr'>autem</span> <span class='ocrx_word' id='word_1_205' title='bbox 219 1881 276 1922; x_wconf 90' lang='lat' dir='ltr'>non</span> <span class='ocrx_word' id='word_1_206' title='bbox 297 1867 409 1924; x_wconf 89' lang='lat' dir='ltr'>baberet</span> <span class='ocrx_word' id='word_1_207' title='bbox 423 1867 507 1930; x_wconf 80' lang='lat' dir='ltr'>vires,</span> <span class='ocrx_word' id='word_1_208' title='bbox 529 1883 618 1939; x_wconf 84' lang='lat' dir='ltr'>neque</span> <span class='ocrx_word' id='word_1_209' title='bbox 633 1869 749 1940; x_wconf 90' lang='lat' dir='ltr'>gratiam</span> <span class='ocrx_word' id='word_1_210' title='bbox 764 1869 837 1926; x_wconf 86' lang='lat' dir='ltr'>urrde</span> <span class='ocrx_word' id='word_1_211' title='bbox 861 1885 907 1925; x_wconf 89' lang='lat' dir='ltr'>sa·</span> <span class='ocrx_word' id='word_1_212' title='bbox 921 1857 943 1912; x_wconf 83' lang='grc' dir='ltr'><strong>Β</strong></span> <span class='ocrx_word' id='word_1_213' title='bbox 956 1867 1021 1937; x_wconf 87' lang='lat' dir='ltr'>quis</span> <span class='ocrx_word' id='word_1_214' title='bbox 1041 1867 1070 1922; x_wconf 91' lang='lat' dir='ltr'>in</span> <span class='ocrx_word' id='word_1_215' title='bbox 1090 1867 1308 1939; x_wconf 89' lang='lat' dir='ltr'>desperationem</span> <span class='ocrx_word' id='word_1_216' title='bbox 1330 1866 1435 1922; x_wconf 91' lang='lat' dir='ltr'>incidit.</span> <span class='ocrx_word' id='word_1_217' title='bbox 1458 1865 1532 1921; x_wconf 83' lang='lat' dir='ltr'>Deus</span> <span class='ocrx_word' id='word_1_218' title='bbox 1554 1871 1657 1929; x_wconf 75' lang='lat' dir='ltr'>numm,</span> <span class='ocrx_word' id='word_1_219' title='bbox 1679 1862 1749 1933; x_wconf 81' lang='lat' dir='ltr'>apud</span> 
     </span>
     <span class='ocr_line' id='line_1_18' title="bbox 106 1955 1752 2032; baseline -0.001 -20"><span class='ocrx_word' id='word_1_220' title='bbox 106 1959 242 2014; x_wconf 87' lang='lat' dir='ltr'>tislaccre</span> <span class='ocrx_word' id='word_1_221' title='bbox 256 1966 359 2028; x_wconf 86' lang='lat' dir='ltr'>posset,</span> <span class='ocrx_word' id='word_1_222' title='bbox 376 1959 463 2016; x_wconf 90' lang='lat' dir='ltr'>sensit</span> <span class='ocrx_word' id='word_1_223' title='bbox 480 1959 508 2014; x_wconf 92' lang='lat' dir='ltr'>in</span> <span class='ocrx_word' id='word_1_224' title='bbox 523 1956 684 2031; x_wconf 72' lang='lat' dir='ltr'>scripturis,</span> <span class='ocrx_word' id='word_1_225' title='bbox 699 1961 763 2032; x_wconf 89' lang='lat' dir='ltr'>qula</span> <span class='ocrx_word' id='word_1_226' title='bbox 778 1961 848 2017; x_wconf 90' lang='lat' dir='ltr'>tales</span> <span class='ocrx_word' id='word_1_227' title='bbox 860 1961 906 2032; x_wconf 86' lang='lat' dir='ltr'>ju·</span> <span class='ocrx_word' id='word_1_228' title='bbox 956 1975 1034 2030; x_wconf 80' lang='lat' dir='ltr'>quem</span> <span class='ocrx_word' id='word_1_229' title='bbox 1046 1960 1171 2014; x_wconf 86' lang='lat' dir='ltr'>nullaest</span> <span class='ocrx_word' id='word_1_230' title='bbox 1181 1958 1380 2026; x_wconf 69' lang='lat' dir='ltr'>transmutatio,</span> <span class='ocrx_word' id='word_1_231' title='bbox 1392 1975 1438 2012; x_wconf 84' lang='lat' dir='ltr'>nec</span> <span class='ocrx_word' id='word_1_232' title='bbox 1453 1955 1644 2012; x_wconf 74' lang='lat' dir='ltr'>vicissitudinis</span> <span class='ocrx_word' id='word_1_233' title='bbox 1658 1955 1752 2010; x_wconf 84' lang='lat' dir='ltr'>oium-</span> 
     </span>
     <span class='ocr_line' id='line_1_19' title="bbox 105 2047 1751 2124; baseline -0.002 -18"><span class='ocrx_word' id='word_1_234' title='bbox 105 2049 156 2106; x_wconf 91' lang='lat' dir='ltr'>bet</span> <span class='ocrx_word' id='word_1_235' title='bbox 169 2048 245 2106; x_wconf 87' lang='lat' dir='ltr'>Deus</span> <span class='ocrx_word' id='word_1_236' title='bbox 256 2049 418 2115; x_wconf 83' lang='lat' dir='ltr'>verrundari,</span> <span class='ocrx_word' id='word_1_237' title='bbox 434 2049 527 2114; x_wconf 88' lang='lat' dir='ltr'>idest,</span> <span class='ocrx_word' id='word_1_238' title='bbox 541 2057 645 2106; x_wconf 84' lang='lat' dir='ltr'>aeterno</span> <span class='ocrx_word' id='word_1_239' title='bbox 660 2051 787 2108; x_wconf 88' lang='lat' dir='ltr'>incendio</span> <span class='ocrx_word' id='word_1_240' title='bbox 801 2053 906 2108; x_wconf 75' lang='lat' dir='ltr'>marici·</span> <span class='ocrx_word' id='word_1_241' title='bbox 957 2051 1044 2104; x_wconf 75' lang='lat' dir='ltr'>bruno</span> <span class='ocrx_word' id='word_1_242' title='bbox 1062 2049 1134 2122; x_wconf 80' lang='lat' dir='ltr'>(dm.</span> <span class='ocrx_word' id='word_1_243' title='bbox 1146 2051 1167 2124; x_wconf 88' lang='lat' dir='ltr'>r)</span> <span class='ocrx_word' id='word_1_244' title='bbox 1196 2050 1279 2106; x_wconf 91' lang='lat' dir='ltr'>modo</span> <span class='ocrx_word' id='word_1_245' title='bbox 1292 2049 1423 2105; x_wconf 87' lang='lat' dir='ltr'>misertus</span> <span class='ocrx_word' id='word_1_246' title='bbox 1443 2048 1555 2114; x_wconf 91' lang='lat' dir='ltr'>dicitur,</span> <span class='ocrx_word' id='word_1_247' title='bbox 1578 2047 1644 2119; x_wconf 92' lang='lat' dir='ltr'>qaia</span> <span class='ocrx_word' id='word_1_248' title='bbox 1667 2063 1751 2119; x_wconf 87' lang='lat' dir='ltr'>opera</span> 
     </span>
     <span class='ocr_line' id='line_1_20' title="bbox 106 2140 1751 2217; baseline -0.001 -21"><span class='ocrx_word' id='word_1_249' title='bbox 106 2143 171 2210; x_wconf 87' lang='lat' dir='ltr'>pari</span> <span class='ocrx_word' id='word_1_250' title='bbox 186 2157 251 2198; x_wconf 90' lang='lat' dir='ltr'>cum</span> <span class='ocrx_word' id='word_1_251' title='bbox 266 2157 352 2199; x_wconf 87' lang='lat' dir='ltr'>uxore</span> <span class='ocrx_word' id='word_1_252' title='bbox 365 2153 393 2198; x_wconf 92' lang='lat' dir='ltr'>et</span> <span class='ocrx_word' id='word_1_253' title='bbox 408 2142 482 2208; x_wconf 90' lang='lat' dir='ltr'>liliis,</span> <span class='ocrx_word' id='word_1_254' title='bbox 499 2143 551 2199; x_wconf 90' lang='lat' dir='ltr'>boc</span> <span class='ocrx_word' id='word_1_255' title='bbox 568 2151 620 2209; x_wconf 89' lang='lat' dir='ltr'>est,</span> <span class='ocrx_word' id='word_1_256' title='bbox 632 2159 695 2202; x_wconf 90' lang='lat' dir='ltr'>cum</span> <span class='ocrx_word' id='word_1_257' title='bbox 710 2145 906 2217; x_wconf 78' lang='lat' dir='ltr'>insipientiam</span> <span class='ocrx_word' id='word_1_258' title='bbox 956 2141 1155 2199; x_wconf 69' lang='lat' dir='ltr'>misericordias</span> <span class='ocrx_word' id='word_1_259' title='bbox 1168 2142 1319 2214; x_wconf 86' lang='lat' dir='ltr'>impendit;</span> <span class='ocrx_word' id='word_1_260' title='bbox 1334 2141 1417 2197; x_wconf 89' lang='lat' dir='ltr'>modo</span> <span class='ocrx_word' id='word_1_261' title='bbox 1436 2141 1534 2204; x_wconf 89' lang='lat' dir='ltr'>iratus,</span> <span class='ocrx_word' id='word_1_262' title='bbox 1548 2141 1614 2212; x_wconf 91' lang='lat' dir='ltr'>qaia</span> <span class='ocrx_word' id='word_1_263' title='bbox 1635 2140 1665 2195; x_wconf 92' lang='lat' dir='ltr'>in</span> <span class='ocrx_word' id='word_1_264' title='bbox 1686 2156 1751 2212; x_wconf 90' lang='lat' dir='ltr'>per-</span> 
     </span>
     <span class='ocr_line' id='line_1_21' title="bbox 105 2233 1752 2307; baseline 0 -17"><span class='ocrx_word' id='word_1_265' title='bbox 105 2236 423 2307; x_wconf 84' lang='lat' dir='ltr'>cogitatioaibusmalls.</span> <span class='ocrx_word' id='word_1_266' title='bbox 434 2236 604 2296; x_wconf 84' lang='lat' dir='ltr'>Justossero</span> <span class='ocrx_word' id='word_1_267' title='bbox 614 2255 677 2294; x_wconf 92' lang='lat' dir='ltr'>cum</span> <span class='ocrx_word' id='word_1_268' title='bbox 691 2255 776 2296; x_wconf 84' lang='lat' dir='ltr'>uxore</span> <span class='ocrx_word' id='word_1_269' title='bbox 788 2256 821 2296; x_wconf 90' lang='lat' dir='ltr'>ac</span> <span class='ocrx_word' id='word_1_270' title='bbox 831 2239 904 2305; x_wconf 87' lang='lat' dir='ltr'>liliis,</span> <span class='ocrx_word' id='word_1_271' title='bbox 956 2243 1068 2306; x_wconf 87' lang='lat' dir='ltr'>petuam</span> <span class='ocrx_word' id='word_1_272' title='bbox 1076 2236 1244 2306; x_wconf 86' lang='lat' dir='ltr'>puniendum</span> <span class='ocrx_word' id='word_1_273' title='bbox 1257 2235 1335 2307; x_wconf 81' lang='lat' dir='ltr'>justo</span> <span class='ocrx_word' id='word_1_274' title='bbox 1346 2233 1453 2306; x_wconf 76' lang='lat' dir='ltr'>iudicio</span> <span class='ocrx_word' id='word_1_275' title='bbox 1466 2234 1594 2290; x_wconf 75' lang='lat' dir='ltr'><strong>tartareis</strong></span> <span class='ocrx_word' id='word_1_276' title='bbox 1607 2233 1692 2290; x_wconf 88' lang='lat' dir='ltr'>tradit</span> <span class='ocrx_word' id='word_1_277' title='bbox 1702 2234 1752 2289; x_wconf 91' lang='lat' dir='ltr'>mi·</span> 
     </span>
     <span class='ocr_line' id='line_1_22' title="bbox 106 2321 1063 2404; baseline 0 -22"><span class='ocrx_word' id='word_1_278' title='bbox 106 2327 136 2382; x_wconf 90' lang='lat' dir='ltr'>id</span> <span class='ocrx_word' id='word_1_279' title='bbox 150 2336 208 2392; x_wconf 86' lang='lat' dir='ltr'>est,</span> <span class='ocrx_word' id='word_1_280' title='bbox 223 2343 286 2385; x_wconf 90' lang='lat' dir='ltr'>curn</span> <span class='ocrx_word' id='word_1_281' title='bbox 298 2330 432 2402; x_wconf 84' lang='lat' dir='ltr'>sapientia</span> <span class='ocrx_word' id='word_1_282' title='bbox 446 2338 474 2387; x_wconf 94' lang='lat' dir='ltr'>et</span> <span class='ocrx_word' id='word_1_283' title='bbox 487 2331 699 2404; x_wconf 79' lang='lat' dir='ltr'>cogitationibus</span> <span class='ocrx_word' id='word_1_284' title='bbox 713 2331 794 2388; x_wconf 92' lang='lat' dir='ltr'>bonis</span> <span class='ocrx_word' id='word_1_285' title='bbox 808 2348 838 2389; x_wconf 89' lang='lat' dir='ltr'>se</span> <span class='ocrx_word' id='word_1_286' title='bbox 851 2333 906 2404; x_wconf 79' lang='lat' dir='ltr'>glo</span> <span class='ocrx_word' id='word_1_287' title='bbox 956 2321 1063 2384; x_wconf 87' lang='lat' dir='ltr'>n&#39;istris.</span> 
     </span>
     <span class='ocr_line' id='line_1_23' title="bbox 104 2417 1753 2498; baseline 0.005 -24"><span class='ocrx_word' id='word_1_288' title='bbox 104 2419 282 2477; x_wconf 82' lang='lat' dir='ltr'>rilrcaturum</span> <span class='ocrx_word' id='word_1_289' title='bbox 297 2422 441 2493; x_wconf 91' lang='lat' dir='ltr'>promittit.</span> <span class='ocrx_word' id='word_1_290' title='bbox 455 2422 578 2480; x_wconf 86' lang='lat' dir='ltr'><strong>Pretium</strong></span> <span class='ocrx_word' id='word_1_291' title='bbox 592 2425 694 2496; x_wconf 82' lang='lat' dir='ltr'>quippe</span> <span class='ocrx_word' id='word_1_292' title='bbox 708 2426 822 2491; x_wconf 82' lang='lat' dir='ltr'>rendili,</span> <span class='ocrx_word' id='word_1_293' title='bbox 840 2442 906 2498; x_wconf 89' lang='lat' dir='ltr'>sup-</span> <span class='ocrx_word' id='word_1_294' title='bbox 993 2419 1251 2489; x_wconf 66' lang='lat' dir='ltr'>mantuanensis</span> <span class='ocrx_word' id='word_1_295' title='bbox 1266 2417 1379 2475; x_wconf 85' lang='lat' dir='ltr'>caisstis</span> <span class='ocrx_word' id='word_1_296' title='bbox 1401 2419 1481 2489; x_wconf 71' lang='lat' dir='ltr'>[acici</span> <span class='ocrx_word' id='word_1_297' title='bbox 1499 2418 1582 2483; x_wconf 63' lang='lat' dir='ltr'>tobit,</span> <span class='ocrx_word' id='word_1_298' title='bbox 1601 2419 1627 2474; x_wconf 66' lang='lat'>⁸5</span> <span class='ocrx_word' id='word_1_299' title='bbox 1642 2435 1695 2474; x_wconf 71' lang='grc' dir='ltr'><em>Μ</em></span> <span class='ocrx_word' id='word_1_300' title='bbox 1710 2433 1753 2472; x_wconf 67' lang='lat'>&#39;0-</span> 
     </span>
     <span class='ocr_line' id='line_1_24' title="bbox 104 2509 1750 2588; baseline 0 -21"><span class='ocrx_word' id='word_1_301' title='bbox 104 2514 226 2583; x_wconf 90' lang='lat' dir='ltr'>plicium</span> <span class='ocrx_word' id='word_1_302' title='bbox 241 2513 363 2570; x_wconf 86' lang='lat' dir='ltr'>damnati</span> <span class='ocrx_word' id='word_1_303' title='bbox 371 2515 542 2588; x_wconf 89' lang='lat' dir='ltr'>intelligitur.</span> <span class='ocrx_word' id='word_1_304' title='bbox 957 2512 1083 2566; x_wconf 89' lang='lat' dir='ltr'>miseritis</span> <span class='ocrx_word' id='word_1_305' title='bbox 1098 2511 1276 2584; x_wconf 82' lang='lat' dir='ltr'>unusquisque</span> <span class='ocrx_word' id='word_1_306' title='bbox 1293 2511 1375 2582; x_wconf 81' lang='lat' dir='ltr'>{ratri</span> <span class='ocrx_word' id='word_1_307' title='bbox 1387 2527 1436 2566; x_wconf 86' lang='lat' dir='ltr'>suo</span> <span class='ocrx_word' id='word_1_308' title='bbox 1458 2511 1491 2565; x_wconf 88' lang='lat' dir='ltr'>de</span> <span class='ocrx_word' id='word_1_309' title='bbox 1504 2509 1627 2566; x_wconf 79' lang='lat' dir='ltr'>cordibus</span> <span class='ocrx_word' id='word_1_310' title='bbox 1645 2511 1750 2567; x_wconf 70' lang='lat' dir='ltr'>remma.</span> 
     </span>
     <span class='ocr_line' id='line_1_25' title="bbox 146 2603 1753 2676; baseline -0.002 -15"><span class='ocrx_word' id='word_1_311' title='bbox 146 2605 294 2662; x_wconf 85' lang='lat' dir='ltr'>Procidens</span> <span class='ocrx_word' id='word_1_312' title='bbox 314 2619 403 2663; x_wconf 86' lang='lat' dir='ltr'>autem</span> <span class='ocrx_word' id='word_1_313' title='bbox 422 2625 511 2665; x_wconf 86' lang='lat' dir='ltr'>seruus</span> <span class='ocrx_word' id='word_1_314' title='bbox 531 2608 587 2675; x_wconf 85' lang='lat' dir='ltr'>illc,</span> <span class='ocrx_word' id='word_1_315' title='bbox 614 2609 778 2664; x_wconf 84' lang='lat' dir='ltr'>nrubateum</span> <span class='ocrx_word' id='word_1_316' title='bbox 796 2608 905 2666; x_wconf 85' lang='lat' dir='ltr'>diceus:</span> <span class='ocrx_word' id='word_1_317' title='bbox 991 2604 1109 2662; x_wconf 85' lang='lat' dir='ltr'>Constat</span> <span class='ocrx_word' id='word_1_318' title='bbox 1121 2603 1187 2675; x_wconf 88' lang='lat' dir='ltr'>quia</span> <span class='ocrx_word' id='word_1_319' title='bbox 1202 2605 1224 2660; x_wconf 90' lang='lat' dir='ltr'>si</span> <span class='ocrx_word' id='word_1_320' title='bbox 1240 2605 1294 2660; x_wconf 92' lang='lat' dir='ltr'>boc</span> <span class='ocrx_word' id='word_1_321' title='bbox 1313 2604 1387 2676; x_wconf 88' lang='lat' dir='ltr'>quod</span> <span class='ocrx_word' id='word_1_322' title='bbox 1408 2604 1437 2659; x_wconf 94' lang='lat' dir='ltr'>in</span> <span class='ocrx_word' id='word_1_323' title='bbox 1451 2619 1503 2660; x_wconf 89' lang='lat' dir='ltr'>nos</span> <span class='ocrx_word' id='word_1_324' title='bbox 1523 2603 1702 2675; x_wconf 80' lang='lat' dir='ltr'>delinquitur,</span> <span class='ocrx_word' id='word_1_325' title='bbox 1717 2618 1753 2659; x_wconf 84' lang='lat' dir='ltr'>ex</span> 
     </span>
     <span class='ocr_line' id='line_1_26' title="bbox 106 2693 1752 2764; baseline 0.002 -15"><span class='ocrx_word' id='word_1_326' title='bbox 106 2693 277 2752; x_wconf 79' lang='lat' dir='ltr'>Patientiam</span> <span class='ocrx_word' id='word_1_327' title='bbox 288 2695 448 2764; x_wconf 79' lang='lat' dir='ltr'>dulcianae,</span> <span class='ocrx_word' id='word_1_328' title='bbox 462 2707 487 2754; x_wconf 84' lang='lat' dir='ltr'>at</span> <span class='ocrx_word' id='word_1_329' title='bbox 499 2700 587 2754; x_wconf 88' lang='lat' dir='ltr'>omniu</span> <span class='ocrx_word' id='word_1_330' title='bbox 598 2697 707 2754; x_wconf 86' lang='lat' dir='ltr'>reddam</span> <span class='ocrx_word' id='word_1_331' title='bbox 722 2699 779 2764; x_wconf 86' lang='lat' dir='ltr'>tiii,</span> <span class='ocrx_word' id='word_1_332' title='bbox 956 2699 1040 2755; x_wconf 83' lang='lat' dir='ltr'>corde</span> <span class='ocrx_word' id='word_1_333' title='bbox 1054 2713 1111 2755; x_wconf 90' lang='lat' dir='ltr'>aon</span> <span class='ocrx_word' id='word_1_334' title='bbox 1125 2697 1291 2754; x_wconf 83' lang='lat' dir='ltr'>dimittimus</span> <span class='ocrx_word' id='word_1_335' title='bbox 1304 2707 1331 2753; x_wconf 92' lang='lat' dir='ltr'>et</span> <span class='ocrx_word' id='word_1_336' title='bbox 1344 2697 1411 2752; x_wconf 93' lang='lat' dir='ltr'>illud</span> <span class='ocrx_word' id='word_1_337' title='bbox 1431 2712 1542 2753; x_wconf 87' lang='lat' dir='ltr'>rursum</span> <span class='ocrx_word' id='word_1_338' title='bbox 1560 2713 1575 2752; x_wconf 91' lang='lat' dir='ltr'>a</span> <span class='ocrx_word' id='word_1_339' title='bbox 1595 2697 1677 2752; x_wconf 90' lang='lat' dir='ltr'>nobis</span> <span class='ocrx_word' id='word_1_340' title='bbox 1691 2697 1752 2752; x_wconf 79' lang='lat' dir='ltr'>exl-</span> 
     </span>
     <span class='ocr_line' id='line_1_27' title="bbox 146 2785 1751 2864; baseline 0.002 -22"><span class='ocrx_word' id='word_1_341' title='bbox 146 2785 260 2845; x_wconf 81' lang='lat' dir='ltr'>&#39;l’imore</span> <span class='ocrx_word' id='word_1_342' title='bbox 274 2788 405 2862; x_wconf 74' lang='lat' dir='ltr'>gebennas</span> <span class='ocrx_word' id='word_1_343' title='bbox 418 2790 589 2856; x_wconf 87' lang='lat' dir='ltr'>humiliatus,</span> <span class='ocrx_word' id='word_1_344' title='bbox 606 2791 691 2848; x_wconf 90' lang='lat' dir='ltr'>dicit:</span> <span class='ocrx_word' id='word_1_345' title='bbox 717 2789 803 2848; x_wconf 86' lang='lat' dir='ltr'>Parce</span> <span class='ocrx_word' id='word_1_346' title='bbox 826 2791 904 2856; x_wconf 90' lang='lat' dir='ltr'>mibi,</span> <span class='ocrx_word' id='word_1_347' title='bbox 956 2795 1040 2864; x_wconf 89' lang='lat' dir='ltr'>gitur,</span> <span class='ocrx_word' id='word_1_348' title='bbox 1060 2791 1134 2864; x_wconf 91' lang='lat' dir='ltr'>quod</span> <span class='ocrx_word' id='word_1_349' title='bbox 1151 2791 1233 2846; x_wconf 91' lang='lat' dir='ltr'>nobis</span> <span class='ocrx_word' id='word_1_350' title='bbox 1252 2791 1308 2862; x_wconf 80' lang='lat' dir='ltr'>jam</span> <span class='ocrx_word' id='word_1_351' title='bbox 1326 2805 1375 2862; x_wconf 87' lang='lat' dir='ltr'>per</span> <span class='ocrx_word' id='word_1_352' title='bbox 1397 2790 1584 2862; x_wconf 76' lang='lat' dir='ltr'>purritentiam</span> <span class='ocrx_word' id='word_1_353' title='bbox 1605 2790 1751 2846; x_wconf 82' lang='lat' dir='ltr'>dimissum</span> 
     </span>
     <span class='ocr_line' id='line_1_28' title="bbox 102 2877 1751 2954; baseline 0.001 -20"><span class='ocrx_word' id='word_1_354' title='bbox 102 2877 237 2946; x_wconf 72' lang='lat' dir='ltr'>nornine,</span> <span class='ocrx_word' id='word_1_355' title='bbox 249 2889 277 2937; x_wconf 90' lang='lat' dir='ltr'>et</span> <span class='ocrx_word' id='word_1_356' title='bbox 290 2897 342 2954; x_wconf 83' lang='lat' dir='ltr'>ego</span> <span class='ocrx_word' id='word_1_357' title='bbox 355 2882 471 2940; x_wconf 87' lang='lat' dir='ltr'>credens</span> <span class='ocrx_word' id='word_1_358' title='bbox 486 2898 518 2938; x_wconf 93' lang='lat' dir='ltr'>ac</span> <span class='ocrx_word' id='word_1_359' title='bbox 533 2884 669 2954; x_wconf 76' lang='lat' dir='ltr'>psoenitens</span> <span class='ocrx_word' id='word_1_360' title='bbox 683 2884 817 2940; x_wconf 87' lang='lat' dir='ltr'>charitate</span> <span class='ocrx_word' id='word_1_361' title='bbox 837 2899 905 2954; x_wconf 90' lang='lat' dir='ltr'>ope·</span> <span class='ocrx_word' id='word_1_362' title='bbox 957 2884 1044 2941; x_wconf 89' lang='lat' dir='ltr'>luisse</span> <span class='ocrx_word' id='word_1_363' title='bbox 1061 2883 1258 2954; x_wconf 90' lang='lat' dir='ltr'>gaudebamus.</span> <span class='ocrx_word' id='word_1_364' title='bbox 1281 2880 1444 2937; x_wconf 80' lang='lat' dir='ltr'>Universum</span> <span class='ocrx_word' id='word_1_365' title='bbox 1463 2881 1598 2952; x_wconf 81' lang='lat' dir='ltr'>siquidem</span> <span class='ocrx_word' id='word_1_366' title='bbox 1628 2881 1751 2936; x_wconf 87' lang='lat' dir='ltr'>debiturn</span> 
     </span>
     <span class='ocr_line' id='line_1_29' title="bbox 102 2973 1752 3047; baseline 0.001 -21"><span class='ocrx_word' id='word_1_367' title='bbox 102 2973 179 3026; x_wconf 90' lang='lat' dir='ltr'>riam</span> <span class='ocrx_word' id='word_1_368' title='bbox 196 2973 399 3031; x_wconf 88' lang='lat' dir='ltr'>multitudinem</span> <span class='ocrx_word' id='word_1_369' title='bbox 414 2983 599 3047; x_wconf 89' lang='lat' dir='ltr'>peccatorum.</span> <span class='ocrx_word' id='word_1_370' title='bbox 956 2978 1056 3034; x_wconf 91' lang='lat' dir='ltr'>merito</span> <span class='ocrx_word' id='word_1_371' title='bbox 1068 2977 1225 3047; x_wconf 79' lang='lat' dir='ltr'>persolvent</span> <span class='ocrx_word' id='word_1_372' title='bbox 1237 2974 1362 3045; x_wconf 80' lang='lat' dir='ltr'>duplices</span> <span class='ocrx_word' id='word_1_373' title='bbox 1373 2975 1465 3028; x_wconf 85' lang='lat' dir='ltr'>aainro</span> <span class='ocrx_word' id='word_1_374' title='bbox 1479 2983 1507 3030; x_wconf 93' lang='lat' dir='ltr'>et</span> <span class='ocrx_word' id='word_1_375' title='bbox 1517 2976 1708 3030; x_wconf 86' lang='lat' dir='ltr'>inconstantes</span> <span class='ocrx_word' id='word_1_376' title='bbox 1722 2973 1752 3028; x_wconf 91' lang='lat' dir='ltr'>in</span> 
     </span>
     <span class='ocr_line' id='line_1_30' title="bbox 143 3065 1753 3139; baseline 0.001 -19"><span class='ocrx_word' id='word_1_377' title='bbox 143 3065 275 3122; x_wconf 81' lang='lat' dir='ltr'>ilisertus</span> <span class='ocrx_word' id='word_1_378' title='bbox 286 3077 374 3124; x_wconf 87' lang='lat' dir='ltr'>autem</span> <span class='ocrx_word' id='word_1_379' title='bbox 389 3067 588 3136; x_wconf 83' lang='lat' dir='ltr'>dominusrerui</span> <span class='ocrx_word' id='word_1_380' title='bbox 602 3069 687 3133; x_wconf 89' lang='lat' dir='ltr'>illius,</span> <span class='ocrx_word' id='word_1_381' title='bbox 700 3069 802 3125; x_wconf 86' lang='lat' dir='ltr'>dimisit</span> <span class='ocrx_word' id='word_1_382' title='bbox 811 3085 871 3124; x_wconf 85' lang='lat' dir='ltr'>curn</span> <span class='ocrx_word' id='word_1_383' title='bbox 880 3078 905 3124; x_wconf 85' lang='lat' dir='ltr'>ct</span> <span class='ocrx_word' id='word_1_384' title='bbox 956 3069 1085 3124; x_wconf 89' lang='lat' dir='ltr'>omnibus</span> <span class='ocrx_word' id='word_1_385' title='bbox 1097 3068 1150 3123; x_wconf 83' lang='lat' dir='ltr'>uiis</span> <span class='ocrx_word' id='word_1_386' title='bbox 1161 3067 1231 3131; x_wconf 87' lang='lat' dir='ltr'>suis,</span> <span class='ocrx_word' id='word_1_387' title='bbox 1247 3083 1317 3137; x_wconf 89' lang='lat' dir='ltr'>quos</span> <span class='ocrx_word' id='word_1_388' title='bbox 1329 3067 1467 3138; x_wconf 74' lang='lat' dir='ltr'>parabolae</span> <span class='ocrx_word' id='word_1_389' title='bbox 1481 3073 1509 3122; x_wconf 88' lang='lat' dir='ltr'>et</span> <span class='ocrx_word' id='word_1_390' title='bbox 1530 3068 1673 3123; x_wconf 88' lang='lat' dir='ltr'>conclusio</span> <span class='ocrx_word' id='word_1_391' title='bbox 1686 3083 1753 3139; x_wconf 85' lang='lat' dir='ltr'>sps·</span> 
     </span>
     <span class='ocr_line' id='line_1_31' title="bbox 101 3157 1753 3257; baseline 0.001 -45"><span class='ocrx_word' id='word_1_392' title='bbox 101 3158 385 3216; x_wconf 81' lang='lat' dir='ltr'>debitumdimisitci.</span> <span class='ocrx_word' id='word_1_393' title='bbox 919 3199 939 3257; x_wconf 69' lang='lat' dir='ltr'>c</span> <span class='ocrx_word' id='word_1_394' title='bbox 956 3160 1064 3216; x_wconf 88' lang='lat' dir='ltr'>cialiter</span> <span class='ocrx_word' id='word_1_395' title='bbox 1079 3159 1207 3231; x_wconf 85' lang='lat' dir='ltr'>percutit.</span> <span class='ocrx_word' id='word_1_396' title='bbox 1223 3157 1277 3230; x_wconf 89' lang='lat' dir='ltr'>lpsi</span> <span class='ocrx_word' id='word_1_397' title='bbox 1292 3172 1410 3229; x_wconf 87' lang='lat' dir='ltr'>namque</span> <span class='ocrx_word' id='word_1_398' title='bbox 1424 3157 1486 3214; x_wconf 88' lang='lat' dir='ltr'>llcte</span> <span class='ocrx_word' id='word_1_399' title='bbox 1500 3166 1699 3215; x_wconf 81' lang='lat' dir='ltr'>conversantes</span> <span class='ocrx_word' id='word_1_400' title='bbox 1722 3158 1753 3214; x_wconf 88' lang='lat' dir='ltr'>ia</span> 
     </span>
     <span class='ocr_line' id='line_1_32' title="bbox 145 3247 1752 3324; baseline 0.001 -22"><span class='ocrx_word' id='word_1_401' title='bbox 145 3249 282 3306; x_wconf 82' lang='lat' dir='ltr'>Peccator</span> <span class='ocrx_word' id='word_1_402' title='bbox 295 3264 407 3322; x_wconf 90' lang='lat' dir='ltr'>rogans,</span> <span class='ocrx_word' id='word_1_403' title='bbox 420 3251 519 3324; x_wconf 89' lang='lat' dir='ltr'>accipit</span> <span class='ocrx_word' id='word_1_404' title='bbox 528 3252 732 3310; x_wconf 87' lang='lat' dir='ltr'>donumdecem</span> <span class='ocrx_word' id='word_1_405' title='bbox 741 3253 856 3308; x_wconf 91' lang='lat' dir='ltr'>millium</span> <span class='ocrx_word' id='word_1_406' title='bbox 868 3259 906 3308; x_wconf 91' lang='lat' dir='ltr'>ta-</span> <span class='ocrx_word' id='word_1_407' title='bbox 956 3249 1090 3314; x_wconf 86' lang='lat' dir='ltr'>Ecclesio,</span> <span class='ocrx_word' id='word_1_408' title='bbox 1104 3265 1157 3306; x_wconf 91' lang='lat' dir='ltr'>ncc</span> <span class='ocrx_word' id='word_1_409' title='bbox 1170 3247 1444 3320; x_wconf 78' lang='lat' dir='ltr'>proximumsinccro</span> <span class='ocrx_word' id='word_1_410' title='bbox 1455 3247 1553 3304; x_wconf 84' lang='lat' dir='ltr'>allecta</span> <span class='ocrx_word' id='word_1_411' title='bbox 1562 3247 1752 3319; x_wconf 85' lang='lat' dir='ltr'>diliguat,nec</span> 
     </span>
    </p>
   </div>
   <div class='ocr_carea' id='block_1_7' title="bbox 97 3343 907 4162">
    <p class='ocr_par' dir='ltr' id='par_1_7' title="bbox 97 3343 907 3881">
     <span class='ocr_line' id='line_1_33' title="bbox 101 3343 904 3414; baseline 0.006 -17"><span class='ocrx_word' id='word_1_412' title='bbox 101 3343 262 3410; x_wconf 89' lang='lat' dir='ltr'>lentorum,</span> <span class='ocrx_word' id='word_1_413' title='bbox 283 3343 313 3399; x_wconf 88' lang='lat' dir='ltr'>id</span> <span class='ocrx_word' id='word_1_414' title='bbox 334 3353 386 3410; x_wconf 87' lang='lat' dir='ltr'>est,</span> <span class='ocrx_word' id='word_1_415' title='bbox 407 3347 516 3402; x_wconf 84' lang='lat' dir='ltr'>reniam</span> <span class='ocrx_word' id='word_1_416' title='bbox 538 3361 653 3402; x_wconf 89' lang='lat' dir='ltr'>suorum</span> <span class='ocrx_word' id='word_1_417' title='bbox 680 3347 904 3414; x_wconf 85' lang='lat' dir='ltr'>commissorum,</span> 
     </span>
     <span class='ocr_line' id='line_1_34' title="bbox 100 3429 906 3512; baseline 0.012 -25"><span class='ocrx_word' id='word_1_418' title='bbox 100 3429 172 3490; x_wconf 86' lang='lat' dir='ltr'>cum</span> <span class='ocrx_word' id='word_1_419' title='bbox 189 3435 245 3492; x_wconf 80' lang='lat' dir='ltr'>sibi</span> <span class='ocrx_word' id='word_1_420' title='bbox 266 3439 383 3493; x_wconf 89' lang='lat' dir='ltr'>assumit</span> <span class='ocrx_word' id='word_1_421' title='bbox 403 3438 547 3504; x_wconf 87' lang='lat' dir='ltr'>medelam,</span> <span class='ocrx_word' id='word_1_422' title='bbox 563 3455 646 3512; x_wconf 92' lang='lat' dir='ltr'>quarn</span> <span class='ocrx_word' id='word_1_423' title='bbox 661 3439 733 3496; x_wconf 82' lang='lat' dir='ltr'>Deus</span> <span class='ocrx_word' id='word_1_424' title='bbox 747 3441 781 3496; x_wconf 90' lang='lat' dir='ltr'>ad</span> <span class='ocrx_word' id='word_1_425' title='bbox 795 3441 848 3497; x_wconf 88' lang='lat' dir='ltr'>lroc</span> <span class='ocrx_word' id='word_1_426' title='bbox 863 3441 906 3496; x_wconf 92' lang='lat' dir='ltr'>in-</span> 
     </span>
     <span class='ocr_line' id='line_1_35' title="bbox 100 3528 904 3605; baseline 0.01 -22"><span class='ocrx_word' id='word_1_427' title='bbox 100 3529 213 3584; x_wconf 87' lang='lat' dir='ltr'>stituit.</span> <span class='ocrx_word' id='word_1_428' title='bbox 224 3528 283 3586; x_wconf 87' lang='lat' dir='ltr'>lloc</span> <span class='ocrx_word' id='word_1_429' title='bbox 292 3538 384 3588; x_wconf 88' lang='lat' dir='ltr'>autem</span> <span class='ocrx_word' id='word_1_430' title='bbox 394 3531 434 3596; x_wconf 84' lang='lat' dir='ltr'>irt,</span> <span class='ocrx_word' id='word_1_431' title='bbox 446 3533 470 3590; x_wconf 90' lang='lat' dir='ltr'>si</span> <span class='ocrx_word' id='word_1_432' title='bbox 478 3533 618 3589; x_wconf 79' lang='lat' dir='ltr'>lavacrum</span> <span class='ocrx_word' id='word_1_433' title='bbox 625 3534 755 3605; x_wconf 87' lang='lat' dir='ltr'>baptismi</span> <span class='ocrx_word' id='word_1_434' title='bbox 765 3549 820 3590; x_wconf 93' lang='lat' dir='ltr'>non</span> <span class='ocrx_word' id='word_1_435' title='bbox 832 3533 904 3600; x_wconf 81' lang='lat' dir='ltr'>dcte,</span> 
     </span>
     <span class='ocr_line' id='line_1_36' title="bbox 98 3620 907 3695; baseline 0.01 -23"><span class='ocrx_word' id='word_1_436' title='bbox 98 3621 151 3676; x_wconf 82' lang='lat' dir='ltr'>rel</span> <span class='ocrx_word' id='word_1_437' title='bbox 163 3620 188 3678; x_wconf 92' lang='lat' dir='ltr'>si</span> <span class='ocrx_word' id='word_1_438' title='bbox 204 3631 301 3692; x_wconf 86' lang='lat' dir='ltr'>postea</span> <span class='ocrx_word' id='word_1_439' title='bbox 322 3621 489 3695; x_wconf 90' lang='lat' dir='ltr'>baptismum</span> <span class='ocrx_word' id='word_1_440' title='bbox 512 3625 682 3695; x_wconf 71' lang='lat' dir='ltr'>poenitentiae</span> <span class='ocrx_word' id='word_1_441' title='bbox 700 3625 798 3682; x_wconf 86' lang='lat' dir='ltr'>devote</span> <span class='ocrx_word' id='word_1_442' title='bbox 816 3626 907 3683; x_wconf 89' lang='lat' dir='ltr'>susci-</span> 
     </span>
     <span class='ocr_line' id='line_1_37' title="bbox 99 3712 905 3788; baseline 0.009 -21"><span class='ocrx_word' id='word_1_443' title='bbox 99 3715 178 3785; x_wconf 88' lang='lat' dir='ltr'>piat.</span> <span class='ocrx_word' id='word_1_444' title='bbox 193 3712 330 3772; x_wconf 84' lang='lat' dir='ltr'>Dimissus</span> <span class='ocrx_word' id='word_1_445' title='bbox 340 3715 433 3787; x_wconf 87' lang='lat' dir='ltr'>itaque</span> <span class='ocrx_word' id='word_1_446' title='bbox 444 3731 460 3772; x_wconf 90' lang='lat' dir='ltr'>a</span> <span class='ocrx_word' id='word_1_447' title='bbox 471 3717 589 3773; x_wconf 82' lang='lat' dir='ltr'>uinculis</span> <span class='ocrx_word' id='word_1_448' title='bbox 598 3717 777 3788; x_wconf 88' lang='lat' dir='ltr'>praecedentis</span> <span class='ocrx_word' id='word_1_449' title='bbox 787 3717 905 3784; x_wconf 92' lang='lat' dir='ltr'>timoris,</span> 
     </span>
     <span class='ocr_line' id='line_1_38' title="bbox 97 3807 498 3881; baseline 0.005 -17"><span class='ocrx_word' id='word_1_450' title='bbox 97 3807 252 3879; x_wconf 85' lang='lat' dir='ltr'>egreditar</span> <span class='ocrx_word' id='word_1_451' title='bbox 261 3809 290 3864; x_wconf 90' lang='lat' dir='ltr'>in</span> <span class='ocrx_word' id='word_1_452' title='bbox 304 3825 380 3881; x_wconf 88' lang='lat' dir='ltr'>spem</span> <span class='ocrx_word' id='word_1_453' title='bbox 390 3810 498 3866; x_wconf 91' lang='lat' dir='ltr'>salutis.</span> 
     </span>
    </p>

    <p class='ocr_par' dir='ltr' id='par_1_8' title="bbox 97 3900 907 4162">
     <span class='ocr_line' id='line_1_39' title="bbox 144 3900 907 3974; baseline 0.003 -18"><span class='ocrx_word' id='word_1_454' title='bbox 144 3900 278 3974; x_wconf 81' lang='lat' dir='ltr'>Egressus</span> <span class='ocrx_word' id='word_1_455' title='bbox 288 3911 374 3958; x_wconf 75' lang='lat' dir='ltr'>auum</span> <span class='ocrx_word' id='word_1_456' title='bbox 385 3919 476 3959; x_wconf 87' lang='lat' dir='ltr'>seruus</span> <span class='ocrx_word' id='word_1_457' title='bbox 489 3903 546 3969; x_wconf 87' lang='lat' dir='ltr'>iiie,</span> <span class='ocrx_word' id='word_1_458' title='bbox 554 3904 650 3959; x_wconf 85' lang='lat' dir='ltr'>incenit</span> <span class='ocrx_word' id='word_1_459' title='bbox 661 3919 743 3958; x_wconf 91' lang='lat' dir='ltr'>unum</span> <span class='ocrx_word' id='word_1_460' title='bbox 756 3902 788 3958; x_wconf 85' lang='lat' dir='ltr'>dc</span> <span class='ocrx_word' id='word_1_461' title='bbox 801 3919 907 3958; x_wconf 71' lang='lat' dir='ltr'>coarsu-</span> 
     </span>
     <span class='ocr_line' id='line_1_40' title="bbox 98 3993 907 4067; baseline 0.001 -17"><span class='ocrx_word' id='word_1_462' title='bbox 98 3995 147 4050; x_wconf 86' lang='lat' dir='ltr'>uis</span> <span class='ocrx_word' id='word_1_463' title='bbox 163 3996 234 4059; x_wconf 86' lang='lat' dir='ltr'>suis,</span> <span class='ocrx_word' id='word_1_464' title='bbox 253 3996 299 4067; x_wconf 85' lang='lat' dir='ltr'>qui</span> <span class='ocrx_word' id='word_1_465' title='bbox 312 3993 459 4051; x_wconf 82' lang='lat' dir='ltr'>deiciatei</span> <span class='ocrx_word' id='word_1_466' title='bbox 481 4005 586 4052; x_wconf 86' lang='lat' dir='ltr'>centum</span> <span class='ocrx_word' id='word_1_467' title='bbox 606 3995 739 4052; x_wconf 84' lang='lat' dir='ltr'>denarios.</span> <span class='ocrx_word' id='word_1_468' title='bbox 762 3995 797 4050; x_wconf 84' lang='lat' dir='ltr'>lit</span> <span class='ocrx_word' id='word_1_469' title='bbox 818 4005 907 4051; x_wconf 83' lang='lat' dir='ltr'>tenens</span> 
     </span>
     <span class='ocr_line' id='line_1_41' title="bbox 97 4085 739 4162; baseline 0.005 -19"><span class='ocrx_word' id='word_1_470' title='bbox 97 4085 260 4157; x_wconf 64' lang='lat' dir='ltr'>uffocaiut</span> <span class='ocrx_word' id='word_1_471' title='bbox 273 4103 345 4154; x_wconf 84' lang='lat' dir='ltr'>eunt,</span> <span class='ocrx_word' id='word_1_472' title='bbox 358 4088 462 4144; x_wconf 72' lang='lat' dir='ltr'>ducas:</span> <span class='ocrx_word' id='word_1_473' title='bbox 475 4087 561 4144; x_wconf 84' lang='lat' dir='ltr'>Redde</span> <span class='ocrx_word' id='word_1_474' title='bbox 570 4088 641 4162; x_wconf 89' lang='lat' dir='ltr'>quod</span> <span class='ocrx_word' id='word_1_475' title='bbox 652 4088 739 4146; x_wconf 72' lang='lat' dir='ltr'>deles</span> 
     </span>
    </p>
   </div>
   <div class='ocr_carea' id='block_1_8' title="bbox 97 4197 907 4366">
    <p class='ocr_par' dir='ltr' id='par_1_9' title="bbox 97 4197 907 4366">
     <span class='ocr_line' id='line_1_42' title="bbox 142 4197 907 4271; baseline -0.003 -14"><span class='ocrx_word' id='word_1_476' title='bbox 142 4197 265 4257; x_wconf 84' lang='lat' dir='ltr'>Centum</span> <span class='ocrx_word' id='word_1_477' title='bbox 277 4198 454 4257; x_wconf 88' lang='lat' dir='ltr'>denariorum</span> <span class='ocrx_word' id='word_1_478' title='bbox 463 4200 572 4258; x_wconf 91' lang='lat' dir='ltr'>debitor</span> <span class='ocrx_word' id='word_1_479' title='bbox 587 4207 656 4265; x_wconf 89' lang='lat' dir='ltr'>erat,</span> <span class='ocrx_word' id='word_1_480' title='bbox 668 4215 750 4271; x_wconf 90' lang='lat' dir='ltr'>quem</span> <span class='ocrx_word' id='word_1_481' title='bbox 762 4197 796 4256; x_wconf 90' lang='lat' dir='ltr'>de</span> <span class='ocrx_word' id='word_1_482' title='bbox 808 4200 907 4271; x_wconf 90' lang='lat' dir='ltr'>aliqui-</span> 
     </span>
     <span class='ocr_line' id='line_1_43' title="bbox 97 4292 907 4366; baseline -0.002 -15"><span class='ocrx_word' id='word_1_483' title='bbox 97 4294 164 4351; x_wconf 87' lang='lat' dir='ltr'>bus</span> <span class='ocrx_word' id='word_1_484' title='bbox 175 4293 332 4351; x_wconf 87' lang='lat' dir='ltr'>commissis</span> <span class='ocrx_word' id='word_1_485' title='bbox 342 4293 371 4350; x_wconf 88' lang='lat' dir='ltr'>in</span> <span class='ocrx_word' id='word_1_486' title='bbox 383 4292 497 4350; x_wconf 77' lang='lat' dir='ltr'>fratrem</span> <span class='ocrx_word' id='word_1_487' title='bbox 508 4292 668 4352; x_wconf 78' lang='lat' dir='ltr'>satisfacere</span> <span class='ocrx_word' id='word_1_488' title='bbox 676 4294 828 4366; x_wconf 79' lang='lat' dir='ltr'>oportebat.</span> <span class='ocrx_word' id='word_1_489' title='bbox 837 4293 907 4350; x_wconf 86' lang='lat' dir='ltr'>Gon-</span> 
     </span>
    </p>
   </div>
   <div class='ocr_carea' id='block_1_9' title="bbox 955 3338 1753 4426">
    <p class='ocr_par' dir='ltr' id='par_1_10' title="bbox 955 3338 1753 4426">
     <span class='ocr_line' id='line_1_44' title="bbox 956 3338 1753 3414; baseline -0.006 -15"><span class='ocrx_word' id='word_1_490' title='bbox 956 3358 1026 3414; x_wconf 89' lang='lat' dir='ltr'>pure</span> <span class='ocrx_word' id='word_1_491' title='bbox 1039 3341 1127 3398; x_wconf 87' lang='lat' dir='ltr'>solius</span> <span class='ocrx_word' id='word_1_492' title='bbox 1141 3340 1190 3396; x_wconf 80' lang='lat' dir='ltr'>liei</span> <span class='ocrx_word' id='word_1_493' title='bbox 1211 3340 1312 3395; x_wconf 89' lang='lat' dir='ltr'>intuitu</span> <span class='ocrx_word' id='word_1_494' title='bbox 1328 3339 1434 3410; x_wconf 88' lang='lat' dir='ltr'>aliquid</span> <span class='ocrx_word' id='word_1_495' title='bbox 1457 3338 1571 3394; x_wconf 85' lang='lat' dir='ltr'>iaciunt.</span> <span class='ocrx_word' id='word_1_496' title='bbox 1586 3338 1666 3406; x_wconf 80' lang='lat' dir='ltr'>Quod</span> <span class='ocrx_word' id='word_1_497' title='bbox 1684 3353 1753 3410; x_wconf 90' lang='lat' dir='ltr'>ergo</span> 
     </span>
     <span class='ocr_line' id='line_1_45' title="bbox 957 3431 1751 3512; baseline -0.015 -15"><span class='ocrx_word' id='word_1_498' title='bbox 957 3439 1120 3512; x_wconf 71' lang='lat' dir='ltr'>rogantibus</span> <span class='ocrx_word' id='word_1_499' title='bbox 1132 3437 1278 3494; x_wconf 84' lang='lat' dir='ltr'>dimiserat</span> <span class='ocrx_word' id='word_1_500' title='bbox 1299 3435 1382 3500; x_wconf 83' lang='lat' dir='ltr'>licus,</span> <span class='ocrx_word' id='word_1_501' title='bbox 1407 3434 1436 3488; x_wconf 89' lang='lat' dir='ltr'>iu</span> <span class='ocrx_word' id='word_1_502' title='bbox 1453 3433 1506 3488; x_wconf 79' lang='lat' dir='ltr'>um</span> <span class='ocrx_word' id='word_1_503' title='bbox 1523 3431 1661 3495; x_wconf 81' lang='lat' dir='ltr'>videlicet,</span> <span class='ocrx_word' id='word_1_504' title='bbox 1684 3431 1751 3502; x_wconf 85' lang='lat' dir='ltr'>quia</span> 
     </span>
     <span class='ocr_line' id='line_1_46' title="bbox 957 3525 1751 3599; baseline -0.016 -8"><span class='ocrx_word' id='word_1_505' title='bbox 957 3540 1195 3599; x_wconf 82' lang='lat' dir='ltr'>sacramentorum</span> <span class='ocrx_word' id='word_1_506' title='bbox 1204 3528 1426 3586; x_wconf 89' lang='lat' dir='ltr'>communionem</span> <span class='ocrx_word' id='word_1_507' title='bbox 1433 3525 1599 3588; x_wconf 86' lang='lat' dir='ltr'>contulerat,</span> <span class='ocrx_word' id='word_1_508' title='bbox 1610 3525 1640 3578; x_wconf 92' lang='lat' dir='ltr'>in</span> <span class='ocrx_word' id='word_1_509' title='bbox 1648 3537 1751 3579; x_wconf 80' lang='lat' dir='ltr'>sanum</span> 
     </span>
     <span class='ocr_line' id='line_1_47' title="bbox 957 3617 1752 3696; baseline -0.01 -17"><span class='ocrx_word' id='word_1_510' title='bbox 957 3625 1077 3696; x_wconf 88' lang='lat' dir='ltr'>gaudent</span> <span class='ocrx_word' id='word_1_511' title='bbox 1087 3624 1141 3681; x_wconf 89' lang='lat' dir='ltr'>sibi</span> <span class='ocrx_word' id='word_1_512' title='bbox 1153 3637 1216 3680; x_wconf 85' lang='lat' dir='ltr'>esse</span> <span class='ocrx_word' id='word_1_513' title='bbox 1230 3623 1388 3685; x_wconf 89' lang='lat' dir='ltr'>dimissum,</span> <span class='ocrx_word' id='word_1_514' title='bbox 1402 3634 1521 3691; x_wconf 87' lang='lat' dir='ltr'>qtrorum</span> <span class='ocrx_word' id='word_1_515' title='bbox 1544 3617 1621 3672; x_wconf 88' lang='lat' dir='ltr'>lictio</span> <span class='ocrx_word' id='word_1_516' title='bbox 1636 3617 1752 3689; x_wconf 88' lang='lat' dir='ltr'>impedi·</span> 
     </span>
     <span class='ocr_line' id='line_1_48' title="bbox 956 3705 1750 3782; baseline -0.005 -17"><span class='ocrx_word' id='word_1_517' title='bbox 956 3714 1006 3779; x_wconf 87' lang='lat' dir='ltr'>vit,</span> <span class='ocrx_word' id='word_1_518' title='bbox 1016 3729 1050 3769; x_wconf 88' lang='lat' dir='ltr'>ae</span> <span class='ocrx_word' id='word_1_519' title='bbox 1059 3726 1154 3769; x_wconf 86' lang='lat' dir='ltr'>reram</span> <span class='ocrx_word' id='word_1_520' title='bbox 1165 3711 1337 3782; x_wconf 84' lang='lat' dir='ltr'>susciperent</span> <span class='ocrx_word' id='word_1_521' title='bbox 1346 3709 1548 3766; x_wconf 85' lang='lat' dir='ltr'>remissionem.</span> <span class='ocrx_word' id='word_1_522' title='bbox 1558 3705 1666 3764; x_wconf 80' lang='lat' dir='ltr'>Rursus</span> <span class='ocrx_word' id='word_1_523' title='bbox 1676 3707 1750 3763; x_wconf 91' lang='lat' dir='ltr'>enim</span> 
     </span>
     <span class='ocr_line' id='line_1_49' title="bbox 956 3801 1752 3879; baseline -0.006 -17"><span class='ocrx_word' id='word_1_524' title='bbox 956 3808 1092 3879; x_wconf 80' lang='lat' dir='ltr'>erigetur,</span> <span class='ocrx_word' id='word_1_525' title='bbox 1107 3806 1236 3878; x_wconf 84' lang='lat' dir='ltr'>quamvis</span> <span class='ocrx_word' id='word_1_526' title='bbox 1249 3819 1298 3876; x_wconf 91' lang='lat' dir='ltr'>per</span> <span class='ocrx_word' id='word_1_527' title='bbox 1310 3801 1652 3875; x_wconf 75' lang='lat' dir='ltr'>punitentiamdimissum</span> <span class='ocrx_word' id='word_1_528' title='bbox 1665 3801 1752 3857; x_wconf 82' lang='lat' dir='ltr'>luisse</span> 
     </span>
     <span class='ocr_line' id='line_1_50' title="bbox 956 3891 1751 3968; baseline -0.008 -17"><span class='ocrx_word' id='word_1_529' title='bbox 956 3906 1107 3968; x_wconf 90' lang='lat' dir='ltr'>reputetur,</span> <span class='ocrx_word' id='word_1_530' title='bbox 1119 3895 1264 3952; x_wconf 87' lang='lat' dir='ltr'>Orationes</span> <span class='ocrx_word' id='word_1_531' title='bbox 1283 3907 1411 3964; x_wconf 88' lang='lat' dir='ltr'>namque,</span> <span class='ocrx_word' id='word_1_532' title='bbox 1430 3891 1547 3963; x_wconf 74' lang='lat' dir='ltr'>ieiunia,</span> <span class='ocrx_word' id='word_1_533' title='bbox 1570 3891 1751 3962; x_wconf 75' lang='lat' dir='ltr'>doeroosymc</span> 
     </span>
     <span class='ocr_line' id='line_1_51' title="bbox 956 3979 1751 4055; baseline -0.008 -13"><span class='ocrx_word' id='word_1_534' title='bbox 956 3997 985 4043; x_wconf 93' lang='lat' dir='ltr'>ct</span> <span class='ocrx_word' id='word_1_535' title='bbox 1008 3988 1119 4055; x_wconf 91' lang='lat' dir='ltr'>similia,</span> <span class='ocrx_word' id='word_1_536' title='bbox 1140 3979 1275 4044; x_wconf 83' lang='lat' dir='ltr'>cum‘sint</span> <span class='ocrx_word' id='word_1_537' title='bbox 1289 3985 1392 4040; x_wconf 86' lang='lat' dir='ltr'>directo</span> <span class='ocrx_word' id='word_1_538' title='bbox 1413 3982 1600 4054; x_wconf 75' lang='lat' dir='ltr'>querentibus</span> <span class='ocrx_word' id='word_1_539' title='bbox 1612 3997 1751 4039; x_wconf 84' lang='lat' dir='ltr'>sumntum</span> 
     </span>
     <span class='ocr_line' id='line_1_52' title="bbox 957 4071 1752 4148; baseline -0.013 -12"><span class='ocrx_word' id='word_1_540' title='bbox 957 4079 1061 4136; x_wconf 88' lang='lat' dir='ltr'>bonum</span> <span class='ocrx_word' id='word_1_541' title='bbox 1074 4078 1196 4136; x_wconf 85' lang='lat' dir='ltr'>remedia</span> <span class='ocrx_word' id='word_1_542' title='bbox 1214 4083 1403 4148; x_wconf 85' lang='lat' dir='ltr'>peccatorum,</span> <span class='ocrx_word' id='word_1_543' title='bbox 1419 4074 1491 4130; x_wconf 89' lang='lat' dir='ltr'>lictis</span> <span class='ocrx_word' id='word_1_544' title='bbox 1503 4088 1571 4144; x_wconf 81' lang='lat' dir='ltr'>uaga</span> <span class='ocrx_word' id='word_1_545' title='bbox 1584 4073 1686 4129; x_wconf 87' lang='lat' dir='ltr'>mentis</span> <span class='ocrx_word' id='word_1_546' title='bbox 1700 4071 1752 4127; x_wconf 92' lang='lat' dir='ltr'>llu-</span> 
     </span>
     <span class='ocr_line' id='line_1_53' title="bbox 957 4165 1751 4238; baseline -0.009 -11"><span class='ocrx_word' id='word_1_547' title='bbox 957 4171 1251 4227; x_wconf 86' lang='lat' dir='ltr'>ctuationeuertuntur</span> <span class='ocrx_word' id='word_1_548' title='bbox 1261 4169 1291 4224; x_wconf 92' lang='lat' dir='ltr'>in</span> <span class='ocrx_word' id='word_1_549' title='bbox 1305 4167 1382 4226; x_wconf 81' lang='lat' dir='ltr'>lalsse</span> <span class='ocrx_word' id='word_1_550' title='bbox 1400 4166 1461 4238; x_wconf 86' lang='lat' dir='ltr'>spei</span> <span class='ocrx_word' id='word_1_551' title='bbox 1474 4165 1663 4229; x_wconf 88' lang='lat' dir='ltr'>securitatem,</span> <span class='ocrx_word' id='word_1_552' title='bbox 1679 4172 1707 4220; x_wconf 93' lang='lat' dir='ltr'>et</span> <span class='ocrx_word' id='word_1_553' title='bbox 1722 4165 1751 4220; x_wconf 91' lang='lat' dir='ltr'>in</span> 
     </span>
     <span class='ocr_line' id='line_1_54' title="bbox 956 4256 1753 4335; baseline -0.006 -18"><span class='ocrx_word' id='word_1_554' title='bbox 956 4261 1061 4335; x_wconf 88' lang='lat' dir='ltr'>peccati</span> <span class='ocrx_word' id='word_1_555' title='bbox 1076 4260 1238 4318; x_wconf 87' lang='lat' dir='ltr'>lomentum.</span> <span class='ocrx_word' id='word_1_556' title='bbox 1254 4257 1325 4314; x_wconf 87' lang='lat' dir='ltr'>liinc</span> <span class='ocrx_word' id='word_1_557' title='bbox 1339 4265 1381 4316; x_wconf 87' lang='lat' dir='ltr'>est</span> <span class='ocrx_word' id='word_1_558' title='bbox 1391 4257 1476 4314; x_wconf 85' lang='lat' dir='ltr'>illud:</span> <span class='ocrx_word' id='word_1_559' title='bbox 1487 4256 1581 4313; x_wconf 86' lang='lat' dir='ltr'>Oratio</span> <span class='ocrx_word' id='word_1_560' title='bbox 1592 4256 1650 4326; x_wconf 76' lang='lat' dir='ltr'>ejus</span> <span class='ocrx_word' id='word_1_561' title='bbox 1661 4257 1711 4328; x_wconf 74' lang='lat' dir='ltr'>fiat</span> <span class='ocrx_word' id='word_1_562' title='bbox 1722 4257 1753 4312; x_wconf 90' lang='lat' dir='ltr'>in</span> 
     </span>
     <span class='ocr_line' id='line_1_55' title="bbox 955 4347 1751 4426; baseline -0.01 -16"><span class='ocrx_word' id='word_1_563' title='bbox 955 4362 1090 4422; x_wconf 77' lang='lat' dir='ltr'>comatum</span> <span class='ocrx_word' id='word_1_564' title='bbox 1099 4351 1188 4426; x_wconf 85' lang='lat' dir='ltr'>(Psoi.</span> <span class='ocrx_word' id='word_1_565' title='bbox 1197 4349 1359 4421; x_wconf 81' lang='lat' dir='ltr'>cstrrl.Pust</span> <span class='ocrx_word' id='word_1_566' title='bbox 1368 4355 1508 4420; x_wconf 88' lang='lat' dir='ltr'>acceptam</span> <span class='ocrx_word' id='word_1_567' title='bbox 1513 4362 1635 4419; x_wconf 89' lang='lat' dir='ltr'>quoque,</span> <span class='ocrx_word' id='word_1_568' title='bbox 1642 4347 1751 4417; x_wconf 85' lang='lat' dir='ltr'>plerum</span> 
     </span>
    </p>
   </div>
   <div class='ocr_carea' id='block_1_10' title="bbox 97 4385 906 4460">
    <p class='ocr_par' dir='ltr' id='par_1_11' title="bbox 97 4385 906 4460">
     <span class='ocr_line' id='line_1_56' title="bbox 97 4385 906 4460; baseline -0.005 -15"><span class='ocrx_word' id='word_1_569' title='bbox 97 4400 225 4445; x_wconf 82' lang='lat' dir='ltr'>serrum</span> <span class='ocrx_word' id='word_1_570' title='bbox 239 4393 330 4443; x_wconf 90' lang='lat' dir='ltr'>autem</span> <span class='ocrx_word' id='word_1_571' title='bbox 344 4385 491 4456; x_wconf 81' lang='lat' dir='ltr'>sudocare,</span> <span class='ocrx_word' id='word_1_572' title='bbox 506 4395 548 4445; x_wconf 90' lang='lat' dir='ltr'>est</span> <span class='ocrx_word' id='word_1_573' title='bbox 564 4388 593 4444; x_wconf 92' lang='lat' dir='ltr'>in</span> <span class='ocrx_word' id='word_1_574' title='bbox 612 4386 725 4446; x_wconf 83' lang='lat' dir='ltr'>tratrem</span> <span class='ocrx_word' id='word_1_575' title='bbox 746 4401 796 4460; x_wconf 89' lang='lat' dir='ltr'>per</span> <span class='ocrx_word' id='word_1_576' title='bbox 814 4386 906 4442; x_wconf 86' lang='lat' dir='ltr'>vindi-</span> 
     </span>
    </p>
   </div>
   <div class='ocr_carea' id='block_1_11' title="bbox 98 4439 1753 4536">
    <p class='ocr_par' dir='ltr' id='par_1_12' title="bbox 98 4439 1753 4536">
     <span class='ocr_line' id='line_1_57' title="bbox 98 4439 1753 4536; baseline -0.004 -35"><span class='ocrx_word' id='word_1_577' title='bbox 98 4487 184 4536; x_wconf 56' lang='lat' dir='ltr'>ctam</span> <span class='ocrx_word' id='word_1_578' title='bbox 201 4478 344 4535; x_wconf 45' lang='lat' dir='ltr'><strong>exardere·</strong></span> <span class='ocrx_word' id='word_1_579' title='bbox 956 4451 1134 4515; x_wconf 89' lang='lat' dir='ltr'>pcccatorum</span> <span class='ocrx_word' id='word_1_580' title='bbox 1147 4442 1335 4506; x_wconf 88' lang='lat' dir='ltr'>donationem,</span> <span class='ocrx_word' id='word_1_581' title='bbox 1346 4448 1375 4498; x_wconf 90' lang='lat' dir='ltr'>et</span> <span class='ocrx_word' id='word_1_582' title='bbox 1387 4440 1491 4496; x_wconf 79' lang='lat' dir='ltr'>intimae</span> <span class='ocrx_word' id='word_1_583' title='bbox 1507 4439 1604 4511; x_wconf 83' lang='lat' dir='ltr'>gratiae</span> <span class='ocrx_word' id='word_1_584' title='bbox 1617 4439 1753 4495; x_wconf 78' lang='lat' dir='ltr'>adbasio-</span> 
     </span>
    </p>
   </div>
   <div class='ocr_carea' id='block_1_12' title="bbox 69 4531 1751 5903">
    <p class='ocr_par' dir='ltr' id='par_1_13' title="bbox 97 4531 1751 5257">
     <span class='ocr_line' id='line_1_58' title="bbox 924 4531 1750 4612; baseline -0.002 -21"><span class='ocrx_word' id='word_1_585' title='bbox 924 4551 947 4612; x_wconf 68' lang='grc' dir='ltr'><strong>υ</strong></span> <span class='ocrx_word' id='word_1_586' title='bbox 960 4552 1033 4603; x_wconf 90' lang='lat' dir='ltr'>nem,</span> <span class='ocrx_word' id='word_1_587' title='bbox 1042 4537 1118 4592; x_wconf 91' lang='lat' dir='ltr'>multi</span> <span class='ocrx_word' id='word_1_588' title='bbox 1129 4535 1309 4592; x_wconf 85' lang='lat' dir='ltr'>criminaliter</span> <span class='ocrx_word' id='word_1_589' title='bbox 1318 4541 1461 4597; x_wconf 85' lang='lat' dir='ltr'>corruunt,</span> <span class='ocrx_word' id='word_1_590' title='bbox 1470 4541 1501 4588; x_wconf 91' lang='lat' dir='ltr'>ut</span> <span class='ocrx_word' id='word_1_591' title='bbox 1510 4531 1609 4589; x_wconf 85' lang='lat' dir='ltr'>Petrus</span> <span class='ocrx_word' id='word_1_592' title='bbox 1617 4539 1644 4588; x_wconf 90' lang='lat' dir='ltr'>et</span> <span class='ocrx_word' id='word_1_593' title='bbox 1654 4531 1750 4597; x_wconf 84' lang='lat' dir='ltr'>llarid,</span> 
     </span>
     <span class='ocr_line' id='line_1_59' title="bbox 958 4618 1751 4700; baseline -0.004 -16"><span class='ocrx_word' id='word_1_594' title='bbox 958 4618 1751 4700; x_wconf 72' lang='lat' dir='ltr'>quilortioressurrcxeruut.lustusenimsiccciderit,non</span> 
     </span>
     <span class='ocr_line' id='line_1_60' title="bbox 957 4719 1751 4794; baseline -0.005 -16"><span class='ocrx_word' id='word_1_595' title='bbox 957 4722 1107 4790; x_wconf 80' lang='lat' dir='ltr'>collidetur,</span> <span class='ocrx_word' id='word_1_596' title='bbox 1116 4724 1180 4794; x_wconf 88' lang='lat' dir='ltr'>quin</span> <span class='ocrx_word' id='word_1_597' title='bbox 1190 4722 1330 4788; x_wconf 78' lang='lat' dir='ltr'>Drmiam,</span> <span class='ocrx_word' id='word_1_598' title='bbox 1342 4722 1390 4792; x_wconf 87' lang='lat' dir='ltr'>qui</span> <span class='ocrx_word' id='word_1_599' title='bbox 1401 4721 1472 4792; x_wconf 89' lang='lat' dir='ltr'>rapit</span> <span class='ocrx_word' id='word_1_600' title='bbox 1478 4720 1594 4791; x_wconf 85' lang='lat' dir='ltr'>justum,</span> <span class='ocrx_word' id='word_1_601' title='bbox 1602 4734 1637 4776; x_wconf 88' lang='lat' dir='ltr'>ne</span> <span class='ocrx_word' id='word_1_602' title='bbox 1646 4719 1751 4774; x_wconf 86' lang='lat' dir='ltr'>malitia</span> 
     </span>
     <span class='ocr_line' id='line_1_61' title="bbox 938 4811 1749 4885; baseline -0.005 -17"><span class='ocrx_word' id='word_1_603' title='bbox 938 4815 1152 4885; x_wconf 86' lang='lat' dir='ltr'>·immutetcjns</span> <span class='ocrx_word' id='word_1_604' title='bbox 1162 4828 1285 4877; x_wconf 88' lang='lat' dir='ltr'>sensum,</span> <span class='ocrx_word' id='word_1_605' title='bbox 1302 4811 1409 4868; x_wconf 89' lang='lat' dir='ltr'>cadenti</span> <span class='ocrx_word' id='word_1_606' title='bbox 1419 4812 1543 4882; x_wconf 82' lang='lat' dir='ltr'>supponit</span> <span class='ocrx_word' id='word_1_607' title='bbox 1551 4826 1661 4864; x_wconf 84' lang='lat' dir='ltr'>manans</span> <span class='ocrx_word' id='word_1_608' title='bbox 1672 4825 1749 4866; x_wconf 87' lang='lat' dir='ltr'>suom</span> 
     </span>
     <span class='ocr_line' id='line_1_62' title="bbox 957 4902 1751 4977; baseline -0.005 -18"><span class='ocrx_word' id='word_1_609' title='bbox 957 4902 1045 4976; x_wconf 80' lang='lat' dir='ltr'>(Psoi.</span> <span class='ocrx_word' id='word_1_610' title='bbox 1057 4904 1335 4977; x_wconf 79' lang='lat' dir='ltr'>xxxvl),utquicadit</span> <span class='ocrx_word' id='word_1_611' title='bbox 1343 4903 1694 4974; x_wconf 80' lang='lat' dir='ltr'>perinfirmitatemcamis,</span> <span class='ocrx_word' id='word_1_612' title='bbox 1702 4917 1751 4972; x_wconf 89' lang='lat' dir='ltr'>per</span> 
     </span>
     <span class='ocr_line' id='line_1_63' title="bbox 146 4979 1751 5068; baseline -0.001 -19"><span class='ocrx_word' id='word_1_613' title='bbox 146 4979 202 5035; x_wconf 61' lang='lat' dir='ltr'>me</span> <span class='ocrx_word' id='word_1_614' title='bbox 217 4989 306 5037; x_wconf 65' lang='lat' dir='ltr'>“lilim</span> <span class='ocrx_word' id='word_1_615' title='bbox 324 4982 420 5048; x_wconf 88' lang='lat' dir='ltr'>noluit,</span> <span class='ocrx_word' id='word_1_616' title='bbox 435 4982 481 5038; x_wconf 66' lang='lat' dir='ltr'>tid</span> <span class='ocrx_word' id='word_1_617' title='bbox 498 4981 563 5037; x_wconf 67' lang='lat'>“⁶552</span> <span class='ocrx_word' id='word_1_618' title='bbox 578 4992 603 5037; x_wconf 86' lang='lat' dir='ltr'>et</span> <span class='ocrx_word' id='word_1_619' title='bbox 618 4984 692 5039; x_wconf 61' lang='lat' dir='ltr'>milii</span> <span class='ocrx_word' id='word_1_620' title='bbox 706 4983 783 5038; x_wconf 65' lang='lat' dir='ltr'>filum</span> <span class='ocrx_word' id='word_1_621' title='bbox 797 4985 825 5038; x_wconf 90' lang='lat' dir='ltr'>ia</span> <span class='ocrx_word' id='word_1_622' title='bbox 844 5001 905 5040; x_wconf 68' lang='lat' dir='ltr'>ctr-</span> <span class='ocrx_word' id='word_1_623' title='bbox 957 4997 1145 5067; x_wconf 86' lang='lat' dir='ltr'>poerritcntiam</span> <span class='ocrx_word' id='word_1_624' title='bbox 1159 5003 1294 5066; x_wconf 85' lang='lat' dir='ltr'>resurgat.</span> <span class='ocrx_word' id='word_1_625' title='bbox 1307 4996 1376 5063; x_wconf 84' lang='lat' dir='ltr'>Quis</span> <span class='ocrx_word' id='word_1_626' title='bbox 1384 5011 1450 5068; x_wconf 86' lang='lat' dir='ltr'>ergo</span> <span class='ocrx_word' id='word_1_627' title='bbox 1460 4996 1560 5052; x_wconf 89' lang='lat' dir='ltr'>audeat</span> <span class='ocrx_word' id='word_1_628' title='bbox 1569 4994 1701 5051; x_wconf 89' lang='lat' dir='ltr'>diceredc</span> <span class='ocrx_word' id='word_1_629' title='bbox 1709 4993 1751 5048; x_wconf 90' lang='lat' dir='ltr'>sic</span> 
     </span>
     <span class='ocr_line' id='line_1_64' title="bbox 97 5072 1751 5161; baseline -0.006 -13"><span class='ocrx_word' id='word_1_630' title='bbox 97 5089 209 5139; x_wconf 67' lang='lat' dir='ltr'>‘mm‘</span> <span class='ocrx_word' id='word_1_631' title='bbox 221 5072 302 5130; x_wconf 61' lang='lat' dir='ltr'>‘W</span> <span class='ocrx_word' id='word_1_632' title='bbox 317 5073 436 5130; x_wconf 60' lang='lat' dir='ltr'>&#39;eddim</span> <span class='ocrx_word' id='word_1_633' title='bbox 445 5072 571 5130; x_wconf 53' lang='lat' dir='ltr'>‘semim</span> <span class='ocrx_word' id='word_1_634' title='bbox 957 5089 1106 5161; x_wconf 86' lang='lat' dir='ltr'>assumptis</span> <span class='ocrx_word' id='word_1_635' title='bbox 1119 5089 1147 5144; x_wconf 91' lang='lat' dir='ltr'>in</span> <span class='ocrx_word' id='word_1_636' title='bbox 1163 5091 1262 5161; x_wconf 86' lang='lat' dir='ltr'>gratia,</span> <span class='ocrx_word' id='word_1_637' title='bbox 1279 5096 1309 5144; x_wconf 92' lang='lat' dir='ltr'>ut</span> <span class='ocrx_word' id='word_1_638' title='bbox 1319 5087 1391 5145; x_wconf 84' lang='lat' dir='ltr'>Deus</span> <span class='ocrx_word' id='word_1_639' title='bbox 1402 5103 1567 5159; x_wconf 89' lang='lat' dir='ltr'>quemqnam</span> <span class='ocrx_word' id='word_1_640' title='bbox 1576 5086 1630 5141; x_wconf 92' lang='lat' dir='ltr'>labi</span> <span class='ocrx_word' id='word_1_641' title='bbox 1641 5085 1751 5155; x_wconf 85' lang='lat' dir='ltr'>permit·</span> 
     </span>
     <span class='ocr_line' id='line_1_65' title="bbox 143 5174 1750 5257; baseline -0.007 -18"><span class='ocrx_word' id='word_1_642' title='bbox 143 5183 243 5240; x_wconf 75' lang='lat' dir='ltr'>Noluit</span> <span class='ocrx_word' id='word_1_643' title='bbox 253 5199 283 5242; x_wconf 87' lang='lat' dir='ltr'>se</span> <span class='ocrx_word' id='word_1_644' title='bbox 296 5185 387 5256; x_wconf 89' lang='lat' dir='ltr'>ipsum</span> <span class='ocrx_word' id='word_1_645' title='bbox 405 5185 592 5248; x_wconf 90' lang='lat' dir='ltr'>considerare,</span> <span class='ocrx_word' id='word_1_646' title='bbox 608 5190 638 5240; x_wconf 92' lang='lat' dir='ltr'>ut</span> <span class='ocrx_word' id='word_1_647' title='bbox 653 5186 681 5240; x_wconf 92' lang='lat' dir='ltr'>in</span> <span class='ocrx_word' id='word_1_648' title='bbox 697 5185 796 5257; x_wconf 89' lang='lat' dir='ltr'>spiritu</span> <span class='ocrx_word' id='word_1_649' title='bbox 807 5186 907 5243; x_wconf 89' lang='lat' dir='ltr'>lenita·</span> <span class='ocrx_word' id='word_1_650' title='bbox 956 5174 1750 5252; x_wconf 81' lang='lat' dir='ltr'>totusqueaddamnationem?Verumtamcnsiqaosdam·</span> 
     </span>
    </p>

    <p class='ocr_par' dir='ltr' id='par_1_14' title="bbox 69 5267 1751 5903">
     <span class='ocr_line' id='line_1_66' title="bbox 100 5267 1750 5348; baseline -0.004 -19"><span class='ocrx_word' id='word_1_651' title='bbox 100 5277 147 5330; x_wconf 88' lang='lat' dir='ltr'>tis</span> <span class='ocrx_word' id='word_1_652' title='bbox 163 5273 382 5332; x_wconf 90' lang='lat' dir='ltr'>misericorditer</span> <span class='ocrx_word' id='word_1_653' title='bbox 394 5283 502 5346; x_wconf 89' lang='lat' dir='ltr'>ageret;</span> <span class='ocrx_word' id='word_1_654' title='bbox 522 5275 570 5332; x_wconf 89' lang='lat' dir='ltr'>sed</span> <span class='ocrx_word' id='word_1_655' title='bbox 583 5275 802 5333; x_wconf 88' lang='lat' dir='ltr'>recessitabouo</span> <span class='ocrx_word' id='word_1_656' title='bbox 813 5277 907 5348; x_wconf 81' lang='lat' dir='ltr'>gratiae</span> <span class='ocrx_word' id='word_1_657' title='bbox 957 5273 1018 5330; x_wconf 92' lang='lat' dir='ltr'>nari</span> <span class='ocrx_word' id='word_1_658' title='bbox 1032 5273 1183 5343; x_wconf 87' lang='lat' dir='ltr'>contingat,</span> <span class='ocrx_word' id='word_1_659' title='bbox 1191 5271 1288 5329; x_wconf 86' lang='lat' dir='ltr'>dicuat</span> <span class='ocrx_word' id='word_1_660' title='bbox 1306 5272 1417 5343; x_wconf 88' lang='lat' dir='ltr'>quidam</span> <span class='ocrx_word' id='word_1_661' title='bbox 1428 5267 1750 5340; x_wconf 80' lang='lat' dir='ltr'>juxtapambolamquis</span> 
     </span>
     <span class='ocr_line' id='line_1_67' title="bbox 97 5356 1750 5441; baseline -0.003 -17"><span class='ocrx_word' id='word_1_662' title='bbox 97 5381 196 5441; x_wconf 76' lang='lat' dir='ltr'>quam</span> <span class='ocrx_word' id='word_1_663' title='bbox 217 5374 387 5437; x_wconf 85' lang='lat' dir='ltr'>susceperat,</span> <span class='ocrx_word' id='word_1_664' title='bbox 413 5366 525 5423; x_wconf 92' lang='lat' dir='ltr'>mittens</span> <span class='ocrx_word' id='word_1_665' title='bbox 538 5382 701 5424; x_wconf 83' lang='lat' dir='ltr'>conservum</span> <span class='ocrx_word' id='word_1_666' title='bbox 717 5367 744 5422; x_wconf 91' lang='lat' dir='ltr'>in</span> <span class='ocrx_word' id='word_1_667' title='bbox 765 5384 905 5426; x_wconf 91' lang='lat' dir='ltr'>carcerem</span> <span class='ocrx_word' id='word_1_668' title='bbox 957 5373 1069 5440; x_wconf 91' lang='lat' dir='ltr'>peccata</span> <span class='ocrx_word' id='word_1_669' title='bbox 1094 5365 1171 5436; x_wconf 91' lang='lat' dir='ltr'>prius</span> <span class='ocrx_word' id='word_1_670' title='bbox 1190 5365 1313 5428; x_wconf 89' lang='lat' dir='ltr'>dimissa,</span> <span class='ocrx_word' id='word_1_671' title='bbox 1338 5371 1366 5419; x_wconf 90' lang='lat' dir='ltr'>et</span> <span class='ocrx_word' id='word_1_672' title='bbox 1387 5363 1470 5418; x_wconf 85' lang='lat' dir='ltr'>etiarn</span> <span class='ocrx_word' id='word_1_673' title='bbox 1492 5360 1597 5431; x_wconf 79' lang='lat' dir='ltr'>judicio</span> <span class='ocrx_word' id='word_1_674' title='bbox 1620 5356 1750 5419; x_wconf 66' lang='lat' dir='ltr'>&amp;clusin</span> 
     </span>
     <span class='ocr_line' id='line_1_68' title="bbox 74 5437 1751 5542; baseline -0.003 -28"><span class='ocrx_word' id='word_1_675' title='bbox 74 5437 82 5526; x_wconf 58' lang='grc' dir='ltr'><em>ζ</em></span> <span class='ocrx_word' id='word_1_676' title='bbox 100 5459 179 5516; x_wconf 69' lang='lat' dir='ltr'>diras</span> <span class='ocrx_word' id='word_1_677' title='bbox 192 5457 391 5524; x_wconf 85' lang='lat' dir='ltr'>tribulationis.</span> <span class='ocrx_word' id='word_1_678' title='bbox 406 5458 486 5529; x_wconf 86' lang='lat' dir='ltr'>quasi</span> <span class='ocrx_word' id='word_1_679' title='bbox 501 5458 535 5515; x_wconf 90' lang='lat' dir='ltr'>ad</span> <span class='ocrx_word' id='word_1_680' title='bbox 545 5459 596 5515; x_wconf 90' lang='lat' dir='ltr'>hoc</span> <span class='ocrx_word' id='word_1_681' title='bbox 606 5461 742 5526; x_wconf 77' lang='lat' dir='ltr'>fortassis,</span> <span class='ocrx_word' id='word_1_682' title='bbox 754 5470 784 5517; x_wconf 89' lang='lat' dir='ltr'>nt</span> <span class='ocrx_word' id='word_1_683' title='bbox 794 5463 831 5517; x_wconf 88' lang='lat' dir='ltr'>ita</span> <span class='ocrx_word' id='word_1_684' title='bbox 843 5465 907 5532; x_wconf 82' lang='lat' dir='ltr'>pe&#39;c·</span> <span class='ocrx_word' id='word_1_685' title='bbox 955 5457 1143 5529; x_wconf 90' lang='lat' dir='ltr'>temporaliter</span> <span class='ocrx_word' id='word_1_686' title='bbox 1159 5457 1266 5528; x_wconf 91' lang='lat' dir='ltr'>punita,</span> <span class='ocrx_word' id='word_1_687' title='bbox 1282 5447 1444 5542; x_wconf 81' lang='lat' dir='ltr'>redeunt&#39;ut</span> <span class='ocrx_word' id='word_1_688' title='bbox 1455 5452 1622 5510; x_wconf 70' lang='lat' dir='ltr'>eternaliter</span> <span class='ocrx_word' id='word_1_689' title='bbox 1635 5455 1751 5525; x_wconf 88' lang='lat' dir='ltr'>punian-</span> 
     </span>
     <span class='ocr_line' id='line_1_69' title="bbox 69 5539 1749 5625; baseline -0.008 -10"><span class='ocrx_word' id='word_1_690' title='bbox 69 5539 82 5622; x_wconf 79' lang='lat'>,¹:</span> <span class='ocrx_word' id='word_1_691' title='bbox 101 5553 167 5611; x_wconf 81' lang='lat' dir='ltr'>cati</span> <span class='ocrx_word' id='word_1_692' title='bbox 180 5552 305 5610; x_wconf 83' lang='lat' dir='ltr'>debitum</span> <span class='ocrx_word' id='word_1_693' title='bbox 320 5552 448 5618; x_wconf 82' lang='lat' dir='ltr'>solueret,</span> <span class='ocrx_word' id='word_1_694' title='bbox 466 5552 581 5625; x_wconf 88' lang='lat' dir='ltr'>nequid</span> <span class='ocrx_word' id='word_1_695' title='bbox 597 5552 625 5608; x_wconf 93' lang='lat' dir='ltr'>in</span> <span class='ocrx_word' id='word_1_696' title='bbox 640 5552 734 5610; x_wconf 90' lang='lat' dir='ltr'>luturo</span> <span class='ocrx_word' id='word_1_697' title='bbox 747 5555 859 5625; x_wconf 85' lang='lat' dir='ltr'>gravius</span> <span class='ocrx_word' id='word_1_698' title='bbox 869 5555 907 5608; x_wconf 93' lang='lat' dir='ltr'>ul-</span> <span class='ocrx_word' id='word_1_699' title='bbox 956 5557 1012 5604; x_wconf 90' lang='lat' dir='ltr'>tur.</span> <span class='ocrx_word' id='word_1_700' title='bbox 1030 5547 1108 5604; x_wconf 82' lang='lat' dir='ltr'>Sicut</span> <span class='ocrx_word' id='word_1_701' title='bbox 1126 5548 1200 5604; x_wconf 86' lang='lat' dir='ltr'>enim</span> <span class='ocrx_word' id='word_1_702' title='bbox 1217 5547 1324 5618; x_wconf 81' lang='lat' dir='ltr'>iustitia</span> <span class='ocrx_word' id='word_1_703' title='bbox 1339 5545 1412 5602; x_wconf 88' lang='lat' dir='ltr'>delet</span> <span class='ocrx_word' id='word_1_704' title='bbox 1426 5551 1551 5602; x_wconf 72' lang='lat' dir='ltr'>auuaua</span> <span class='ocrx_word' id='word_1_705' title='bbox 1565 5553 1686 5616; x_wconf 83' lang='lat' dir='ltr'>paccata,</span> <span class='ocrx_word' id='word_1_706' title='bbox 1707 5548 1749 5603; x_wconf 93' lang='lat' dir='ltr'>sic</span> 
     </span>
     <span class='ocr_line' id='line_1_70' title="bbox 100 5637 1748 5718; baseline -0.007 -13"><span class='ocrx_word' id='word_1_707' title='bbox 100 5644 272 5705; x_wconf 83' lang='lat' dir='ltr'>cisccntlum</span> <span class='ocrx_word' id='word_1_708' title='bbox 289 5653 454 5702; x_wconf 87' lang='lat' dir='ltr'>remaneret.</span> <span class='ocrx_word' id='word_1_709' title='bbox 470 5645 566 5703; x_wconf 81' lang='lat' dir='ltr'>Euenit</span> <span class='ocrx_word' id='word_1_710' title='bbox 582 5646 676 5718; x_wconf 91' lang='lat' dir='ltr'>itaque</span> <span class='ocrx_word' id='word_1_711' title='bbox 692 5647 771 5718; x_wconf 84' lang='lat' dir='ltr'>juxta</span> <span class='ocrx_word' id='word_1_712' title='bbox 788 5651 907 5718; x_wconf 79' lang='lat' dir='ltr'>aposto·</span> <span class='ocrx_word' id='word_1_713' title='bbox 955 5640 1251 5713; x_wconf 79' lang='lat' dir='ltr'>iniustitiasuccctlens</span> <span class='ocrx_word' id='word_1_714' title='bbox 1259 5639 1392 5710; x_wconf 79' lang='lat' dir='ltr'>justitiam</span> <span class='ocrx_word' id='word_1_715' title='bbox 1404 5637 1531 5710; x_wconf 86' lang='lat' dir='ltr'>perimit:</span> <span class='ocrx_word' id='word_1_716' title='bbox 1543 5638 1748 5708; x_wconf 86' lang='lat' dir='ltr'>quadamnata,</span> 
     </span>
     <span class='ocr_line' id='line_1_71' title="bbox 100 5730 1749 5810; baseline -0.007 -12"><span class='ocrx_word' id='word_1_717' title='bbox 100 5743 179 5806; x_wconf 88' lang='lat' dir='ltr'>lum,</span> <span class='ocrx_word' id='word_1_718' title='bbox 197 5737 273 5810; x_wconf 87' lang='lat' dir='ltr'>quod</span> <span class='ocrx_word' id='word_1_719' title='bbox 289 5739 334 5796; x_wconf 91' lang='lat' dir='ltr'>ille</span> <span class='ocrx_word' id='word_1_720' title='bbox 347 5739 460 5796; x_wconf 90' lang='lat' dir='ltr'>tristitia</span> <span class='ocrx_word' id='word_1_721' title='bbox 474 5739 648 5805; x_wconf 87' lang='lat' dir='ltr'>absorbetur,</span> <span class='ocrx_word' id='word_1_722' title='bbox 664 5747 692 5796; x_wconf 92' lang='lat' dir='ltr'>et</span> <span class='ocrx_word' id='word_1_723' title='bbox 708 5741 760 5797; x_wconf 88' lang='lat' dir='ltr'>iste</span> <span class='ocrx_word' id='word_1_724' title='bbox 773 5741 843 5810; x_wconf 87' lang='lat' dir='ltr'>parit</span> <span class='ocrx_word' id='word_1_725' title='bbox 858 5741 905 5810; x_wconf 87' lang='lat' dir='ltr'>qui</span> <span class='ocrx_word' id='word_1_726' title='bbox 957 5743 1052 5790; x_wconf 91' lang='lat' dir='ltr'>contra</span> <span class='ocrx_word' id='word_1_727' title='bbox 1068 5735 1159 5806; x_wconf 90' lang='lat' dir='ltr'>priora</span> <span class='ocrx_word' id='word_1_728' title='bbox 1174 5740 1287 5806; x_wconf 86' lang='lat' dir='ltr'>peccata</span> <span class='ocrx_word' id='word_1_729' title='bbox 1303 5732 1377 5787; x_wconf 85' lang='lat' dir='ltr'>nulla</span> <span class='ocrx_word' id='word_1_730' title='bbox 1399 5738 1523 5788; x_wconf 86' lang='lat' dir='ltr'>romanet</span> <span class='ocrx_word' id='word_1_731' title='bbox 1534 5730 1680 5786; x_wconf 88' lang='lat' dir='ltr'>medicina.</span> <span class='ocrx_word' id='word_1_732' title='bbox 1702 5731 1749 5786; x_wconf 84' lang='lat' dir='ltr'>lli·</span> 
     </span>
     <span class='ocr_line' id='line_1_72' title="bbox 100 5822 1750 5903; baseline -0.006 -15"><span class='ocrx_word' id='word_1_733' title='bbox 100 5830 228 5890; x_wconf 65' lang='lat' dir='ltr'>tratrem</span> <span class='ocrx_word' id='word_1_734' title='bbox 240 5831 308 5897; x_wconf 88' lang='lat' dir='ltr'>odit,</span> <span class='ocrx_word' id='word_1_735' title='bbox 324 5840 351 5888; x_wconf 89' lang='lat' dir='ltr'>et</span> <span class='ocrx_word' id='word_1_736' title='bbox 368 5830 502 5903; x_wconf 86' lang='lat' dir='ltr'>inrigare</span> <span class='ocrx_word' id='word_1_737' title='bbox 516 5831 632 5902; x_wconf 77' lang='lat' dir='ltr'>justitie</span> <span class='ocrx_word' id='word_1_738' title='bbox 650 5831 759 5890; x_wconf 82' lang='lat' dir='ltr'>excedit</span> <span class='ocrx_word' id='word_1_739' title='bbox 775 5830 819 5903; x_wconf 87' lang='lat' dir='ltr'>(ll</span> <span class='ocrx_word' id='word_1_740' title='bbox 840 5829 902 5888; x_wconf 80' lang='lat' dir='ltr'>Cor.</span> <span class='ocrx_word' id='word_1_741' title='bbox 957 5827 995 5884; x_wconf 88' lang='lat' dir='ltr'>cit</span> <span class='ocrx_word' id='word_1_742' title='bbox 1008 5829 1081 5885; x_wconf 87' lang='lat' dir='ltr'>euim</span> <span class='ocrx_word' id='word_1_743' title='bbox 1103 5827 1234 5883; x_wconf 79' lang='lat' dir='ltr'>Dominus</span> <span class='ocrx_word' id='word_1_744' title='bbox 1254 5839 1302 5896; x_wconf 88' lang='lat' dir='ltr'>per</span> <span class='ocrx_word' id='word_1_745' title='bbox 1320 5822 1581 5896; x_wconf 69' lang='lat' dir='ltr'>propbetamzstuia</span> <span class='ocrx_word' id='word_1_746' title='bbox 1595 5837 1750 5894; x_wconf 77' lang='lat' dir='ltr'>quacunque</span> 
     </span>
    </p>
   </div>
   <div class='ocr_carea' id='block_1_13' title="bbox 99 4591 907 4939">
    <p class='ocr_par' dir='ltr' id='par_1_15' title="bbox 100 4591 906 4748">
     <span class='ocr_line' id='line_1_73' title="bbox 144 4591 906 4666; baseline 0.001 -19"><span class='ocrx_word' id='word_1_747' title='bbox 144 4591 184 4647; x_wconf 84' lang='lat' dir='ltr'>Et</span> <span class='ocrx_word' id='word_1_748' title='bbox 199 4592 338 4662; x_wconf 85' lang='lat' dir='ltr'>procidens</span> <span class='ocrx_word' id='word_1_749' title='bbox 347 4608 487 4647; x_wconf 82' lang='lat' dir='ltr'>consertus</span> <span class='ocrx_word' id='word_1_750' title='bbox 498 4593 566 4664; x_wconf 77' lang='lat' dir='ltr'>ejus,</span> <span class='ocrx_word' id='word_1_751' title='bbox 578 4592 690 4666; x_wconf 81' lang='lat' dir='ltr'>roqubat</span> <span class='ocrx_word' id='word_1_752' title='bbox 704 4609 774 4658; x_wconf 87' lang='lat' dir='ltr'>eum,</span> <span class='ocrx_word' id='word_1_753' title='bbox 796 4593 906 4648; x_wconf 83' lang='lat' dir='ltr'>dicens:</span> 
     </span>
     <span class='ocr_line' id='line_1_74' title="bbox 100 4679 793 4748; baseline 0.003 -10"><span class='ocrx_word' id='word_1_754' title='bbox 100 4683 279 4738; x_wconf 81' lang='lat' dir='ltr'>Patientiam</span> <span class='ocrx_word' id='word_1_755' title='bbox 291 4679 358 4737; x_wconf 82' lang='lat' dir='ltr'>ituie</span> <span class='ocrx_word' id='word_1_756' title='bbox 367 4682 395 4737; x_wconf 91' lang='lat' dir='ltr'>in</span> <span class='ocrx_word' id='word_1_757' title='bbox 407 4697 458 4748; x_wconf 85' lang='lat' dir='ltr'>me,</span> <span class='ocrx_word' id='word_1_758' title='bbox 468 4691 493 4737; x_wconf 85' lang='lat' dir='ltr'>et</span> <span class='ocrx_word' id='word_1_759' title='bbox 509 4684 598 4738; x_wconf 89' lang='lat' dir='ltr'>omniu</span> <span class='ocrx_word' id='word_1_760' title='bbox 614 4684 723 4739; x_wconf 88' lang='lat' dir='ltr'>reddam</span> <span class='ocrx_word' id='word_1_761' title='bbox 736 4684 793 4740; x_wconf 86' lang='lat' dir='ltr'>tibi.</span> 
     </span>
    </p>

    <p class='ocr_par' dir='ltr' id='par_1_16' title="bbox 99 4772 907 4939">
     <span class='ocr_line' id='line_1_75' title="bbox 142 4772 907 4848; baseline 0.008 -20"><span class='ocrx_word' id='word_1_762' title='bbox 142 4772 307 4831; x_wconf 82' lang='lat' dir='ltr'>Emendobo</span> <span class='ocrx_word' id='word_1_763' title='bbox 331 4774 566 4832; x_wconf 89' lang='lat' dir='ltr'>scilicetconsilio</span> <span class='ocrx_word' id='word_1_764' title='bbox 586 4777 630 4834; x_wconf 84' lang='lat' dir='ltr'>uel</span> <span class='ocrx_word' id='word_1_765' title='bbox 650 4777 756 4848; x_wconf 86' lang='lat' dir='ltr'>judicio</span> <span class='ocrx_word' id='word_1_766' title='bbox 778 4775 907 4834; x_wconf 78' lang='lat' dir='ltr'>Ecclesia</span> 
     </span>
     <span class='ocr_line' id='line_1_76' title="bbox 99 4866 310 4939; baseline 0 -17"><span class='ocrx_word' id='word_1_767' title='bbox 99 4867 184 4939; x_wconf 89' lang='lat' dir='ltr'>quud</span> <span class='ocrx_word' id='word_1_768' title='bbox 196 4866 310 4938; x_wconf 91' lang='lat' dir='ltr'>deliqui.</span> 
     </span>
    </p>
   </div>
   <div class='ocr_carea' id='block_1_14' title="bbox 0 0 1988 6326">
    <p class='ocr_par' dir='ltr' id='par_1_17' title="bbox 0 0 1988 6326">
     <span class='ocr_line' id='line_1_77' title="bbox 0 0 1988 6326; baseline 0 0"><span class='ocrx_word' id='word_1_769' title='bbox 0 0 1988 6326; x_wconf 95' lang='lat' dir='ltr'> </span> 
     </span>
    </p>
   </div>
  </div>
 </body>
</html>
