3967 6334
102 370 155 429 633
577 366 612 425 ΙΝ
631 366 731 426 bubo
749 367 794 424 Ex
814 365 984 437 QUssUOb
1003 366 1106 423 Ltunn
1124 366 1300 437 QUARTUS.
1687 376 1740 433 itt

433 498 465 589 Α
525 482 572 535 its
907 488 930 545 Α
944 485 1009 540 teto
1024 502 1084 553 uos,
1104 494 1130 541 et
1142 484 1268 558 gaudebit
1281 500 1327 539 cor
1340 491 1472 549 cestrum,
1499 484 1540 543 sic
1554 483 1716 561 intelligitur·
1730 502 1739 541 r

474 562 486 588 ‘
538 561 555 595 ¹
587 648 591 654 .
944 574 1067 648 Eripiam
1081 591 1130 635 vos
1150 578 1185 633 ab
1198 577 1373 644 adversariis,
1393 577 1533 634 coronabo
1546 594 1596 635 vos
1612 580 1739 649 victores,

137 670 277 739 Propterea
286 668 356 737 tiri,
372 671 436 741 puio
449 671 482 729 de
501 689 557 729 mee
572 674 692 744 accipiet,
706 680 731 729 et
746 674 892 729 assumin-
943 670 1067 741 probabo
1081 686 1124 727 me
1135 684 1243 741 semper
1253 670 1356 729 vidisse
1370 670 1554 727 decertantes.

103 764 139 817 tit
153 762 233 818 coiis.
980 761 1016 816 Et
1027 763 1055 817 in
1064 762 1113 817 illo
1122 761 1165 816 die
1178 778 1219 817 ote
1229 778 1281 817 noo
1295 762 1423 834 rogabitis
1433 763 1586 835 quidquam.

135 853 193 909 Dixi
207 855 320 926 quiade
333 856 431 914 eodem
447 857 531 915 babet
541 860 692 931 procedere
708 858 838 931 Spiritus,
859 860 893 916 de
979 852 1011 910 ln
1027 854 1072 911 die
1086 854 1203 911 visionis
1215 861 1325 911 aeternae
1337 870 1393 911 non
1408 854 1519 926 petetis,
1535 856 1578 913 rel
1590 872 1642 911 oon
1654 856 1740 913 inter-

103 961 153 1017 quo
165 952 192 1001 ct
209 962 260 1019 ego
273 948 395 1019 genitus,
417 966 454 1007 ne
472 959 584 1023 putetur
603 951 723 1024 Spiritus
734 953 826 1009 minor
837 968 891 1020 ms,
943 946 1088 1019 rogabitis,
1103 946 1168 1017 quia
1182 952 1249 1001 tunc
1264 946 1317 1002 erit
1334 946 1413 1018 plena
1427 946 1740 1019 cognitioctsufficion·

104 1039 143 1093 vel
155 1045 234 1094 natus
248 1038 350 1106 deme,
366 1040 439 1097 sicut
451 1056 503 1114 ego
518 1042 552 1099 de
565 1041 657 1099 Patre.
943 1039 991 1095 tia.
1010 1036 1156 1113 [incuso]
1168 1036 1225 1095 lloc
1236 1038 1437 1109 verbumquod
1448 1047 1490 1095 cst
1500 1054 1607 1110 rogare,
1623 1054 1679 1095 non
1693 1056 1739 1098 so·

134 1126 276 1196 tiodieum,
293 1130 447 1202 etiamnum
462 1132 580 1190 ridebitis
590 1150 651 1189 me:
668 1134 800 1191 etiterum
810 1134 893 1190 medi-
942 1131 1000 1189 lum
1014 1138 1122 1203 petere,
1138 1145 1234 1187 verum
1251 1130 1334 1187 etiam
1354 1130 1525 1201 interrogare
1539 1130 1691 1202 significat,
1711 1138 1740 1189 et

103 1237 166 1286 cum,
183 1228 208 1275 et
222 1221 343 1279 uidebitis
355 1240 406 1289 me,
423 1226 487 1296 puio
499 1225 566 1281 cedo
577 1225 741 1283 uchtrem.
761 1226 892 1283 Dicerem
942 1225 1068 1281 Graccum
1079 1224 1152 1280 unde
1171 1224 1224 1281 boc
1244 1223 1409 1279 translatum
1427 1229 1486 1289 est,
1510 1222 1566 1279 tale
1583 1223 1664 1279 babet
1678 1240 1739 1279 ver·

101 1330 156 1385 ergo
170 1328 202 1367 en
211 1311 353 1384 toctpsttr
364 1316 422 1387 ejus
438 1316 472 1371 uti
486 1318 594 1373 inuicem
607 1334 617 1372 .·
631 1318 702 1387 Quid
714 1327 753 1375 est
762 1319 810 1375 troc
822 1320 892 1393 qnod
942 1316 1018 1383 buna,
1028 1315 1103 1388 quod
1109 1324 1257 1387 utrumque
1264 1315 1353 1387 possit
1362 1306 1488 1387 intelligi.
1499 1312 1572 1386 Ergo
1580 1315 1740 1386 ambiguum

101 1404 158 1459 dicit
169 1404 254 1473 sciis,
266 1406 418 1477 modicum,
432 1418 457 1466 et
472 1428 525 1467 ocu
535 1410 655 1467 mdeiitis
667 1428 708 1466 rrae
726 1428 735 1466 .·
755 1422 781 1469 et
795 1413 892 1469 iterum
941 1418 993 1466 est.
1006 1408 1126 1466 Possunt
1140 1408 1199 1465 haec
1211 1414 1239 1466 et
1253 1407 1292 1464 ita
1305 1408 1415 1480 exponi,
1432 1414 1463 1462 ut
1477 1407 1506 1463 in
1519 1406 1661 1479 discipulis
1675 1407 1739 1463 uni·

101 1496 234 1564 mousom,
251 1507 281 1553 et
294 1498 415 1558 ridebitis
426 1519 484 1573 nse,
502 1513 527 1560 et
542 1507 605 1575 quio
626 1503 693 1561 oudo
710 1504 745 1559 cd
763 1505 892 1565 Patrem?
941 1516 1028 1559 rersae
1041 1501 1171 1573 loquatur
1182 1498 1312 1557 Ecclesiae
1327 1497 1472 1568 Dominus,
1488 1499 1563 1555 velut
1579 1498 1618 1555 ibi
1636 1516 1644 1555 ι
1672 1498 1740 1556 Ecce

100 1588 220 1643 dicebant
241 1606 305 1662 ergo
324 1592 421 1660 :ortt
440 1603 479 1650 est
497 1594 546 1651 icc
561 1594 630 1668 qood
648 1595 713 1652 dicit
736 1597 892 1657 motuum?
940 1608 987 1665 epo
1003 1591 1137 1647 vobiscum
1151 1608 1211 1647 sum
1230 1606 1313 1664 usque
1331 1589 1366 1646 cd
1380 1592 1634 1647 consummationem
1647 1590 1741 1647 secati

101 1678 233 1739 Nummus
242 1683 309 1755 guid
323 1686 452 1757 loquitur.
941 1680 1052 1757 (narrt.
1067 1681 1177 1757 urm).
1193 1680 1330 1737 liuditum
1343 1692 1368 1738 et
1378 1683 1499 1754 p'emuou
1512 1682 1633 1739 uidebitis
1644 1699 1695 1750 mc,
1704 1679 1739 1739 ad

130 1770 184 1827 lloc
195 1787 243 1829 eos
257 1775 398 1845 movebat,
405 1776 471 1849 qula
480 1776 549 1835 dixit
561 1799 568 1837 ι
580 1780 725 1847 modicum,
737 1782 785 1838 sed
794 1790 890 1853 postea
940 1776 994 1833 boc
1005 1774 1135 1843 retertur,
1145 1775 1209 1847 quie
1219 1774 1287 1831 octe
1298 1774 1334 1831 ud
1345 1774 1465 1832 Patrem.
1477 1774 1574 1833 Euudo
1587 1776 1694 1833 scilicet
1704 1774 1739 1833 ad

99 1860 299 1920 mauiiestatum
313 1865 377 1931 luit.
388 1866 458 1925 Nam
465 1878 529 1941 post
541 1871 681 1943 paulutum
689 1887 822 1943 passurus
834 1883 888 1942 sss,
904 1838 927 1893 Β
940 1866 1062 1938 Patrem,
1077 1867 1244 1946 subtraham⁸
1255 1867 1428 1940 corporalem
1445 1866 1599 1935 visionem,
1625 1874 1655 1923 ut
1680 1866 1739 1925 iru-

98 1962 183 2009 ctnon
198 1954 331 2013 viderunt
344 1972 408 2015 eum
425 1979 432 2015 ι
448 1976 547 2018 rursus
562 1970 624 2033 post
639 1964 781 2035 paululum
795 1979 890 2023 resur·
940 1966 1037 2017 ctuosc
1050 1960 1145 2016 credat
1155 1958 1290 2016 Ecclesia.
1307 1958 1343 2014 Et
1360 1960 1456 2015 iterum
1471 1960 1615 2027 modicum,
1631 1968 1656 2016 et
1668 1959 1739 2017 ottr-

99 2046 173 2113 rexit,
187 2052 216 2102 et
233 2046 368 2105 viderunt
382 2066 458 2109 eum.
488 2051 598 2128 [ileon]
623 2053 674 2112 Vel
695 2056 733 2111 ita
754 2073 762 2111 :
781 2055 889 2115 Modico
941 2051 1004 2108 bitis
1020 2068 1061 2107 me
1075 2052 1178 2109 ssaetcma
1191 2052 1308 2109 visione.
1335 2050 1474 2108 Modicum
1497 2052 1647 2109 secundum
1666 2052 1738 2107 banc

96 2144 211 2208 tempore
223 2153 286 2195 uon
299 2141 430 2199 viderunt
442 2159 522 2212 cum,
546 2145 613 2201 dum
627 2147 765 2218 requievit
783 2148 812 2203 in
825 2164 889 2205 mo·
940 2144 1124 2210 sententiam,
1146 2142 1268 2215 intellige
1282 2143 1400 2215 spatium
1413 2143 1495 2215 buius
1509 2142 1677 2215 pervolantis
1691 2157 1738 2199 ste·

96 2237 236 2287 numento:
248 2238 280 2286 et
290 2231 401 2289 modico
414 2244 538 2307 tempore
551 2237 678 2294 viderunt
688 2253 761 2305 eum,
777 2240 889 2311 quaudo
939 2234 1005 2292 culi.
1023 2234 1186 2303 Pioruttrtr,
1203 2233 1303 2306 inquit,
1318 2234 1384 2306 quia
1397 2234 1508 2305 plorant
1521 2250 1617 2291 omncs
1629 2234 1694 2291 boni
1709 2235 1738 2291 in

94 2321 133 2376 sis
147 2322 273 2393 apparuit
283 2322 313 2380 in
326 2325 508 2399 quadraginta
520 2328 618 2385 dicbus
630 2337 693 2400 post
707 2333 889 2390 resurrectio-
938 2327 1070 2385 aerumnis
1086 2327 1171 2398 hujus
1186 2330 1260 2392 vites,
1274 2326 1322 2383 sed
1336 2326 1433 2383 mundi
1453 2332 1592 2384 amatores
1605 2326 1734 2398 gaudent.

97 2426 163 2467 uem.
177 2411 332 2485 Propterea
345 2417 457 2474 modico
468 2426 592 2492 tempore
607 2420 735 2481 videbitis
748 2439 809 2490 me,
824 2427 888 2497 quia
940 2417 1052 2493 [Broc]
1064 2418 1206 2475 Mulierem
1225 2418 1292 2475 dicit
1314 2425 1439 2475 sanctam
1456 2416 1609 2475 Ecclesiam
1625 2424 1738 2490 proptor

96 2502 156 2557 sedo
168 2503 203 2559 ad
213 2503 340 2575 Putrem,
356 2508 482 2582 deposita
496 2514 672 2582 mortalitate,
681 2514 887 2575 humanumna.
939 2510 1138 2569 fecunditatem
1152 2510 1290 2567 bonorum
1303 2525 1437 2582 operum,
1455 2518 1483 2567 ct
1499 2510 1564 2581 quia
1578 2510 1736 2582 spirituales

96 2605 177 2653 turam
189 2600 267 2657 coelis
286 2601 421 2661 inferens.
440 2603 519 2672 Quod
533 2614 626 2664 autem
641 2608 695 2675 ait,
711 2618 737 2665 et
753 2609 815 2681 iam
834 2628 887 2669 sorr
937 2602 995 2661 1110
1009 2605 1121 2677 sitnm
1135 2602 1207 2662 1111111
1220 2619 1278 2660 n0¹¹
1291 2602 1404 2659 11511111·
1414 2600 1480 2669 111111
1488 2616 1629 2674 nunquam
1639 2600 1737 2665 muudi

95 2690 205 2750 sturio
218 2710 271 2763 me,
295 2695 337 2753 sic
352 2697 542 2771 accipiendum
562 2710 606 2757 est
624 2717 680 2773 quo
707 2704 790 2761 modo
808 2720 888 2778 sope-
936 2698 1136 2757 tentationibus
1156 2696 1279 2756 exerceri
1298 2695 1417 2763 desistit,
1439 2693 1562 2767 quandiu
1585 2694 1737 2767 inmundo

94 2783 156 2851 rius,
168 2784 213 2840 ubi
227 2786 267 2841 ait
285 2806 293 2843 :
308 2786 350 2843 lie
354 2789 465 2860 irretitis
479 2808 549 2859 sero,
564 2793 628 2864 guia
641 2792 677 2847 od
687 2792 884 2865 Petremoodo,
937 2788 1123 2861 spiritualium
1136 2789 1269 2845 virtutum
1292 2784 1463 2858 profectibus
1481 2784 1595 2842 insistit.
1616 2781 1735 2849 Atcum,

93 2882 116 2929 rt
123 2874 179 2944 jem
191 2893 244 2933 sorr
257 2877 386 2935 ridebitis
402 2898 453 2937 me.
465 2881 536 2950 Quia
547 2884 653 2943 scilicet
664 2900 729 2943 eum
741 2888 885 2947 mortalem
935 2880 1044 2938 devicto
1059 2882 1184 2937 laborum
1207 2880 1369 2945 certamine,
1384 2878 1419 2934 ad
1433 2877 1552 2949 palmam
1571 2876 1735 2947 pervenerit,

93 2980 143 3021 run
154 2968 272 3039 amplius
293 2969 432 3029 viderent,
933 2973 1059 3043 jamnon
1072 2972 1197 3029 meminit
1210 2986 1349 3043 pressuris
1359 2967 1539 3041 praecedentis
1549 2974 1661 3039 propter
1671 2981 1738 3039 gau,

124 3056 246 3131 deguerit
262 3071 361 3120 amem
381 3063 461 3123 teres
486 3068 550 3138 pria
563 3068 684 3125 ooteimu
697 3087 758 3129 eum
771 3072 885 3129 interro·
936 3066 1012 3123 dium
1027 3071 1164 3137 perceptae
1179 3062 1383 3121 retributionis.
1395 3061 1469 3135 [Nou
1482 3061 1629 3129 eustenius
1643 3059 1736 3117 coodi-

91 3166 158 3220 30⁷0‚
174 3161 200 3208 tt
215 3152 291 3209 dixit
305 3156 345 3212 eis
368 3156 434 3214 :De
450 3157 498 3213 boc
516 3161 636 3231 querius
654 3162 726 3217 inter
747 3180 803 3229 sos,
822 3165 920 3256 tpuioc
936 3174 995 3231 gne
1017 3157 1154 3227 passiones
1174 3155 1254 3227 buius
1273 3156 1399 3227 temporis
1419 3153 1454 3211 cd
1476 3135 1597 3225 tamtam
1620 3152 1737 3226 glorians

93 3242 161 3299 diri:
174 3246 324 3315 nmmum,
337 3257 363 3304 et
376 3266 429 3305 non
441 3249 563 3308 ridebitis
575 3268 615 3307 nte
626 3267 636 3307 .·
648 3262 674 3309 et
688 3254 785 3310 iterum
800 3255 887 3311 modi·
940 3248 1027 3324 (Rom.
1037 3246 1111 3320 vui),
1123 3248 1234 3319 quaudo
1248 3247 1348 3310 similes
1359 3246 1415 3305 lieo
1425 3247 1536 3312 erictus,
1547 3244 1736 3307 etuidetiums

92 3351 154 3403 cum,
166 3346 192 3393 et
210 3338 338 3396 uidebitis
353 3344 415 3399 mei
427 3342 523 3412 Amen,
543 3360 633 3411 omes,
646 3345 707 3402 dico
727 3347 810 3415 coiis,
824 3349 889 3420 quio
938 3360 999 3399 eum
1010 3341 1089 3399 sicuti
1098 3348 1137 3396 est
1153 3338 1181 3415 (l
1191 3338 1279 3407 ioum,
1290 3338 1344 3413 ιιι),
1364 3345 1400 3399 ut
1418 3338 1462 3401 ait¹
1481 3334 1603 3393 Joourres
1621 3337 1649 3393 in
1670 3334 1735 3407 Epi-

91 3426 220 3493 piorcbitis
233 3438 258 3485 et
269 3430 377 3500 flebitis
390 3450 447 3501 ros,
456 3435 571 3491 muudus
581 3448 669 3493 sutem
680 3438 814 3510 gaudebit.
835 3441 887 3497 Vos
938 3437 1010 3494 stola
1030 3447 1090 3492 sua.
1480 3466 1484 3473 ·

92 3526 171 3573 estem
184 3523 424 3595 contristabimini,
439 3526 486 3582 sed
505 3528 617 3585 tristitie
633 3538 721 3587 oestro
734 3535 887 3590 scruteris
975 3528 1121 3605 [incuso]
1136 3528 1215 3587 Nunc
1232 3521 1486 3599 parturithcclcsia
1505 3520 1650 3593 gemendo,
1667 3528 1734 3577 tunc

91 3612 219 3682 91111111.
937 3623 1026 3694 pariet
1041 3620 1168 3679 letando.
1192 3617 1272 3675 Nunc
1284 3614 1403 3689 parturit
1421 3612 1542 3680 orando,
1567 3619 1634 3673 tunc
1646 3612 1739 3693 pariet

121 3702 283 3764 contristati
296 3717 363 3767 sunt
373 3711 408 3768 de
421 3719 511 3771 morte
521 3711 642 3783 Domini,
656 3716 706 3773 sed
717 3733 782 3775 mor
792 3717 828 3777 ds
842 3736 887 3778 rs.
937 3713 1085 3772 laudando.
1104 3712 1142 3772 Et
1153 3710 1214 3771 ideo
1230 3708 1395 3774 masculum,
1410 3706 1542 3779 quoniam
1560 3704 1595 3760 ad
1614 3702 1735 3770 lructum

91 3798 255 3857 surrectione
269 3800 370 3858 laetati.
386 3801 506 3862 blundus
520 3812 612 3862 autem
626 3806 764 3880 significat
776 3809 822 3867 bic
833 3810 886 3867 ini·
937 3805 1192 3878 contemplationis,
1211 3808 1312 3859 cuncta
1322 3798 1409 3856 officia
1424 3796 1583 3855 referuntur
1605 3796 1733 3861 actionis.

91 3887 188 3955 nicos,
203 3905 220 3945 a
233 3891 344 3963 quibus
357 3896 470 3952 occisus
483 3902 527 3955 est
539 3894 676 3956 Christus.
937 3898 1046 3973 {Brun}
1057 3896 1173 3955 Etsicut
1190 3894 1299 3961 mulier,
1315 3899 1381 3949 nato
1397 3891 1427 3947 in
1440 3890 1516 3948 bunc
1530 3888 1663 3947 mundum
1682 3891 1735 3945 bo·
1774 3882 1779 3892 '

120 3975 388 4068 liuiimfmpurit,
405 3986 544 4043 tristitiam
555 3987 650 4056 tuter,
665 3991 728 4063 pario
741 3993 809 4048 veuit
819 3993 886 4050 iore
935 3992 1020 4058 mine,
1035 3989 1157 4045 laetatur:
1168 3988 1208 4044 ita
1221 3986 1355 4052 Ecclesia,
1371 3990 1437 4040 nato
1456 3983 1485 4039 iu
1504 3981 1590 4043 vitam
1613 3981 1735 4045 loturam

89 4066 228 4136 11111111
240 4078 476 4146 cutempsperertt
490 4080 682 4151 perremissos
697 4098 751 4138 sorr
766 4086 885 4140 meminit
935 4082 1047 4154 populo,
1075 4078 1259 4137 exsultatione
1279 4075 1412 4147 repletur.
1437 4072 1492 4129 Pro
1512 4085 1567 4145 qua
1591 4071 1736 4129 nativitate

89 4172 212 4226 presssroe
221 4174 336 4236 propter
345 4167 486 4239 gradium,
507 4171 572 4242 guia
591 4180 671 4229 nutus
691 4182 732 4230 est
751 4174 829 4233 bomo
856 4177 885 4233 is
934 4176 1052 4231 multum
1066 4173 1197 4229 laborans
1207 4177 1235 4228 et
1250 4184 1361 4243 gemeus
1374 4168 1403 4223 in
1418 4166 1560 4238 pra-senti,
1576 4163 1656 4237 quasi
1671 4180 1736 4235 par-

89 4249 217 4311 mm·
934 4269 1042 4325 turicns
1055 4267 1137 4325 dolet.
1154 4264 1211 4321 Nec
1223 4278 1325 4321 novum
1337 4261 1419 4319 debet
1434 4259 1562 4331 cuiquam
1578 4256 1686 4323 videri,
1710 4246 1734 4315 si

120 4341 216 4403 Partus
235 4350 344 4421 gaudio
360 4362 539 4426 comparatur
559 4363 626 4411 tunc
642 4357 752 4429 magis,
772 4359 884 4431 quando
933 4371 1015 4419 natus
1026 4360 1135 4417 dicatur
1153 4358 1246 4431 quiex
1259 4356 1312 4413 bac
1323 4355 1381 4411 vita
1392 4351 1552 4425 migraverit
1570 4368 1576 4406 :
1594 4352 1735 4433 qrromorto

89 4440 248 4509 nonpuella,
263 4442 316 4499 sed
332 4459 401 4515 puer
411 4446 547 4503 nascitur.
563 4445 700 4505 Gaudium
709 4455 752 4506 est
766 4450 882 4522 ipseie·
933 4454 1007 4512 enim
1023 4454 1100 4511 nasci
1114 4451 1227 4517 dicitur,
1241 4464 1304 4505 cum
1322 4444 1386 4519 quis
1404 4444 1439 4501 dc
1453 4449 1533 4505 utero
1548 4442 1734 4513 matrisegrc·

87 4529 244 4604 sus,dequo
254 4533 408 4606 Apostolus
420 4556 428 4593 ι
440 4536 573 4607 Christus,
587 4557 723 4613 resurgens
735 4560 752 4597 α
762 4545 885 4610 mortuis,
902 4546 1024 4617 Editur,
1044 4547 1083 4604 ita
1101 4546 1186 4603 etiam
1205 4548 1296 4615 potest
1313 4546 1397 4595 natos
1409 4536 1550 4609 appellari,
1565 4534 1612 4605 qui
1627 4533 1734 4591 solutus

87 4618 139 4684 ism
151 4639 203 4679 uos
213 4628 334 4682 moritur
349 4626 438 4700 (nom.
452 4629 502 4703 vr).
936 4638 1085 4695 avinculis
1105 4636 1216 4700 carnis,
1236 4632 1271 4689 ad
1294 4633 1383 4687 lucem
1408 4628 1573 4689 sublimatur
1590 4632 1732 4681 aeternam.

120 4710 154 4765 Et
165 4718 302 4792 cosmum
314 4735 385 4775 nuuc
398 4721 502 4792 quidem
514 4723 651 4780 tristitiam
658 4724 770 4784 tatem.
780 4725 885 4783 lterum
935 4730 1015 4787 Unde
1027 4744 1088 4786 mos
1103 4726 1309 4785 ecclesiasticus
1323 4720 1454 4789 obtinuit,
1466 4727 1497 4789 ut
1511 4719 1572 4777 dics
1582 4724 1735 4791 martyrum

88 4813 170 4861 ostem
180 4806 273 4866 uidebo
283 4820 377 4878 uocet
389 4812 514 4883 gaudebit
527 4832 574 4871 cor
587 4828 712 4885 oestrum,
721 4828 747 4875 et
756 4820 884 4893 goudium
935 4824 993 4880 slve
1007 4820 1196 4880 confessorum
1208 4815 1310 4874 Christi
1323 4856 1330 4882 ,
1345 4814 1446 4886 quibus
1466 4813 1499 4871 de
1518 4811 1620 4871 seculo
1643 4815 1735 4865 trans·

88 4914 114 4952 re
138 4916 195 4955 rum
212 4920 292 4959 uerno
306 4904 382 4960 tettet
394 4923 412 4960 a
426 4908 508 4964 sotis.
935 4917 1037 4981 ierunt,
1058 4912 1164 4969 natales
1176 4912 1339 4974 vocitemus,
1355 4922 1505 4979 eorumque
1530 4902 1663 4963 solemnia
1679 4914 1735 4955 non

120 4988 224 5067 [Bm]
240 4993 379 5054 Dominus
393 5000 507 5071 exponit
516 5001 675 5072 paradigma
699 5002 885 5073 quoddemu·
936 5006 1071 5074 tunebria,
1086 5002 1135 5060 scd
1149 5002 1274 5059 natalitia
1284 5000 1423 5057 dicantur.
1453 4996 1583 5073 Sequitur
1604 5010 1611 5048 :
1639 4990 1674 5046 Ει
1689 5006 1734 5045 oss

88 5081 150 5140 licre
163 5088 322 5158 proposuit.
347 5088 504 5147 Tristitiam
526 5093 600 5147 enim
620 5092 777 5148 babuerunt
797 5093 884 5149 discl-
935 5099 1075 5154 iustitiam
1089 5093 1229 5150 babebitis.
1256 5092 1356 5159 (imnis
1367 5091 1493 5147 Ecclesia
1512 5102 1561 5161 per
1575 5082 1658 5153 huius
1670 5080 1735 5135 vitu

87 5175 151 5244 puli,
163 5192 247 5247 passo
255 5178 394 5250 llomiuo;
409 5181 469 5250 sed,
482 5190 594 5253 peracta
602 5185 815 5241 resurrectionis
826 5186 885 5256 glo-
936 5192 1044 5247 labores
1063 5196 1091 5246 et
1110 5188 1254 5260 augustias
1277 5186 1312 5243 ad
1334 5192 1439 5244 eterna
1453 5180 1565 5255 praemia
1579 5174 1735 5231 coelcstiunr

87 5266 142 5333 rin,
154 5272 240 5340 getici
254 5282 320 5328 sust
338 5274 397 5329 riso
406 5272 522 5329 Domine
535 5273 627 5346 (doctr.
639 5276 697 5347 ιι).
719 5275 798 5342 Quod
814 5292 883 5348 gau·
935 5280 1098 5353 gaudiorum
1115 5276 1223 5343 tendit,·
1242 5277 1308 5349 quia
1321 5292 1367 5346 per
1380 5274 1479 5329 multos
1497 5266 1691 5327 tribulationes,
1706 5270 1736 5318 ut

87 5355 158 5414 dium
169 5376 267 5419 corum
283 5379 341 5420 non
355 5365 462 5421 tollitur
476 5364 582 5431 abeis,
598 5366 664 5437 qula
677 5375 704 5422 et
725 5368 748 5423 si
762 5377 885 5439 postmo·
935 5370 1138 5445 altopostolus,
1148 5379 1249 5442 oportet
1266 5370 1425 5427 oosiutrare
1438 5368 1467 5421 in
1480 5354 1733 5435 repromittitur.

88 5448 149 5505 dum
161 5456 374 5522 persecutiones
388 5472 440 5527 pro
455 5456 561 5513 Christi
576 5458 688 5515 nomine
701 5473 734 5515 ac
748 5467 885 5516 tormenta
936 5465 1004 5537 xiv).
1020 5464 1121 5521 Dicens
1134 5460 1268 5519 Dominus
1281 5482 1288 5518 :
1299 5461 1403 5517 itervm
1417 5467 1505 5515 autem
1517 5448 1610 5511 ridebo
1624 5464 1681 5511 eos,
1693 5462 1737 5503 se·

88 5544 158 5613 passi
171 5553 253 5614 sunt,
270 5563 321 5619 spe
332 5555 427 5605 umen
443 5548 656 5607 resurrectionis
669 5565 702 5606 ac
715 5550 830 5608 visionis
849 5551 884 5607 ilo
935 5554 1056 5630 cundum
1070 5553 1209 5627 promittit
1221 5554 1388 5618 adventum,
1413 5550 1442 5606 in
1455 5561 1511 5621 quo
1524 5540 1685 5600 universam
1697 5538 1739 5592 vi-

88 5633 140 5692 lius
152 5640 277 5707 accensi,
293 5641 414 5702 libenter-
425 5642 669 5715 adversaquaeque
682 5642 817 5709 terebant,
830 5644 885 5701 imo
936 5646 1012 5703 debit
1027 5644 1181 5705 Ecclesiam
1200 5647 1235 5703 ad
1255 5644 1489 5704 remunerandum
1511 5652 1547 5695 ex
1561 5640 1682 5700 ruscim-
1706 5626 1743 5684 Ei

87 5728 211 5797 gratim
226 5734 430 5802 existimabant,
446 5750 506 5790 cass
519 5736 549 5789 irs
564 5736 723 5790 testationes
740 5736 829 5792 cauus
843 5738 886 5791 irr-
936 5736 1001 5808 quia
1022 5737 1050 5791 in
1077 5736 1250 5809 plenitudine
1272 5738 1347 5795 illius
1371 5734 1463 5809 gaudii
1485 5742 1542 5788 non
1565 5714 1744 5792 rogabimus.

87 5819 201 5887 11111111
219 5822 295 5898 (Jac-
312 5826 342 5900 ι).
362 5826 443 5895 Quot
455 5837 548 5886 soum
563 5826 616 5894 ait,
631 5828 728 5883 iterum
743 5837 830 5885 cutem
847 5831 886 5885 ri-
937 5828 1020 5886 modo
1035 5832 1184 5902 petendum
1200 5840 1242 5891 est
1256 5840 1286 5891 ut
1301 5832 1366 5890 illuc
1380 5825 1586 5904 perveniamus.
