3967 6334
100 345 154 402 ttl
561 345 832 405 SENTENleRUbl
851 347 944 404 alent
962 347 1065 408 ocio.
1077 379 1113 390 —
1123 345 1188 404 tls.
1205 345 1249 404 ln.
1677 350 1730 410 lit

97 462 322 520 circumcisionis
340 472 437 522 terreri
459 462 560 520 damno
575 479 684 528 rerum,
699 480 735 519 ne
749 463 783 520 ad
797 464 888 536 prohi·
903 467 927 524 ll
942 464 1074 520 monitam
1089 464 1117 520 in
1132 463 1158 518 id
1172 463 1274 536 rigere,
1293 468 1347 516 uta
1359 462 1431 518 malo
1441 461 1537 522 saltem
1548 471 1680 532 cessaret,
1695 482 1732 524 ro

96 554 158 609 bita
168 553 288 617 devient,
304 553 405 608 attrahi
416 552 560 626 largitione
573 555 782 626 temporalium,
797 562 827 610 ut
838 553 892 610 Do-
940 555 1030 611 dicam
1043 556 1114 612 bona
1128 562 1242 628 gereret.
1260 551 1341 609 l'enit
1354 567 1430 624 ergo,
1447 561 1477 608 nt
1490 554 1601 608 oracula
1615 555 1730 626 implens

95 643 169 698 mini
179 643 260 715 iussa
271 643 314 699 rel
325 644 366 700 sie
380 642 623 716 ament.1losergo
640 644 719 700 liberi
732 645 817 717 gratis
832 660 891 701 ser·
940 649 1147 720 prophetarum,
1164 653 1227 702 rota
1242 659 1352 718 quoque
1365 644 1486 715 expleret
1500 647 1729 716 exspectantium.

96 739 224 804 rientcs3
248 737 288 792 illi
307 735 379 794 servi
394 736 482 808 pretio
496 736 634 793 conducti.
653 737 732 804 Quod
752 738 775 795 si
785 754 837 795 nce
850 737 890 795 sic
940 738 991 795 llic
1013 747 1055 796 est
1078 737 1214 810 Propheta
1234 738 1268 795 de
1289 753 1345 810 qno
1367 736 1474 810 lloyses
1489 738 1589 809 populo
1603 753 1653 796 suo
1669 739 1730 796 ait:

96 836 205 894 amant,
215 829 268 884 sub
278 829 337 900 lege
351 829 448 885 mortis
461 829 571 901 degum.
587 828 643 886 Nos
656 838 747 886 autem
758 830 889 886 innostra
939 829 1086 888 suscitabit
1096 829 1167 886 cobis
1178 829 1250 886 Deus
1267 828 1426 900 Propltetom
1437 828 1469 884 de
1479 829 1606 899 fratribus
1619 831 1730 892 uestes.

94 919 191 975 virere
203 935 352 990 possumus
365 920 547 977 sanctissime.
560 919 590 975 ln
604 935 636 977 ea
650 921 723 978 enim
736 920 816 976 datur
826 937 889 994 gra·
940 931 1067 994 tanquam
1077 938 1132 986 me:
1146 921 1233 993 ipsum
1248 920 1361 976 audietis
1375 919 1466 993 (Dent.
1482 936 1561 986 rutra,
1579 921 1633 994 lii).
1649 921 1732 978 Venit

95 1011 149 1075 tia,
173 1011 247 1066 unde
267 1011 376 1067 nitatur
399 1011 497 1068 libere.
520 1009 589 1068 Nara
608 1012 734 1083 quamuis
747 1013 889 1068 timorliei
938 1014 1031 1086 itaque
1048 1015 1076 1070 in
1095 1029 1188 1078 carne,
1206 1028 1262 1068 non
1284 1011 1350 1084 quia
1369 1026 1425 1067 non
1444 1011 1524 1067 aliter
1544 1027 1609 1069 suos
1623 1013 1731 1070 salvare

94 1105 205 1159 cultum
224 1105 382 1174 preveniat,
407 1110 435 1160 at
454 1105 575 1162 ebaritas
597 1115 780 1163 consummat.
810 1105 889 1164 Unde
938 1113 1057 1179 poterat,
1074 1105 1197 1178 scdqnia
1212 1104 1353 1162 decentius
1372 1104 1504 1160 salvabat.
1525 1101 1571 1158 Sic
1585 1104 1658 1160 enim
1679 1121 1730 1161 sua

93 1196 246 1268 Apostolus
262 1197 334 1253 inter
351 1197 495 1268 utriusque
503 1197 660 1254 testamenti
674 1197 799 1255 homines
810 1198 888 1255 dilie-
937 1201 1019 1256 nohis
1034 1199 1098 1272 (qua
1110 1198 1246 1271 praecipue
1256 1194 1377 1270 egemus)
1390 1195 1525 1268 praecipue
1540 1195 1729 1253 misericordia

92 1290 215 1345 rentiam
228 1304 342 1360 ponens,
356 1288 452 1360 quales
460 1304 512 1346 nos
525 1303 587 1345 esse
600 1297 725 1361 oporteat
740 1290 887 1348 declaravit
936 1290 1101 1356 declaratur,
1116 1306 1167 1347 nos
1182 1306 1292 1362 quoquo
1313 1289 1489 1352 admiranda,
1513 1287 1569 1342 imo
1583 1289 1728 1370 stupenda,

92 1378 194 1436 dicens
208 1394 218 1434 :
233 1379 296 1436 Non
311 1381 451 1450 accepistis
465 1382 591 1453 spiritam
603 1381 736 1437 territatis
747 1381 842 1438 iterem
858 1382 886 1438 in
934 1382 1063 1440 Auctoris
1079 1383 1180 1453 pietate
1194 1383 1328 1455 inspecta,
1338 1382 1444 1438 auctori
1457 1390 1554 1440 nostro
1564 1383 1661 1440 humili
1674 1383 1729 1439 imo

92 1472 202 1539 timore,
213 1471 259 1527 sed
274 1472 400 1543 spiritum
419 1471 569 1543 adoptionis
586 1472 705 1544 filiorum
719 1472 807 1546 (Rom.
820 1490 884 1540 mn,
935 1473 1087 1538 insolubili.
1103 1473 1248 1531 deuotione
1261 1474 1450 1546 astringimur.

92 1563 153 1632 iii).
169 1563 248 1632 Quod
260 1565 405 1622 vetustatis
418 1572 471 1634 est,
486 1573 585 1638 negat,
598 1565 673 1637 quod
687 1566 752 1622 nori
765 1567 885 1624 hominis
970 1564 1052 1622 Venit
1071 1573 1162 1623 autem
1180 1573 1211 1623 ut
1226 1567 1313 1638 legem
1332 1565 1439 1636 liniret;
1462 1566 1606 1638 sicutipse
1620 1565 1648 1622 in
1663 1579 1728 1638 pro·

89 1663 149 1717 est,
165 1662 260 1724 postea
268 1654 392 1712 affirmat.
408 1655 487 1712 Tune
499 1657 574 1714 enim
590 1657 704 1728 spiritus
717 1657 816 1714 timore
826 1666 885 1714 tur·
935 1658 1019 1729 pheta
1033 1657 1067 1714 ad
1081 1657 1191 1714 Patrem
1205 1657 1321 1729 loquens
1334 1664 1452 1713 testatur
1468 1673 1474 1709 ε
1492 1657 1684 1712 lloloconstam
1701 1663 1728 1712 et

88 1745 182 1810 bavit,
193 1754 225 1802 ut
234 1748 277 1804 rel
292 1749 334 1806 sic
346 1757 457 1821 cogeret
470 1750 606 1807 servituti.
620 1749 700 1806 Nunc
713 1759 806 1807 summ
818 1751 885 1807 cba-
935 1759 1094 1822 propeccato
1105 1749 1320 1820 nonpostsiesti,·
1330 1748 1472 1804 teredini:
1481 1747 1629 1805 licceoenio
1638 1748 1725 1821 (Psoi.

87 1837 178 1895 ritate
196 1839 289 1904 donat,
313 1857 368 1912 qua
390 1841 519 1899 instructi
540 1850 671 1914 tanquam
691 1843 741 1899 lilii
758 1843 886 1900 obediant
900 1810 923 1868 B
938 1857 1033 1908 xxm,
1051 1842 1095 1916 l);
1112 1843 1191 1915 quasi
1208 1841 1311 1898 diecret
1328 1860 1335 1897 s
1350 1839 1420 1896 Cum
1432 1840 1484 1895 tibi
1499 1840 1602 1912 placuit
1617 1847 1647 1896 ut
1659 1837 1728 1912 legis

89 1928 177 1998 patri.
192 1929 483 2004 lllipopuloquoniam
500 1942 564 1990 ante
582 1933 725 1990 Christum
738 1949 794 1990 non
809 1942 889 1992 eraut
938 1933 1074 1990 sacrificia
1097 1939 1249 1998 cessarent,
1272 1947 1335 1987 cum
1357 1931 1458 2002 quibus
1479 1938 1507 1987 ct
1531 1930 1726 1998 sacerdotium,

87 2023 313 2088 consummandi,
344 2024 442 2081 timore
462 2024 526 2082 dato
546 2024 707 2098 religionem
729 2027 886 2104 inchoavis,
937 2027 1055 2098 ouiusin
1067 2027 1108 2084 cis
1121 2034 1181 2082 erat
1190 2024 1323 2090 cilicium,
1334 2035 1362 2082 et
1371 2026 1455 2096 legem
1467 2040 1528 2095 quae
1539 2024 1610 2080 inter
1624 2029 1729 2079 utrum·

86 2116 167 2186 apud
181 2132 241 2180 nos,
257 2117 387 2189 quoniam
405 2116 546 2176 Christum
553 2119 617 2190 liam
634 2121 819 2192 suscepimus,
844 2120 887 2175 in·
936 2133 990 2190 qne
1004 2118 1094 2190 posita
1109 2115 1266 2174 sacerdotes
1282 2115 1452 2181 instruebat,
1475 2113 1610 2170 saerilieia
1625 2120 1728 2168 tracta·

85 2203 221 2260 circatam
244 2208 447 2263 consummarit
457 2227 464 2262 :
474 2209 575 2280 quippe
595 2218 704 2282 tempus
722 2209 789 2264 illud
806 2211 887 2267 insti·
936 2210 993 2275 bat,
1008 2224 1118 2266 cessare
1128 2208 1267 2281 oportuit;
1282 2213 1349 2262 tunc
1364 2207 1427 2262 uerti
1442 2206 1470 2262 in
1485 2205 1627 2269 mundam,
1644 2213 1674 2260 ut
1690 2205 1728 2260 la·

85 2300 182 2350 tutum
195 2303 253 2350 ⁰1³⁸
265 2297 368 2363 ῑίῐῠθῐῑ,
379 2304 505 2354 nostrum
520 2306 612 2354 aulem
625 2298 764 2354 charitali-
935 2317 1027 2360 cerem
1041 2301 1209 2358 voluntatem
1224 2307 1310 2365 tuam,
1331 2314 1416 2356 unum
1437 2313 1487 2370 pro
1506 2298 1610 2362 multis,
1625 2311 1726 2352 nonum

126 2388 217 2448 Fuere
229 2399 322 2447 tamen
331 2400 398 2447 tune
408 2390 541 2464 temporis
555 2393 678 2464 plerique
687 2393 763 2458 boni,
774 2401 802 2448 ct
813 2392 885 2449 inter
935 2411 986 2468 pro
998 2394 1149 2461 veteribus,
1165 2408 1222 2450 rem
1237 2407 1287 2464 pro
1301 2391 1407 2462 liguris,
1431 2389 1597 2446 sacrificium
1620 2389 1727 2446 scilicet

84 2482 239 2554 plerosque
251 2484 376 2538 nonnulli
391 2483 505 2555 perlecti
518 2483 582 2556 :qni
595 2499 692 2541 omues
706 2484 768 2556 plus
778 2483 885 2542 minus·
934 2488 988 2545 mei
1011 2486 1137 2558 corporis
1159 2485 1303 2547 indneens,
1325 2483 1493 2554 dignumque
1510 2489 1584 2537 tanto
1598 2481 1726 2537 sacerdo-

84 2589 135 2634 re,
149 2580 230 2643 prout
238 2574 366 2629 meritum
376 2581 436 2630 erat
446 2575 519 2640 ritae,
535 2590 567 2632 ex
576 2573 638 2644 jure
651 2574 739 2629 nostri
751 2575 884 2644 temporis
933 2579 1003 2634 tium
1023 2575 1168 2641 sacrilicio,
1191 2575 1331 2647 legemque
1352 2573 1543 2638 sacerdotum,
1561 2572 1624 2642 jura
1643 2569 1726 2630 sacri·

83 2664 183 2731 tidem,
197 2680 285 2736 spem,
297 2665 459 2722 charitatem
470 2666 633 2730 hauserunt,
644 2680 677 2721 ex
686 2664 748 2736 jure
761 2666 882 2722 circum·
933 2668 988 2725 licii
1002 2668 1205 2739 perdocentem.

81 2756 207 2812 cisionis
228 2755 326 2828 legalia
348 2756 459 2814 decreta
474 2757 672 2814 toleraverunt.
692 2754 740 2811 lsti
758 2756 883 2828 sublege
967 2759 1037 2814 Cum
1058 2774 1123 2832 crgo
1144 2757 1272 2815 Christus
1294 2757 1387 2824 venit,
1401 2758 1444 2814 lex
1459 2755 1632 2814 terminanda
1655 2755 1724 2824 luit;

81 2846 246 2903 militabant
255 2848 368 2920 gratiae,
381 2848 454 2904 sieut
462 2849 619 2906 econtrario
629 2847 804 2918 quamplures
814 2855 883 2903 tem·
932 2866 988 2907 non
1002 2867 1066 2906 mox
1079 2851 1191 2924 quidem
1204 2857 1273 2914 tota,
1289 2850 1419 2922 quoniam
1432 2857 1460 2905 et
1473 2850 1530 2922 ipse
1543 2849 1725 2906 circumcisus

82 2953 158 3009 pore
181 2939 276 3012 gratiae
298 2937 428 3010 degentes
446 2939 482 2994 ad
498 2947 607 3011 tempus
625 2937 772 2996 vetustatis
789 2938 882 3009 potius
932 2951 975 3000 est
988 2959 1023 2999 er
1037 2943 1105 3014 lege,
1119 2941 1199 3014 juxta
1214 2940 1373 3013 Apostolum
1388 2940 1509 2998 :Factus
1522 2941 1569 2997 sub
1583 2941 1636 3013 lege
1649 2939 1723 3013 (Gal.

79 3029 229 3102 pertinere
236 3037 398 3095 cernuntur.
414 3031 480 3087 dum
489 3031 640 3087 intentione
649 3029 816 3086 caducorum
825 3027 882 3085 lieo
933 3051 971 3100 ιι,
987 3035 1027 3107 l),
1043 3035 1090 3091 scd
1101 3034 1233 3106 paulatim
1248 3033 1380 3091 desitura.
1399 3033 1534 3100 Quoniam
1558 3033 1630 3089 hona
1652 3039 1723 3097 erat,

79 3121 249 3178 deserviunt
264 3141 271 3176 ε
287 3120 391 3178 iaciunt
403 3122 515 3195 quidem
530 3121 605 3194 quod
621 3121 732 3187 debent,
747 3124 813 3194 quia
827 3118 915 3212 θη
931 3128 1033 3184 merito
1046 3127 1145 3182 bonam
1161 3127 1282 3199 suscepit
1296 3135 1326 3182 ut
1340 3126 1526 3182 authenticam
1539 3123 1698 3182 ostenderet
1714 3143 1723 3180 a

79 3214 166 3270 mino
179 3214 314 3279 serviunt,
335 3215 383 3271 scd
403 3231 460 3271 non
474 3214 613 3288 quomodo
625 3214 735 3280 debent,
745 3214 810 3285 quia
824 3229 881 3270 non
932 3218 1062 3291 quoniam
1073 3232 1127 3272 non
1145 3215 1296 3273 sufficiebat
1311 3217 1421 3280 merito,
1441 3217 1532 3272 minus
1543 3216 1659 3272 validam
1672 3222 1725 3271 tcr·

78 3312 202 3377 propter
214 3306 315 3378 ipsum,
326 3322 360 3362 ac
369 3323 419 3378 per
430 3306 484 3362 boc
496 3305 574 3372 mali,
590 3306 653 3362 licet
663 3305 807 3362 collatione
817 3319 881 3376 pes·
930 3308 1058 3372 minavit,
1074 3313 1104 3362 ut
1116 3306 1268 3380 perlectam
1292 3307 1465 3378 subrogaret.
1494 3304 1633 3377 Figuralia
1656 3319 1723 3377 ergo

77 3401 223 3457 simorum
232 3397 880 3472 honi,pessimienimsunt,qnianecsicllcum
929 3400 1000 3472 legis
1021 3399 1100 3471 quasi
1125 3399 1288 3471 quibusdam
1312 3400 1444 3471 gradibus
1467 3399 1621 3466 recusavit3
1643 3397 1724 3453 dum-

77 3494 195 3550 colunt.
930 3491 1013 3548 modo
1026 3498 1122 3547 contra
1135 3491 1182 3562 jus
1196 3489 1309 3547 Sabbati
1320 3489 1406 3564 (tol)
1428 3489 1549 3547 sabbatis
1569 3495 1722 3561 operatum,

387 3583 503 3642 CAPUT
521 3582 580 3640 llll.
929 3583 1013 3640 modo
1036 3589 1133 3639 contra
1155 3583 1274 3654 rigorem
1299 3582 1367 3654 legis
1391 3580 1566 3653 lapidandam
1590 3580 1723 3636 liberasse

249 3677 341 3735 destos
354 3675 530 3749 infernassab
545 3677 599 3750 lege
612 3676 715 3746 recepit.
929 3675 1083 3732 adulteram
1107 3673 1225 3748 legimns
1249 3671 1341 3746 (doen.
1362 3688 1423 3738 rrrr,
1446 3671 1492 3745 o),
1517 3679 1669 3742 ceteraque
1694 3671 1724 3727 in

124 3769 183 3828 Sed
209 3773 330 3829 cultores
356 3770 404 3828 bei
432 3770 484 3828 sub
507 3770 566 3842 lege
591 3783 700 3842 quoque
720 3766 755 3822 ad
773 3765 879 3823 inferos
928 3767 1003 3822 bunc
1016 3765 1146 3832 modum;
1170 3765 1257 3821 donec
1278 3763 1390 3820 omnino
1405 3763 1537 3836 legalibus
1549 3771 1649 3819 metam
1665 3761 1724 3818 trit

77 3863 174 3935 (unde
196 3871 224 3922 ct
246 3861 378 3920 Dominus
391 3861 533 3920 descendit
550 3861 585 3917 ad
599 3858 713 3932 inlesos)
729 3859 879 3915 descende·
929 3859 1083 3924 institutis,
1099 3857 1174 3913 circa
1190 3857 1271 3913 linem
1285 3855 1411 3928 inquiens
1427 3874 1434 3913 ε
1448 3853 1511 3910 Non
1524 3853 1612 3909 bibam
1628 3853 1723 3910 amodo

76 3966 175 4015 runt:
196 3973 253 4014 uon
272 3958 368 4029 ulique
385 3955 542 4027 torquendi,
562 3955 617 4011 nisi
633 3954 657 4010 si
674 3952 741 4024 quid
756 3952 878 4009 restabat
928 3952 961 4010 de
971 3953 1021 4007 boc
1032 3951 1160 4024 genimine
1173 3951 1245 4014 aitis,
1261 3948 1342 4004 donec
1353 3947 1423 4004 iliad
1437 3947 1523 4002 bibam
1534 3964 1628 4003 nouam
1642 3947 1670 4001 in
1684 3962 1724 4001 rs·

76 4051 180 4108 adbuc
190 4049 371 4114 exurendum,
384 4048 431 4106 sed
443 4044 615 4111 risionellei,
626 4045 700 4100 unde
712 4043 800 4099 solum
811 4057 878 4097 con·
927 4061 979 4118 pao
991 4043 1083 4099 Patris
1097 4043 1148 4097 mei
1162 4039 1273 4114 (llattb.
1286 4056 1363 4104 xant,
1377 4038 1436 4112 29).
1452 4037 1524 4094 Vitis
1543 4046 1586 4096 est
1603 4037 1722 4109 populns

75 4153 288 4210 sternerentur,
298 4142 425 4199 carituri.
435 4139 510 4196 Nihil
522 4137 596 4196 enim
609 4144 656 4193 aut
669 4151 766 4208 parum
779 4134 814 4190 de
824 4135 877 4190 loci
928 4135 1025 4203 lsrael,
1042 4134 1193 4194 secundum
1208 4132 1296 4189 illud:
1314 4131 1396 4188 Vinea
1409 4131 1516 4187 Domini
1536 4129 1653 4186 Seicmh
1672 4127 1723 4184 do·

74 4240 221 4314 qualitate
234 4239 323 4295 luerat
333 4235 496 4301 cerandum,
510 4233 535 4292 si
547 4241 575 4290 ct
588 4232 651 4288 inde
664 4230 824 4302 contigisset
836 4229 878 4284 ri·
928 4247 987 4286 snas
1004 4228 1091 4285 lsrael
1114 4239 1153 4284 est
1172 4225 1252 4299 (lsai.
1271 4243 1299 4294 a,
1316 4225 1353 4298 l).
1369 4223 1501 4281 Genimen
1524 4223 1601 4286 ritis,
1625 4221 1722 4293 religio

74 4332 153 4388 dere
176 4328 272 4396 Deum,
297 4337 325 4385 et
343 4327 443 4384 minori
465 4326 525 4383 sinc
547 4323 630 4380 dubio
643 4328 713 4378 aestu
727 4320 877 4378 Salvatoris
929 4321 1004 4377 illius
1017 4319 1121 4393 gentis3
1136 4319 1230 4375 bibere
1246 4316 1280 4374 de
1293 4314 1445 4388 genimine,
1459 4313 1589 4370 delectari
1608 4311 1642 4369 de
1656 4313 1721 4368 ccli-

73 4423 237 4479 adrcntum
251 4417 666 4494 exspectassent-Susceperam
680 4414 754 4471 enim
766 4414 806 4470 ibi
819 4429 877 4470 me-
928 4412 1025 4485 gione;
1041 4411 1166 4483 genimen
1178 4410 1346 4475 innotatum,
1361 4405 1521 4477 obsequium
1533 4403 1718 4462 emendatum.

74 4516 141 4572 lius
157 4511 272 4584 aliquid,
287 4526 370 4584 quam
384 4510 456 4582 apud
471 4523 523 4565 nos
534 4508 680 4579 degentcs;
695 4520 752 4560 non
765 4503 875 4576 quidem
893 4503 1034 4575 usensus
1055 4519 1121 4584 ergo
1142 4501 1205 4558 talis
1219 4507 1271 4565 est,
1288 4515 1345 4555 non
1358 4499 1476 4570 amplius
1496 4498 1568 4555 sicut
1586 4496 1720 4552 hactenus

71 4607 118 4663 de
138 4613 239 4660 natura
256 4604 311 4659 loci
329 4602 396 4676 (quo
411 4607 506 4658 noster
520 4599 582 4656 licet
596 4599 624 4653 in
635 4613 665 4654 se
676 4597 782 4679 malus,
798 4602 875 4652 tanto
926 4597 1076 4670 quidquam
1092 4593 1249 4667 hujusmodi
1271 4591 1340 4648 mihi
1360 4590 1463 4662 placuit
1483 4590 1598 4645 culturae
1611 4609 1616 4643 :
1629 4589 1720 4658 placet

71 4705 128 4756 cst
145 4696 323 4761 tolerabilior,
343 4702 446 4767 quanto
461 4693 516 4748 situ
530 4687 677 4764 superior),
693 4690 747 4746 imo
761 4688 795 4744 de
807 4703 876 4760 qua·
926 4693 1017 4742 autem
1030 4702 1130 4743 novum
1141 4684 1215 4756 quod
1225 4689 1304 4739 nctus
1315 4681 1360 4736 illa
1370 4679 1531 4752 designabat
1545 4678 1716 4750 obsequium.

71 4792 163 4848 litate
175 4789 278 4853 meriti,
291 4803 357 4845 nam
371 4787 502 4860 quoniam
515 4785 585 4842 bene
594 4783 641 4839 hic
654 4789 874 4855 promeruerant,
925 4778 1020 4834 Prima
1040 4778 1108 4834 adeo
1130 4777 1165 4832 ad
1188 4783 1295 4846 tempus
1309 4772 1383 4840 data,
1397 4772 1511 4829 honeste
1522 4780 1549 4828 et
1563 4787 1626 4827 eum
1641 4785 1718 4826 mora

70 4882 154 4939 nihil
168 4882 234 4937 mali
254 4880 293 4937 ibi
312 4879 435 4952 perpessi
450 4884 526 4942 sunt,
540 4876 621 4933 vacui
635 4882 790 4948 apeccato,
807 4872 876 4929 certi
927 4870 1033 4942 sepulta
1058 4874 1111 4924 est.
1137 4865 1197 4922 Non
1221 4866 1293 4922 sicut
1314 4863 1470 4920 idololatria
1493 4864 1676 4919 irreverenter
1689 4866 1719 4916 et

71 4977 114 5032 de
132 4974 257 5046 premio.
277 4971 311 5029 lit
330 4973 461 5045 quoniam
475 4984 558 5026 carne
571 4967 646 5026 exuti
660 4966 753 5024 carnis
766 4980 875 5038 quoquc
926 4959 1092 5033 quantocius
1106 4959 1230 5029 abjecta;
1246 4963 1356 5014 cessant
1379 4955 1452 5012 enim
1472 4953 1571 5021 officia,
1595 4953 1643 5010 sed
1660 4968 1717 5008 noa

70 5067 282 5141 obligationum
297 5064 386 5122 liberi.
926 5053 1063 5118 doctrina,
1078 5061 1108 5110 ut
1120 5066 1181 5124 que
1195 5051 1313 5122 populus
1328 5049 1373 5105 ille
1386 5048 1536 5121 figuraliter
1549 5057 1591 5102 est
1602 5060 1716 5102 exsecu-

326 5155 406 5228 106
423 5146 538 5211 CAPUT
555 5149 626 5207 lllll.
925 5156 981 5214 tus,
998 5162 1050 5203 nos
1063 5144 1244 5218 spiritualiter
1259 5141 1406 5214 adimplere
1419 5141 1589 5198 studeamus.

183 5249 297 5316 Quando
308 5259 332 5303 et
346 5264 393 5302 cat
408 5245 471 5318 lepis
485 5243 606 5301 Christus
619 5242 689 5299 uenit
701 5241 774 5313 fiais.
1215 5235 1330 5293 CAPUT
1349 5233 1421 5290 llll.

112 5341 256 5409 Quoniam
275 5355 340 5396 vero
360 5339 419 5394 haec
441 5337 553 5393 interim
574 5335 674 5393 solatia
690 5332 757 5390 lides
772 5331 875 5390 Christi
927 5329 1045 5402 Utraque
1065 5328 1115 5396 ‚lec
1138 5334 1307 5382 sacramenta
1329 5324 1407 5379 babet
1428 5339 1489 5379 cam
1514 5319 1663 5393 promissis,
1688 5327 1715 5374 et

71 5433 313 5498 administrabat,
344 5431 456 5488 tandem
479 5427 703 5486 administratura
726 5423 875 5483 beatitudi·
1249 5404 1388 5467 dimili·

70 5543 157 5592 nem,
173 5533 203 5582 ct
217 5524 348 5596 quoniam
362 5521 458 5580 cadem
472 5521 596 5578 camdem
608 5519 711 5575 mundo
724 5516 875 5587 eratjusti-
959 5515 1015 5579 Lex
1039 5513 1142 5588 quippe
1161 5522 1239 5570 tetus
1255 5511 1310 5567 imo
1324 5517 1351 5567 ct
1364 5521 1435 5565 nona
1447 5507 1501 5563 tria
1512 5501 1712 5576 complectitur,

70 5623 164 5674 ilceto
178 5617 328 5685 collatarra3
344 5613 556 5672 renitChristus
569 5627 633 5668 cnm
645 5611 703 5682 jam
717 5608 875 5678 decxpcrto
925 5615 1098 5670 sacramenta
1123 5621 1186 5663 cum
1210 5603 1366 5678 promissis,
1390 5607 1418 5659 et
1442 5603 1586 5673 praecepta.
1613 5593 1713 5650 Sacra·

69 5719 224 5768 wislam
236 5723 289 5766 Μ
304 5715 432 5764 mitram
448 5705 501 5762 sibi
515 5705 649 5769 relidam,
666 5716 718 5758 ¹¹0⁰
732 5698 874 5771 ementis
925 5709 1017 5758 menta
1030 5699 1115 5758 iuturi
1131 5713 1265 5772 praesaga,
1283 5706 1314 5754 ut
1328 5697 1437 5754 diversa
1451 5695 1479 5751 in
1494 5694 1553 5766 lege
1568 5687 1712 5754 sacridcia,

111 5803 206 5874 (llil)
226 5800 362 5864 Gratiam,
379 5814 443 5861 xxv,
458 5813 506 5868 qu.
523 5797 549 5859 l,
565 5802 628 5867 post
642 5809 703 5866 cap.
720 5788 783 5845 llo.

228 5895 364 5954 Parnoi..
384 5885 582 5953 clxxxi-⁹1.
1496 5871 1536 5932 ab
