3967 6334
231 379 297 479 115Ι
695 373 884 433 ZtiCllelAE
903 373 1206 434 ctistsosotttaut
1225 377 1381 438 sciscunt
1823 390 1877 450 tto

269 489 415 568 [Gnatum]
433 491 555 546 Alterum
579 488 615 547 de
634 487 743 546 duobus
767 491 885 562 objectis
906 492 1028 562 negarit.
1044 494 1067 552 A
1082 509 1134 547 nan
1147 494 1202 549 scio
1212 510 1282 558 eam,
1292 493 1445 552 erasimilis
1457 495 1528 552 tabis
1538 498 1727 558 matansist
1738 504 1793 558 scia
1804 521 1876 568 aaa,

233 585 427 643 Samaritanus
436 584 510 639 enim
526 582 723 653 interpretatur
731 592 831 646 castos,
844 591 873 638 et
886 583 1030 639 custodem

233 689 266 730 se
279 689 342 730 esse
356 690 413 730 non
427 676 546 746 negauit.
564 672 627 730 llon
644 674 718 731 enim
734 672 862 730 dormitat
878 677 924 748 pai
942 683 1030 731 casto·

233 766 275 820 dit
288 765 378 821 Israel
388 765 477 838 (Psal.
489 766 564 839 cxx).
583 765 634 824 Et:
654 764 717 821 Nisi
731 765 860 822 Dominae
876 765 1032 823 custodierit
1053 749 1057 758 ¹

233 857 1029 932 civitatens,(rastraoipiIatqaicastoditeam(Patienti).

234 947 295 1004 Non
310 951 510 1007 contumeliosa
521 953 605 1008 verba
617 952 770 1022 respondit,
782 953 829 1025 qui
842 969 905 1009 uere
916 969 1032 1024 respon·

234 1040 300 1097 dere
314 1051 429 1114 posset:
445 1059 495 1101 ros
509 1045 674 1100 daemonium
688 1046 806 1102 habetis.
833 1044 887 1102 Sed
903 1047 1032 1119 superbia

234 1143 331 1190 nostra
345 1133 391 1190 bic
405 1135 592 1193 confunditur.
609 1135 758 1209 Numquid
773 1138 854 1194 nobis
868 1155 902 1194 ex
923 1139 975 1194 boc
990 1139 1033 1194 in·

234 1227 341 1291 nuitur,
358 1228 413 1286 nisi
420 1237 488 1285 uteo
499 1238 622 1300 tempore
636 1245 692 1302 quo
707 1231 864 1302 aproximis
873 1229 959 1288 lalsas
969 1246 1034 1286 con·

236 1321 366 1377 tumelias
380 1320 541 1392 accipimus,
558 1336 654 1376 eorum
669 1322 752 1377 etiam
767 1338 832 1378 uera
847 1324 918 1377 mala
939 1329 1034 1378 tacea-

235 1427 309 1476 mus,
320 1412 632 1482 neministeriumjustae
639 1414 833 1484 correptionis,
849 1415 963 1471 inarma
972 1431 1034 1472 ter·

236 1510 329 1559 tamus
344 1503 467 1559 luroris?

272 1591 330 1663 Epo
345 1602 433 1647 autern
445 1593 561 1664 pluriam
570 1609 657 1649 meam
671 1611 725 1649 non
739 1611 839 1667 quaro,
855 1604 895 1653 est
908 1597 955 1669 pai
965 1613 1035 1669 qam-

235 1690 280 1738 rat
294 1692 321 1738 ct
327 1681 440 1753 judicet.

272 1774 417 1849 [ludusa]
432 1773 496 1831 Non
511 1794 600 1849 prtoero
614 1779 728 1850 pluriam
748 1780 821 1834 sieut
841 1780 1032 1848 simulatores,

1082 594 1107 638 et
1118 599 1263 639 sermonem
1277 585 1334 655 ejus
1348 601 1432 643 sato.

1119 673 1279 733 Sermonem
1288 675 1379 733 Patris
1389 685 1419 733 ut
1431 677 1518 735 Filius
1526 679 1692 754 loquebatur
1706 691 1734 741 et
1747 685 1810 758 ipse
1820 695 1881 744 erat

1083 767 1202 824 Verbum
1217 766 1318 833 Patris,
1333 769 1380 840 qui
1394 770 1552 830 bominibus
1565 773 1741 846 loquebatur.
1767 775 1798 832 Si
1814 795 1883 852 ergo

1082 861 1276 932 cognovissent
1286 861 1407 928 Patrem,
1419 861 1518 919 Filium
1532 865 1593 936 ejus
1603 868 1784 938 recepissent,
1797 887 1882 942 quem

1082 965 1136 1006 tor
1145 947 1234 1007 Patris
1245 951 1379 1022 glorillcat
1390 952 1419 1006 in
1429 953 1604 1024 baptismate,
1619 955 1647 1012 in
1659 967 1765 1022 monte,
1778 958 1809 1012 in
1821 959 1883 1014 aliis

1083 1042 1253 1112 hujusmodi.
1273 1041 1443 1099 ldeocontra
1463 1043 1599 1116 bocqnod
1612 1043 1731 1103 dicunt:
1753 1063 1834 1120 paens
1847 1059 1884 1102 te·
1971 1111 1972 1130 χ

1083 1136 1170 1205 ipsunt
1180 1136 1259 1207 (acis,
1272 1135 1355 1192 relert
1370 1137 1484 1208 gloriam
1496 1151 1574 1192 suam
1586 1137 1619 1193 ad
1631 1136 1755 1202 Patrem,
1767 1139 1882 1196 dicent:

1084 1227 1115 1284 Si
1126 1245 1173 1300 epa
1186 1229 1262 1285 solus
1276 1228 1336 1284 sine
1346 1227 1426 1284 Patre
1434 1228 1555 1300 glorifico
1565 1229 1696 1299 mapsam
1705 1229 1782 1286 sicut
1795 1229 1887 1286 simu-

1084 1320 1197 1386 latores,
1212 1321 1300 1392 picria
1315 1337 1373 1376 mea
1388 1319 1455 1376 ntitt
1471 1329 1521 1376 est.

1119 1411 1256 1467 Abrabam
1279 1420 1356 1483 pater
1369 1422 1453 1470 aester
1478 1411 1622 1469 exsultarit
1640 1422 1671 1468 at
1686 1413 1791 1470 uideret
1812 1411 1885 1470 tis·

1086 1519 1173 1558 meam
1186 1518 1196 1557 .·
1210 1503 1285 1570 cidit,
1297 1511 1323 1558 et
1332 1505 1439 1575 panisus
1450 1512 1499 1561 est.

1120 1594 1242 1652 Credens
1256 1596 1405 1653 exsultarit
1414 1594 1563 1668 sperando,
1575 1605 1606 1652 ut
1616 1594 1722 1653 uideret
1731 1595 1887 1668 intelligen-
1972 1631 1973 1652 ι

1085 1687 1130 1744 do.
1147 1686 1225 1756 Quod
1237 1688 1274 1744 ait
1286 1688 1372 1745 :diem
1383 1705 1480 1755 meam,
1488 1688 1624 1746 incertum
1636 1697 1805 1760 potestesse
1815 1687 1888 1746 unde

1086 1779 1204 1846 dixerit,
1227 1789 1318 1836 utrum
1332 1781 1405 1838 diem
1420 1780 1529 1837 Domini
1544 1782 1726 1854 temporalem
1742 1781 1774 1837 in
1788 1795 1886 1845 earne,

235 1871 283 1940 ptri
302 1880 429 1940 querunt
449 1870 536 1926 videri
558 1872 633 1944 quod
651 1887 707 1927 non
728 1880 803 1928 sunt.
830 1871 880 1927 Est
892 1870 975 1930 Pater
989 1875 1035 1946 qui
1050 1853 1071 1909 Β
1086 1869 1199 1926 aridiem
1208 1871 1254 1942 qui
1261 1886 1311 1926 nee
1319 1878 1411 1926 ortum
1419 1867 1889 1942 scitnecoccasitm,sedutruntque

234 1971 338 2033 querat
354 1962 468 2033 gloriam
484 1978 590 2032 mesm;
604 1973 630 2019 et
637 1963 757 2033 judicet,
776 1963 805 2019 id
832 1971 876 2020 εει
894 1962 1035 2020 discernat
1086 1961 1224 2020 Abrabam
1238 1963 1316 2020 sidit.
1329 1963 1444 2032 Quando
1453 1963 1527 2018 enim
1535 1963 1610 2020 misit
1618 1979 1730 2020 serrum
1742 1979 1830 2019 suum
1843 1978 1889 2034 pe·

236 2053 355 2123 agloria
370 2061 473 2122 vestra,
486 2055 551 2125 quia
561 2070 610 2111 sos
624 2055 776 2111 secundum
789 2055 921 2112 soeculum
932 2057 1035 2128 gloria·
1087 2063 1154 2118 tere,
1171 2069 1286 2110 uxorem
1300 2053 1355 2109 lilio
1366 2070 1416 2109 suo
1429 2052 1519 2120 isaac,
1538 2053 1596 2109 ait:
1617 2053 1691 2109 Pons
1708 2069 1826 2109 manant
1841 2051 1888 2107 sal

236 2146 379 2216 attiniago
394 2161 450 2202 non
461 2165 469 2214 ;
482 2147 530 2204 scd
545 2163 578 2205 ea
586 2139 678 2220 'gloria
693 2165 775 2222 quam
791 2149 875 2205 habui
889 2150 961 2222 apud
983 2149 1036 2206 Pn·
1087 2146 1185 2217 femore
1199 2163 1266 2211 meo,
1279 2155 1303 2200 et
1310 2146 1376 2216 jara
1389 2162 1436 2216 per
1445 2145 1530 2201 Deam
1543 2145 1601 2202 coeli
1617 2143 1693 2219 (Gen.
1707 2145 1800 2218 xxiv).
1820 2145 1890 2213 Quid

236 2245 317 2302 trem,
331 2246 477 2310 antequam
493 2240 613 2297 mundus
629 2250 714 2306 esset,
730 2257 792 2313 quae
810 2251 853 2298 εει
864 2243 899 2300 ει)
915 2243 1035 2300 bumana
1087 2241 1140 2298 bne
1152 2239 1204 2298 sibi
1214 2239 1282 2306 vult,
1293 2239 1347 2300 nisi
1357 2239 1422 2313 quia
1434 2237 1685 2311 signillcabaturde
1695 2235 1891 2312 generatura

236 2329 380 2390 iallntione
391 2331 522 2390 discreta.
539 2331 697 2391 Secundum
706 2336 966 2408 pmnaleiudicium
981 2336 1036 2391 Pa·
1087 2336 1129 2391 bae
1140 2335 1225 2392 Deum
1236 2336 1300 2392 coeli
1310 2334 1492 2392 venturumin
1503 2349 1599 2392 earne.
1612 2331 1664 2402 Qui
1678 2331 1891 2404 reprehendunt

237 2434 277 2480 ter
292 2442 344 2480 non
351 2425 457 2496 judicat
476 2443 644 2498 quemqnam,
662 2428 708 2483 sed
720 2447 796 2484 omne
812 2428 945 2499 judiciam
963 2429 1037 2484 dedit
1087 2443 1198 2485 carnem
1212 2411 1326 2494 Christi,
1341 2427 1547 2498 reprehendunt
1560 2425 1662 2482 lactum
1672 2425 1796 2484 Abrabae
1812 2423 1891 2499 [Grn-

238 2517 324 2584 Filia,
341 2518 637 2589 seeundmnjudicium
653 2521 830 2579 discretionis
840 2522 947 2591 judicat
964 2530 994 2577 ut
1009 2523 1036 2578 in
1087 2518 1161 2594 soal.
1185 2519 1323 2575 Abrabam
1339 2517 1412 2574 diem
1431 2516 1540 2574 Domini
1561 2516 1648 2583 vidit,
1665 2533 1730 2574 eum
1746 2517 1777 2572 in
1803 2516 1891 2586 ligura
1974 2561 1975 2598 p

238 2611 366 2681 psalmo:
387 2609 485 2666 ludica
499 2629 540 2667 nte
555 2612 626 2668 Deus
640 2613 728 2686 (Psal.
746 2613 807 2685 att).
828 2613 918 2684 Hujus
939 2615 1036 2685 judicii
1088 2627 1202 2668 summae
1216 2609 1360 2666 Trinitatis
1374 2616 1432 2666 tres
1448 2611 1562 2681 angelos
1576 2609 1698 2681 bospitio
1714 2609 1857 2680 suscepit.

237 2702 376 2772 expositio
387 2705 528 2775 sequitur:
541 2703 575 2760 m
584 2704 713 2771 discerne,
723 2707 940 2778 inquit,aaasam
951 2725 1037 2763 menan
1124 2703 1256 2759 Dinerant
1269 2719 1330 2774 erpo
1344 2700 1435 2758 iudai
1450 2701 1484 2756 ad
1498 2718 1573 2757 eum:
1587 2699 1793 2774 Quinquapinta
1808 2717 1892 2754 annm

238 2793 272 2848 de
285 2803 361 2866 pente
377 2811 429 2850 non
443 2805 539 2850 sancta
554 2795 654 2868 (itta).
678 2796 809 2855 Similiter
823 2799 893 2855 duas
907 2803 1038 2857 tentatio-
1088 2795 1204 2850 noudum
1218 2793 1308 2860 litim,
1324 2791 1499 2849 ²²1¹&sz
1520 2793 1630 2850 vt'dssit'?
1645 2793 1722 2848 Μ
1735 2793 1776 2848 ⁶5⁸
1790 2789 1874 2847 ¹⁶⁸⁸
1882 2807 1892 2844 ·“

238 2899 290 2940 nes
311 2885 510 2956 intelligimus,
528 2903 584 2942 utta
598 2887 717 2960 decipit,
734 2891 820 2946 altera
840 2891 948 2963 probat.
968 2891 1036 2947 Nam
1088 2887 1182 2954 Amen,
1191 2903 1278 2954 amen,
1287 2884 1346 2942 dica
1355 2887 1438 2953 uobis,
1448 2896 1590 2958 antequam
1597 2885 1736 2940 Abrabam
1745 2885 1837 2956 fieret,
1847 2901 1892 2955 eps

239 2974 428 3043 scriptumest
440 2993 447 3030 :
461 2974 532 3030 Dens
543 2978 672 3032 neminem
684 2988 766 3033 tentat
777 2977 848 3050 (lac.
859 2982 890 3050 t),
902 2982 1037 3038 etiterum
1088 2997 1158 3038 sam.

239 3067 534 3136 scr'ptumesttlentat
547 3070 730 3127 nosDcminas
742 3072 813 3128 Deus
825 3085 917 3141 nester,
929 3087 959 3131 nt
969 3079 1037 3132 sciat
1124 3072 1184 3128 Non
1194 3073 1248 3128 ait:
1261 3070 1311 3138 lui,
1325 3070 1372 3128 sed
1384 3089 1390 3126 :
1404 3087 1473 3136 sum,
1485 3069 1550 3143 quia
1561 3067 1692 3126 divinitas
1706 3077 1825 3141 tempus
1839 3083 1892 3124 nnn

241 3159 265 3212 si
278 3157 389 3229 ‹tilipitr's
403 3177 462 3214 eam
474 3161 563 3233 (Dent.
579 3164 651 3236 riri).
665 3163 700 3220 Ut
713 3166 783 3220 sciat
794 3167 897 3223 dictrtm
908 3176 962 3235 est,
986 3186 1038 3244 pro
1090 3165 1180 3231 lmltet,
1197 3165 1231 3219 ab
1245 3163 1346 3220 intuitu
1362 3162 1455 3218 carnis
1470 3163 1504 3218 ad
1529 3161 1701 3219 divinitatem
1716 3161 1828 3226 trabit,
1848 3161 1893 3217 sed

241 3250 314 3306 scire
327 3250 420 3307 iaciat.
434 3250 487 3308 iob
500 3255 602 3310 latebat
616 3272 646 3313 se
661 3255 722 3329 (lei
735 3259 767 3330 ι),
797 3261 845 3316 sed
862 3260 947 3318 Deum
969 3279 1036 3320 non.
1090 3257 1152 3314 duri
1167 3263 1197 3312 ut
1211 3255 1327 3328 lapides,
1342 3263 1438 3328 putant
1452 3254 1505 3310 boo
1518 3269 1580 3312 esse
1594 3253 1812 3324 blasphemiam.

241 3341 360 3400 Admisit
375 3343 446 3400 Deus
462 3354 636 3415 tentatorem,
652 3357 680 3406 et
697 3349 763 3407 lecit
778 3367 841 3408 eum
855 3355 897 3410 sui
910 3357 1038 3427 cognito·
1127 3352 1255 3408 Talarunt
1264 3367 1326 3422 erpo
1334 3349 1447 3420 lapides,
1456 3357 1485 3404 at
1491 3349 1612 3420 jacerent
1624 3348 1652 3405 in
1663 3364 1733 3404 eum.
1746 3345 1836 3404 testu
1848 3367 1894 3404 an-

241 3449 311 3491 rem.
339 3433 387 3490 Sic
399 3448 426 3493 et
441 3437 497 3493 duo
511 3439 625 3497 timores
640 3455 719 3509 sunt,
736 3444 864 3509 servilis,
880 3460 943 3501 cum
958 3447 1039 3504 times
1091 3458 1142 3504 tem
1157 3446 1295 3502 abscondit
1307 3463 1347 3513 se,
1362 3455 1387 3502 ct
1402 3446 1483 3502 exivit
1498 3444 1530 3499 de
1545 3444 1653 3514 tentpia.

242 3541 278 3580 ne
287 3528 401 3596 patiaris
412 3545 532 3599 poenam,
545 3542 649 3598 castus,
662 3549 724 3589 curn
735 3535 817 3590 times
829 3551 865 3591 ne
877 3538 988 3594 amittas
998 3539 1041 3608 ju·
1125 3538 1265 3613 [branam]
1281 3539 1368 3606 Quem
1382 3538 1597 3610 intelligerenon
1612 3543 1754 3608 poterant,
1769 3537 1894 3592 obruere
1976 3579 1977 3600 ,

241 3619 486 3675 stiriamntterum
493 3622 614 3692 perlecta
621 3625 817 3698 ebaritasfaras
824 3629 906 3682 mittit
922 3628 1037 3702 (ilcan.

244 3709 296 3780 ιι),
308 3711 377 3765 alter
391 3722 484 3768 servat
493 3729 545 3770 nos
560 3724 624 3772 ante
639 3714 734 3785 Deum,
746 3735 902 3790 permanens
914 3722 942 3776 in
955 3739 1041 3777 saca-

245 3804 301 3856 tam
313 3804 405 3858 secali
416 3805 504 3877 (Psal.
516 3808 608 3879 turri).
623 3807 691 3864 llam
706 3818 733 3867 et
744 3812 842 3869 mulier
859 3814 982 3870 adultera
1005 3817 1041 3872 ti-

244 3901 312 3960 met,
328 3911 364 3951 ne
378 3897 418 3951 vir
431 3898 493 3968 ejus
508 3901 614 3967 reniam
629 3914 716 3972 casta,
725 3919 761 3960 ne
771 3905 815 3958 rir
825 3906 886 3975 ejus
901 3906 1039 3965 abscedat.

279 3986 374 4052 Amen,
385 4005 472 4053 anun,
480 3988 540 4044 dico
551 3991 633 4056 nolis,
641 3993 666 4048 si
674 3995 733 4066 qais
741 4011 888 4052 sermonem
893 4014 1042 4055 meuntser·

245 4081 345 4135 raserit
359 4097 412 4135 noa
424 4091 535 4138 mortem
550 4083 644 4138 ridebit
659 4087 688 4140 in
701 4096 838 4144 aternam.

283 4170 625 4246 [Grecos].llsernplosuo
647 4178 844 4246 nosadmonet,
855 4197 901 4248 ne,
913 4197 975 4238 cum
983 4197 1043 4236 mn-

246 4262 335 4318 lorum
350 4266 515 4336 perversitas
525 4270 636 4335 crescit,
647 4271 798 4342 praedicare
806 4289 948 4332 cessemus
958 4291 965 4340 ;
977 4276 1042 4346 quia

246 4363 275 4410 et
285 4356 350 4411 boni
365 4356 492 4416 meliores
502 4375 552 4432 per
564 4365 745 4421 contumelias
755 4364 834 4432 siunt,
846 4373 873 4422 et
887 4365 998 4438 reprobi
1009 4367 1043 4424 de

247 4447 380 4506 beneltcio
394 4453 513 4523 pejores.

1090 3631 1258 3702 qttaerebant,
1270 3629 1318 3686 sed
1327 3628 1460 3686 Dominus
1471 3644 1500 3684 sc
1507 3625 1650 3684 uindicare
1663 3627 1764 3694 noluit,
1775 3627 1831 3698 qui
1841 3627 1894 3699 pari
1976 3657 1977 3704 ι

1090 3730 1213 3780 venerat.
1225 3721 1257 3776 Et
1272 3722 1334 3778 ideo
1348 3737 1378 3778 se
1392 3721 1547 3786 abscondit,
1563 3727 1595 3775 ut
1609 3721 1690 3776 daret
1699 3719 1782 3776 nobis
1799 3735 1896 3776 exem-

1090 3816 1166 3886 plum
1180 3813 1263 3870 dandi
1278 3814 1370 3870 loctrm
1383 3814 1442 3878 irae,
1458 3814 1501 3870 tel
1524 3812 1587 3870 ideo
1607 3819 1639 3868 ιιι
1652 3813 1818 3870 ostenderet
1833 3813 1896 3884 quia

1092 3906 1151 3978 ipsa
1165 3905 1275 3962 Veritas
1291 3906 1332 3962 eis
1351 3906 1548 3970 absconditur,
1564 3905 1612 3976 qni
1626 3905 1688 3976 ejus
1702 3907 1789 3962 rerba
1818 3905 1895 3976 sequi

1091 4005 1281 4063 contemnunt,
1297 4004 1325 4055 et
1337 3997 1405 4069 lugit
1415 4007 1534 4054 mentem
1549 4013 1632 4070 qtram
1647 4013 1705 4054 non
1717 3997 1833 4064 invenit
1848 4000 1896 4054 bu-

1092 4091 1194 4148 milem.
1207 4089 1277 4148 Nota
1285 4092 1350 4162 quia
1361 4091 1557 4147 inconsiderati
1565 4088 1653 4147 Jirdaei
1663 4091 1795 4148 dixerunt
1804 4091 1897 4148 adDo

1093 4183 1215 4238 mittum:
1228 4183 1421 4254 quinquaqinta
1433 4199 1516 4237 annos
1528 4182 1646 4237 nondam
1657 4182 1751 4249 babes,
1765 4195 1836 4240 suut
1850 4183 1896 4254 qni

1094 4273 1199 4346 lingunt
1215 4275 1250 4330 ab
1265 4274 1455 4329 incarnatione
1470 4287 1558 4343 usquc
1579 4273 1614 4328 ad
1628 4275 1790 4344 passionem
1809 4275 1896 4330 multa

1093 4366 1186 4438 plures
1201 4379 1299 4434 annos,
1311 4380 1394 4437 quam
1410 4380 1445 4420 ex
1460 4363 1586 4420 historiis
1600 4364 1775 4436 colligemus.

1361 4454 1477 4512 CAPUT
1491 4452 1622 4512 cxxxii.

284 4542 416 4600 Dissrnnt
431 4564 493 4619 erpo
507 4546 617 4606 Jnaoetg
630 4549 710 4606 itm
727 4553 894 4623 comma,
903 4555 968 4625 quia
982 4553 1041 4609 (ιω.
1057 4555 1080 4610 υ
1130 4546 1164 4603 Et
1175 4548 1328 4618 preteriens
1340 4545 1405 4602 uidit
1420 4546 1552 4603 bantinent
1566 4562 1666 4604 cacam
1680 4564 1697 4600 a
1716 4547 1871 4602 natiritate.

248 4636 367 4690 neoniam
381 4635 469 4694 tuter.
490 4639 627 4696 Abrabam
642 4651 762 4698 ntortutts
774 4651 814 4697 est
824 4652 850 4698 et
859 4644 1002 4714 propbeta,
1017 4655 1042 4700 ct

250 4735 279 4780 tit
288 4727 368 4792 dicis,
382 4731 406 4784 si
420 4732 479 4801 qais
494 4749 641 4790 sermonem
657 4752 743 4790 metm
761 4736 914 4800 certauerit,
930 4746 1042 4792 mortem

249 4835 304 4874 non
317 4822 435 4890 pastaiit
448 4833 586 4881 aternam.

287 4910 430 4989 [sinuosa]
441 4915 713 4980 Demortcsecunda,
726 4927 815 4976 morte
822 4919 1044 4989 gebennaemor-

248 5010 278 5060 tc
291 5005 477 5065 damnationis
488 5025 550 5066 cum
561 5009 673 5065 diabolo
684 5007 762 5073 dicit,
778 5024 832 5080 qua
843 5024 895 5064 nec
903 5007 1042 5064 librabant

249 5107 376 5154 mortuus
386 5108 438 5163 est,
454 5115 505 5156 nec
517 5100 667 5171 propbetae.
682 5096 724 5154 lili
737 5100 812 5155 enim
826 5100 928 5155 mortui
940 5107 1006 5156 sunt
1015 5107 1043 5155 et

249 5187 356 5252 visunt,
369 5190 414 5246 isti
425 5191 554 5247 sinebant
567 5196 596 5246 et
605 5188 706 5244 mortui
716 5195 805 5245 erant.
819 5188 937 5246 llottem
950 5187 1044 5244 ridere

250 5281 295 5337 rel
309 5289 430 5352 gustare,
445 5290 489 5338 est
502 5296 564 5337 ειιιι
581 5280 713 5352 experiri.

285 5370 413 5445 Ntnpaid
430 5383 459 5428 ta
477 5373 566 5443 major
584 5390 612 5429 es
628 5383 703 5442 patre
721 5381 811 5428 nostra
832 5371 978 5437 stratam,
1000 5374 1046 5445 qui

251 5474 371 5521 mortuas
382 5475 433 5532 est,
449 5475 475 5522 et
485 5467 617 5538 propbetas
632 5467 732 5522 ntortrti
743 5469 825 5523 santi
835 5469 919 5533 Qun
934 5467 1047 5535 teipsam

252 5555 339 5626 [arisi
348 5557 492 5629 Respondit
503 5556 602 5614 latas:
615 5557 645 5614 Si
653 5557 831 5630 secularitas
841 5558 980 5629 meipsam,
988 5557 1048 5628 plo-

1132 4637 1284 4714 [dnnmusl.
1297 4638 1440 4694 Praeterire
1456 4637 1590 4694 Dominus
1605 4638 1720 4705 dicitur,
1735 4638 1804 4711 quia
1821 4639 1896 4693 iscis

1093 4741 1261 4802 peccatoram
1276 4747 1328 4786 non
1342 4732 1414 4786 stetit
1431 4730 1521 4804 (Ptol.
1539 4729 1572 4803 ι).
1593 4729 1706 4787 Caecum
1721 4745 1737 4786 a
1752 4731 1898 4786 nativitate

1094 4825 1173 4890 vidit,
1188 4824 1252 4894 quia
1269 4823 1400 4881 misertus
1419 4831 1463 4880 εει
1477 4833 1579 4880 nostrae
1592 4823 1786 4880 mortalitatis.
1802 4823 1898 4880 Canem

1095 4915 1168 4970 enim
1183 4914 1238 4978 ille,
1251 4913 1401 4968 humanum
1416 4929 1503 4986 genus
1516 4920 1560 4971 est
1572 4913 1678 4969 babens
1693 4914 1851 4969 cecitatem
1864 4913 1897 4967 ab

1094 5004 1192 5062 Adam.
1206 5005 1255 5059 lllo
1265 5019 1382 5076 namque
1391 5013 1534 5074 peccante,
1547 5005 1646 5061 sitium
1656 5020 1709 5076 pro
1718 5013 1821 5060 natura
1837 5003 1898 5060 ino·

1095 5097 1171 5163 levit,
1188 5096 1261 5154 unde
1275 5096 1426 5154 secundnm
1445 5105 1564 5154 mentem
1580 5097 1647 5152 caeci
1663 5095 1723 5152 nati
1737 5112 1849 5154 sumus.

1132 5189 1168 5245 m
1180 5191 1405 5262 intercurrerunt
1419 5205 1479 5245 eant
1492 5189 1619 5260 discipuli
1631 5189 1712 5260 ejus:
1727 5187 1824 5256 natta,
1839 5188 1898 5256 q'tts's

1096 5283 1220 5353 peccarit,
1241 5281 1282 5336 ltic
1296 5291 1343 5336 aut
1354 5289 1476 5351 parentes
1490 5281 1560 5352 ejas,
1575 5289 1604 5334 ιιι
1619 5295 1707 5336 coecat
1724 5281 1898 5334 nasceretur!

1097 5370 1239 5442 Respondit
1247 5371 1285 5428 ais
1293 5369 1396 5427 lesus:
1412 5371 1504 5444 Neque
1512 5369 1555 5427 ltin
1563 5372 1691 5442 pararit,
1705 5387 1790 5444 nepae
1801 5385 1898 5440 pares·

1098 5471 1136 5520 tes
1150 5463 1218 5534 ejas,
1234 5462 1279 5519 sed
1293 5472 1323 5518 at
1337 5463 1544 5534 manifestentur
1558 5479 1640 5534 opera
1655 5463 1706 5519 Dei
1723 5463 1752 5518 irs
1766 5463 1824 5520 illo.

1130 5553 1317 5612 Peccauerunt
1331 5555 1455 5627 quidem,
1470 5554 1520 5612 sed
1533 5555 1645 5611 illorum
1660 5561 1777 5628 peceato
1794 5553 1896 5610 lactum

250 5649 295 5704 ria
308 5667 368 5707 ntea
380 5651 449 5706 rtiltil
461 5660 513 5708 est.
530 5649 579 5706 list
597 5649 681 5708 Pater
697 5667 771 5705 meas
784 5655 829 5722 pal
846 5651 980 5722 plorifisat
993 5667 1045 5716 nra,
1098 5654 1211 5703 nonest
1227 5657 1257 5703 ut
1276 5663 1367 5705 caecus
1381 5655 1554 5708 nasceretur.
1572 5648 1705 5722 Magister
1728 5651 1778 5722 qui
1798 5645 1899 5719 qnaerit

250 5753 329 5808 paen
346 5756 392 5796 aas
409 5740 499 5796 dicitis
513 5739 663 5812 paiaDess
677 5747 832 5806 natusest,
847 5750 937 5796 stnon
951 5757 1048 5812 capno·
1097 5735 1266 5806 credentem,
1277 5744 1308 5794 ut
1318 5737 1400 5794 laniat
1415 5739 1624 5811 intelligentem,
1636 5755 1751 5796 caratam
1763 5739 1833 5796 dicit
1844 5751 1898 5792 ca>-

254 5826 330 5887 sistis
344 5847 416 5888 ean.
434 5829 491 5903 Epa
507 5837 597 5888 stum
613 5831 674 5886 sori
686 5847 758 5887 earn.
781 5829 815 5886 lit
830 5831 854 5888 ti
874 5829 966 5890 dixero
984 5833 1048 5905 quin
1098 5831 1200 5900 citatis,
1215 5839 1245 5890 tt
1257 5831 1461 5904 manifestentur
1477 5847 1559 5904 opera
1581 5829 1630 5888 Dai
1649 5831 1679 5888 ia
1696 5831 1756 5902 illa,
1769 5829 1900 5889 ridelitct
