3967 6334
88 331 142 388 509
550 337 584 396 tt
606 339 704 400 undu
723 344 770 402 itit
789 346 958 417 obtrudit
977 348 1078 406 LIBER
1095 349 1255 412 inuritis
1672 369 1726 430 tlt

88 453 198 522 recepit.
225 450 387 526 indipnotns
411 467 451 512 est
477 466 565 514 etitem
588 471 614 515 et
638 461 743 518 nolebat
759 465 879 521 introire.
897 471 1029 528 ,deorum
1045 484 1132 539 neque
1154 471 1293 535 sacerdos,
1315 488 1403 544 neque
1420 475 1550 546 propheta
1568 478 1724 542 immolatus

87 545 175 601 Pater
186 561 250 617 erqo
264 546 339 602 illius
351 563 484 619 apresens,
499 554 576 621 coepit
589 570 683 625 rupere
699 555 786 612 iliam.
933 568 977 616 est
988 567 1089 616 nostran
1100 563 1192 618 saluti.
1204 563 1238 617 Et
1247 580 1298 634 pro
1311 565 1453 623 luxurioso
1461 568 1527 634 lilio,
1539 571 1665 630 uidelicet
1674 593 1726 646 pro

126 635 239 712 [Banu]
252 637 331 695 Unus
351 639 385 696 de
404 642 493 698 serris
515 659 597 715 quem
610 655 701 710 rorat,
725 655 768 703 est
782 648 883 719 aliquis
933 649 1078 708 immeritis
1089 654 1236 724 'gentibus
1266 663 1297 710 ut
1318 658 1438 715 mundus
1456 661 1566 727 clamat,
1587 665 1724 735 gloriosus
1786 700 1789 707 ,
1891 697 1899 716 ·

83 727 120 782 de
135 729 290 799 prophetis,
305 745 387 800 quem
400 731 476 804 legit,
494 747 621 804 quaereus
639 738 712 794 unde
729 738 796 794 talia
812 739 882 796 iesta
933 745 1047 815 sanguis
1057 744 1119 800 Filii
1134 749 1174 802 tui
1189 748 1293 805 eliusus
1307 757 1360 806 est.

82 820 264 924 celebrentur
292 822 321 878 in
347 822 482 882 Ecclesia.
508 825 587 895 Quod
609 845 671 884 cum
693 831 730 886 ibi
759 832 880 900 invenit,
967 839 1067 910 Atipse
1079 840 1148 895 dixit
1162 841 1300 908 iltirFiti,
1318 854 1346 897 to
1360 860 1460 915 sennen
1470 863 1571 901 mecam
1580 865 1618 914 es,
1630 858 1656 904 et
1665 867 1723 904 on·

82 927 167 982 quasi
191 915 377 986 respondente
395 917 422 973 ei
443 920 587 990 propheta,
606 921 766 994 indignatur
785 933 881 982 etnon
932 927 978 982 nie
987 943 1045 983 rnen
1054 938 1102 985 teo
1111 939 1182 985 sunt.
1197 929 1309 1001 Epoinri
1320 942 1407 987 notem
1418 944 1443 988 et
1452 935 1566 1004 paudere
1574 939 1722 1007 oportebat,

81 1005 145 1060 rult
166 1006 293 1072 introire,
302 1007 390 1078 idest,
413 1011 534 1069 credere.
553 1011 634 1071 Pater
646 1024 738 1072 tamen
752 1033 880 1088 egressus
930 1020 995 1092 quio
1007 1020 1165 1091 iratertous
1177 1022 1218 1077 ltie
1230 1025 1457 1096 mortuariorum,
1469 1037 1495 1082 et
1509 1030 1621 1093 renirit3
1639 1034 1722 1100 perie-

82 1096 201 1154 adeum
223 1115 272 1172 per
292 1101 498 1172 praedicatorcs,
519 1115 599 1177 rogat
612 1106 689 1162 illum
705 1115 734 1163 ut
744 1109 876 1175 introeat,
931 1123 984 1178 ret,
1000 1125 1026 1170 et
1035 1117 1155 1170 inuentus
1165 1125 1215 1176 ert.

81 1191 131 1246 sed
144 1192 237 1249 adhuc
246 1195 327 1252 hodie
337 1205 448 1268 propter
456 1197 585 1254 inuidiam
595 1198 700 1265 iratris,
710 1201 879 1259 voluntatem
967 1204 1203 1280 [Bennillortuor
1213 1223 1262 1280 per
1271 1208 1663 1285 infidelitatem,reuisltperlid
1671 1233 1722 1272 en..

80 1285 174 1352 patris
185 1287 325 1354 nesciens,
340 1287 409 1346 ioris
424 1297 489 1348 stat.
510 1289 638 1348 introibit
657 1295 791 1351 tamenin
813 1294 877 1364 line,
930 1299 1050 1370 perierat
1062 1300 1214 1356 recedendo
1229 1302 1397 1358 aconsortio
1407 1302 1556 1372 justorum,
1565 1316 1591 1360 et
1600 1307 1726 1364 inuentos

78 1385 233 1448 postquam
245 1381 368 1452 gentium
377 1383 520 1453 plenitudo
530 1385 684 1443 intraverit.
929 1401 978 1460 est,
992 1393 1117 1451 redditus
1125 1395 1207 1451 matri
1221 1395 1361 1452 Ecclesia.
1373 1395 1433 1451 Non
1448 1399 1528 1468 quasi
1542 1399 1725 1457 mentientem

13 1539 14 1542 Ἴ
100 1465 154 1569 'At
177 1467 225 1523 ille
240 1471 410 1542 respondens,
422 1472 492 1528 dicit
506 1475 578 1544 patri
592 1492 663 1532 sno:
689 1473 757 1532 Ecce
772 1484 811 1532 tot
827 1495 878 1534 on·
929 1484 1069 1556 redarguii
1081 1493 1159 1557 pater
1171 1489 1304 1559 majorem
1316 1488 1470 1554 fiiium‚se(i
1483 1505 1577 1546 secum
1591 1506 1724 1562 persepe.

77 1573 122 1613 ru
144 1562 231 1616 servio
257 1563 315 1633 tili,
334 1574 360 1620 et
377 1583 513 1638 nunquam
535 1566 692 1624 mandatnm
713 1583 791 1626 tonna
807 1587 878 1641 proe·
928 1577 1119 1648 rantiameJus
1132 1580 1259 1646 laudans,
1275 1579 1528 1650 adpcriruitionem
1542 1582 1661 1653 potioris
1676 1599 1723 1638 ex·

76 1655 152 1712 tnii.
928 1668 1084 1724 sultationis
1101 1668 1208 1724 inuitat.
1222 1668 1300 1737 Quod
1317 1671 1394 1739 dicit,
1413 1672 1501 1726 omnia
1516 1689 1573 1726 mea
1588 1682 1722 1737 luerunt,

115 1747 259 1814 Quaeritur
272 1751 410 1822 quomodo
428 1753 545 1825 populus
559 1755 605 1812 ille
614 1755 723 1832 [lsrael]
734 1775 874 1832 nunquam
895 1749 897 1756 '
928 1774 984 1814 non
997 1759 1148 1830 putandum
1158 1766 1201 1817 est
1214 1759 1253 1814 ita
1264 1759 1379 1824 dictum,
1394 1762 1473 1830 quasi
1484 1776 1541 1818 non
1555 1762 1651 1817 sintet
1661 1763 1717 1817 ira·

75 1838 246 1896 nrandatum
261 1839 308 1897 Dei
323 1844 465 1913 praeteriit,
476 1847 524 1903 sed
535 1845 616 1904 facile
627 1849 727 1906 solutio
741 1851 873 1908 occurrit.
891 1827 914 1882 Β
928 1851 988 1906 tris.
1005 1848 1059 1906 Sed
1072 1849 1097 1907 si
1113 1851 1206 1906 minor
1227 1849 1309 1906 hahet
1320 1858 1425 1922 partem
1441 1851 1489 1917 ibi,
1503 1853 1639 1922 quomodo
1652 1861 1720 1908 sunt

74 1929 141 1986 Non
153 1938 200 1989 est
212 1931 266 1988 hnc
280 1933 383 1990 dictum
404 1936 439 1993 de
457 1938 532 1994 omni
551 1939 690 2007 mandato,
712 1942 760 1998 sed
774 1942 808 2000 de
822 1943 875 2000 hoc
926 1942 1019 1997 omnia
1033 1943 1166 2013 majoris?
1176 1941 1242 1998 Post
1256 1942 1327 1998 hanc
1341 1943 1424 1999 vitam
1439 1943 1506 2001 sica
1518 1945 1603 2015 iustis
1615 1945 1717 2000 hahen-

73 2024 154 2095 quod
169 2025 270 2097 jussus
290 2035 334 2085 est
357 2029 448 2086 colere
465 2031 572 2087 nullum
590 2034 673 2089 alium
688 2033 773 2090 Deum
791 2050 875 2106 quam
925 2041 971 2089 tur
991 2035 1094 2102 omnia,
1114 2043 1143 2090 et
1161 2043 1192 2091 ut
1209 2036 1266 2090 sint
1285 2037 1407 2092 omnium
1421 2038 1592 2109 singulorum
1611 2038 1713 2095 omma.
1737 2064 1740 2070 ·

73 2117 171 2188 ipsum
185 2117 345 2178 Creatorem
359 2122 491 2179 omnium.
513 2123 547 2179 Et
560 2125 612 2182 iste
629 2133 703 2184 tenet
718 2127 763 2183 hic
779 2142 875 2199 perso-
925 2126 994 2183 Cum
1014 2143 1080 2199 ergo
1103 2127 1262 2184 beatitatem
1285 2129 1360 2184 illam
1380 2129 1589 2195 obtinuerimus,
1620 2138 1716 2186 nostra

72 2224 143 2264 narn
158 2211 282 2278 illorum,
299 2215 345 2283 qui
356 2229 497 2285 nunquam
515 2215 551 2270 ab
565 2231 621 2272 uno
637 2215 693 2272 Deo
708 2221 743 2272 ad
762 2219 875 2273 simula·
924 2220 1050 2276 eruntad
1061 2219 1409 2290 vicesimanorumque
1420 2221 1619 2277 convivendum
1629 2237 1717 2292 aequa

72 2319 123 2358 cra
136 2305 269 2362 conversi
280 2313 354 2362 sunt.
370 2306 434 2374 Qui,
449 2309 576 2380 quamvis
590 2309 618 2364 in
633 2325 699 2382 agro
715 2309 817 2366 luerint
831 2311 874 2366 rel
924 2311 971 2376 lia,
996 2311 1031 2366 ad
1054 2310 1250 2366 dominandum
1274 2311 1415 2367 interiora.
1434 2311 1609 2382 Congaudeat
1623 2313 1716 2383 itaque

70 2395 144 2458 sint,
166 2402 279 2452 terrena
299 2395 490 2466 desiderando,
512 2413 544 2455 ea
560 2407 650 2456 umen
670 2400 825 2471 cupierunt,
846 2407 874 2456 et
924 2404 1013 2474 major
1024 2402 1109 2460 irater
1122 2403 1222 2460 minori
1240 2418 1361 2472 reuerso,
1376 2405 1435 2460 sire
1454 2404 1561 2475 placeat
1573 2404 1643 2460 duos
1655 2404 1716 2459 ira-

69 2487 197 2558 cupiunt
210 2488 264 2544 sibi
286 2487 347 2544 dari
356 2503 372 2544 a
382 2504 449 2547 vero
459 2488 525 2546 ileo.
542 2488 621 2548 Unde
634 2499 661 2547 et
676 2492 766 2548 statim
779 2492 873 2563 sequi·
923 2501 981 2551 tres
995 2495 1082 2566 accipi
1098 2494 1168 2551 duos
1177 2494 1305 2566 populos,
1320 2496 1379 2550 sire
1392 2494 1463 2550 duos
1474 2481 1609 2566 quc'slihet
1622 2495 1713 2551 homi-

69 2587 121 2635 tur
135 2599 145 2637 ι
159 2579 230 2646 Fili,
253 2590 281 2635 ta
297 2596 397 2651 semper
415 2598 517 2637 meeum
527 2599 564 2637 es.
585 2580 649 2639 ldeo
666 2599 775 2654 quoquc
794 2584 873 2639 multi
922 2604 973 2645 nes
987 2588 1165 2659 penitentem
1178 2588 1327 2658 etiustum,
1338 2587 1382 2642 vel
1395 2587 1442 2658 qui
1456 2586 1609 2657 sibijustus
1620 2587 1716 2644 videa·

66 2681 216 2744 tanquam
227 2673 389 2730 mercenarii
406 2674 493 2745 legem
505 2674 705 2739 custodierunt,
721 2691 756 2731 ne
768 2674 872 2745 obejus
923 2688 977 2736 tur.
995 2679 1057 2736 hlox
1072 2679 1207 2751 siquidem
1223 2687 1255 2734 ut
1266 2679 1387 2736 mundus
1402 2678 1491 2735 laetus
1500 2686 1553 2745 est,
1570 2686 1715 2750 coepcmut

67 2766 336 2837 praevaricationem
349 2765 421 2823 lleus
435 2774 573 2822 terrenam
589 2765 746 2823 felicitatem
762 2767 873 2824 subtra·
921 2787 984 2828 esse
996 2771 1071 2827 cives
1083 2769 1240 2843 Babyloniae
1255 2778 1283 2826 et
1303 2769 1466 2835 Jerusalem,
1478 2770 1507 2826 id
1521 2779 1574 2837 est,
1599 2772 1662 2826 mali
1685 2777 1715 2827 et

66 2859 156 2916 lieret
805 2889 809 2900 ·
843 2869 846 2876 ·
922 2861 1639 2934 boni.Potestiqiturminordliussigrrillcaremalos
1653 2877 1714 2919 om·

108 2955 149 3010 Et
165 2973 305 3030 nunqnam
329 2955 427 3012 dedisti
445 2954 509 3010 milri
528 2956 644 3023 hedum,
657 2965 686 3010 nt
705 2972 765 3010 cunr
779 2956 871 3011 amieis
921 2971 982 3016 nes,
999 2955 1033 3011 ad
1047 2954 1235 3026 paenitentiam
1247 2954 1387 3011 venientes
1397 2972 1404 3019 ;
1415 2953 1504 3024 maior
1514 2969 1591 3010 uero.
1604 2967 1711 3018 omncs,

66 3052 142 3106 noeis
154 3051 291 3120 epularer.
922 3049 951 3104 in
964 3047 1041 3104 cultu
1054 3046 1103 3102 liei
1117 3048 1307 3118 persistentes,
1320 3046 1384 3100 licet
1396 3045 1424 3100 in
1434 3044 1526 3116 aliqua
1540 3052 1652 3117 peecata
1665 3061 1712 3100 re·

103 3143 216 3200 ilaedus
231 3144 301 3200 solet
322 3142 477 3214 siguificare
500 3149 684 3213 peccatorem,
703 3139 751 3196 sed
775 3138 819 3194 nte
831 3138 906 3239 sic
923 3141 963 3196 lut
978 3140 1006 3196 in
1029 3139 1159 3196 iuvidiam
1182 3138 1276 3195 iratris
1290 3137 1440 3194 deviantes.
1456 3136 1539 3193 iuxta
1558 3137 1610 3191 hoc
1628 3137 1713 3207 igitur

64 3236 191 3308 gnificat
205 3235 358 3301 Christum,
370 3233 501 3307 nunquia
514 3241 656 3306 peccatum
668 3247 788 3304 uuquam
802 3230 872 3288 lece·
923 3232 1089 3304 accipiemus
1113 3247 1162 3303 per
1179 3233 1296 3288 vitulum
1316 3231 1471 3301 saginatum
1490 3228 1598 3298 majora
1616 3228 1713 3298 gratiae

62 3331 116 3394 rit,
136 3327 190 3385 sed
201 3329 267 3400 quia
281 3327 369 3384 Judaei
389 3334 586 3398 reputaverunt
607 3341 670 3382 eum
686 3331 867 3398 peccatorem.
920 3325 1003 3388 doura,
1018 3325 1085 3380 etin
1097 3339 1193 3380 eorum
1204 3323 1409 3395 comparatione
1427 3337 1477 3392 per
1490 3320 1598 3376 haedum
1621 3319 1712 3374 nrino·

62 3419 121 3476 llic
134 3420 236 3476 haedus
252 3419 375 3476 nondum
386 3419 467 3476 datus
481 3425 524 3474 est
537 3416 639 3473 ludaeis
650 3416 684 3472 ad
692 3416 868 3487 epulandum,
920 3429 961 3480 ra,
977 3415 1050 3471 sicut
1059 3416 1187 3472 universa
1197 3412 1457 3484 bominumjustitia
1471 3411 1526 3468 beo
1540 3420 1709 3482 comparata,

60 3515 136 3586 quia
148 3512 275 3570 nondum
286 3513 402 3569 credunt
416 3512 444 3567 in
454 3527 527 3584 erum..
539 3510 618 3578 Quod
636 3510 714 3575 dicit,
731 3526 790 3592 cum¹
800 3510 869 3564 ami·
920 3516 1063 3578 reputatur
1077 3507 1225 3579 injustitia.
1251 3504 1391 3579 [Aternus]
1418 3504 1486 3560 Tres
1500 3503 1637 3575 parabolae
1656 3519 1715 3558 uuo

61 3611 119 3672 eis,
149 3607 316 3679 intelligitur
341 3621 374 3662 ex
402 3621 521 3677 persona
541 3603 715 3676 principum,
747 3609 778 3656 ut
806 3616 869 3656 cum
920 3601 973 3658 hue
993 3591 1192 3657 misericordia
1206 3598 1382 3655 clauduntur.
1397 3595 1462 3653 Oris
1477 3613 1493 3651 a
1507 3604 1617 3666 pastore
1633 3596 1711 3667 lapsa

62 3703 172 3774 plebe,
199 3700 244 3757 rel
265 3717 299 3756 ex
316 3713 436 3770 persona
457 3697 551 3770 populi
573 3693 823 3767 hierosolymitani,
840 3700 870 3749 ut
919 3702 1081 3764 revocatur;
1098 3694 1229 3750 drachma
1243 3709 1305 3764 qua
1321 3692 1450 3763 perierat,
1467 3692 1619 3758 inuenitur3
1638 3691 1711 3746 tilius

60 3813 136 3851 cum
152 3795 263 3852 caeteris
272 3793 403 3850 tribubus
417 3792 502 3850 lsra'el
520 3793 709 3864 epularentur.
727 3788 867 3863 [Hirrum]
921 3785 954 3841 ad
969 3793 1075 3857 patrem
1087 3785 1206 3857 propriis
1221 3785 1344 3857 uestigiis
1358 3784 1438 3847 redit,
1450 3790 1477 3840 et
1492 3799 1507 3838 a
1525 3793 1603 3855 patre
1623 3783 1712 3838 bono-

60 3887 160 3944 Erras
182 3883 269 3942 lsrael
289 3886 318 3940 in
331 3901 409 3956 agro,
434 3884 499 3956 qula
515 3891 591 3940 taces
605 3882 640 3938 de
660 3881 749 3953 epulis
763 3881 867 3952 patris;
921 3885 1009 3934 ratur.
1026 3877 1091 3935 Oris
1106 3894 1213 3941 sumus,
1235 3884 1361 3948 petamus
1373 3891 1493 3947 pascua;
1511 3875 1641 3930 drachma
1663 3892 1712 3930 su·

59 3980 154 4052 quasi
167 3979 275 4049 absque
288 3993 322 4034 eo
338 3993 403 4034 vern
415 3977 578 4049 jucunditas
593 3991 655 4038 esse
669 3974 766 4046 possit.
778 3973 830 4041 Qui
840 3974 870 4030 in
919 3988 993 4036 mus,
1009 3971 1159 4028 habeamus
1173 3970 1308 4042 pretium;
1323 3969 1370 4023 iulii
1383 3985 1490 4034 sumus,
1505 3968 1666 4024 festinemus
1676 3968 1711 4022 ad

59 4074 125 4129 line
143 4071 242 4129 saculi
257 4071 376 4139 haedum,
387 4069 417 4125 id
430 4079 483 4137 est,
500 4068 699 4125 Antichristum
709 4066 763 4124 sibi
775 4067 870 4122 immo·
919 4069 1025 4133 patrem

59 4167 186 4228 labunt,
201 4164 243 4218 illi
257 4164 318 4220 siue
331 4171 411 4234 patre
423 4177 487 4218 cum
501 4160 598 4218 amicis
609 4159 780 4216 damonibus
793 4164 869 4213 satu·
1188 4161 1303 4221 CAPUT
1319 4162 1432 4220 xcviii,

57 4259 227 4314 rabuntur,
243 4253 320 4312 Unde
344 4255 466 4311 dicitur:
489 4251 529 4308 To
553 4253 707 4324 conirepisti
716 4250 868 4314 draconem,
1247 4273 1294 4323 19⁸
1351 4312 1354 4319 ,
1427 4273 1473 4322 185

57 4347 175 4402 dedisti
186 4362 249 4400 enm
267 4361 354 4400 escam
366 4343 471 4414 populis
496 4339 740 4414 AEtlriopnm(Pral
758 4337 868 4407 turtur),
1156 4295 1210 4381 L·
1263 4351 1277 4386 t
1327 4293 1368 4380 Μ
1378 4355 1390 4380 ·

57 4441 89 4495 id
104 4446 169 4502 cst,
181 4436 341 4493 nolentibus
356 4436 490 4492 courertl.
955 4441 1089 4497 Attendite
1096 4441 1184 4497 robis:
1200 4440 1232 4497 Si
1239 4441 1384 4511 pemaoerit
1393 4440 1422 4492 in
1434 4447 1459 4491 te
1468 4443 1553 4508 frater
1563 4444 1635 4499 tuoe,
1644 4445 1716 4488 rore

99 4529 164 4586 &d
178 4538 319 4600 il⁰⁸lfl¹¹⁰m
334 4529 375 4582 '¹5⁶
385 4528 458 4598 filim
469 4535 530 4582 ‘W
539 4527 584 4598 qni
593 4523 726 4580 ‘immi‘
742 4525 867 4580 WWM·
883 4537 906 4593 Ι)
920 4542 945 4590 et
963 4537 1066 4606 corripe
1079 4549 1139 4589 eom
1150 4535 1219 4589 inter
1230 4543 1254 4588 te
1267 4541 1292 4588 et
1302 4534 1389 4604 iprum
1402 4531 1497 4585 solam.
1513 4527 1542 4585 Si
1552 4537 1577 4582 te
1593 4526 1718 4581 audierit·

56 4623 136 4676 tiam
152 4637 232 4674 ruam
247 4637 308 4674 cnm
316 4619 594 4686 meretricihoe,oenit‚
611 4615 731 4672 occidisti
743 4616 786 4671 iili
797 4617 867 4671 uitu—
919 4626 950 4683 L,
966 4636 990 4682 ιι
1001 4628 1179 4697 wamiam
1197 4626 1287 4696 egerit,
1299 4624 1404 4679 dimine
1419 4623 1470 4688 iili,
1485 4620 1525 4676 ii,
1543 4628 1568 4674 et
1588 4618 1712 4674 lucratus

57 4717 122 4770 lum
141 4714 309 4784 supinatum.
918 4721 971 4776 eris
982 4719 1093 4790 fratrem
1107 4728 1191 4773 mum.

96 4806 273 4862 hiemtrices
287 4812 352 4861 sunt
364 4803 484 4875 gentium
502 4803 721 4874 superstitiones,
735 4817 797 4858 cum
808 4801 867 4872 qni·
954 4807 1023 4877 Quia
1044 4809 1117 4866 iteus
1136 4810 1236 4880 gaudet
1250 4809 1284 4864 de
1297 4816 1441 4880 peccatore
1458 4819 1602 4868 convorso,-
1616 4808 1713 4858 cauete

55 4901 115 4954 bus
141 4897 217 4952 dicit
232 4896 346 4953 iratrcm
363 4895 496 4951 minorem
518 4893 682 4950 fornicatum
700 4908 772 4950 esse.
793 4892 869 4948 Talis
919 4918 954 4958 ηε
965 4903 1080 4974 pusiiios
1094 4903 1286 4964 contemnatis,
1299 4900 1347 4956 seii
1362 4905 1531 4971 peccantem,
1549 4904 1579 4951 ut
1594 4907 1710 4951 concor-

53 5000 103 5050 est
120 5005 198 5061 ergo
211 4987 322 5046 israelis
335 4988 498 5058 conquestio
509 4987 545 5043 ad
558 4992 683 5058 patrem:
700 4985 764 5040 liihi
778 4993 867 5041 tecum
920 5001 1003 5059 iacui,
1016 4985 1204 5062 munirent
1214 4992 1391 5062 poenioeniem
1413 4990 1488 5048 socia
1501 4989 1634 5043 charitate
1652 4985 1710 5040 col·

54 5080 234 5154 persistenti
247 5089 274 5135 et
285 5079 452 5150 promerenti
471 5093 611 5150 nunquam
628 5077 680 5134 luit
692 5077 727 5134 ad
741 5075 868 5133 relectio·
918 5085 1011 5157 ligite;
1026 5091 1055 5139 et
1070 5084 1109 5140 sio
1119 5099 1168 5156 per
1179 5084 1291 5140 alterius
1305 5084 1420 5140 salutem
1430 5081 1510 5138 robis
1523 5079 1597 5135 salus
1614 5075 1709 5145 acqui·

53 5189 127 5232 nem
154 5172 212 5237 ille,
228 5187 309 5243 quem
327 5179 426 5243 reputo
440 5171 545 5226 haedum
568 5169 690 5241 leuisque
711 5167 868 5241 pmlanato-
918 5179 999 5234 uitur.
1009 5175 1107 5250 [Beni]
1122 5175 1210 5232 deute
1220 5175 1381 5231 intuendum
1394 5181 1447 5237 est,
1462 5173 1527 5243 quia
1539 5184 1594 5224 nou
1603 5167 1707 5240 passim

53 5281 137 5323 rem.
155 5262 237 5319 illum
251 5271 342 5321 autem
356 5263 494 5330 eumdem,
505 5271 535 5319 ut
544 5263 624 5328 dicis,
637 5262 805 5318 dliumtuum
821 5277 868 5318 oc-
919 5269 1044 5342 peccanti
1051 5268 1189 5324 dimittere
1201 5268 1339 5338 jubemur,
1350 5261 1594 5336 sedpoenltentiam
1603 5260 1706 5330 agenti.

53 5357 165 5415 cidisti
181 5355 336 5414 idololatris
352 5356 386 5412 ad
403 5357 512 5429 plenam
530 5355 727 5428 redemptionis
739 5355 869 5426 jucundi·
918 5359 1041 5414 Primum
1061 5372 1127 5430 ergo
1146 5364 1190 5414 est
1214 5364 1373 5428 peccantem
1397 5355 1548 5422 inerepare,
1568 5356 1599 5404 ιιι
1612 5356 1708 5419 postea

54 5461 167 5507 tatem.
185 5449 295 5506 Aliter:
312 5449 413 5508 ilaedus
428 5456 519 5522 potest
534 5448 588 5505 dici
603 5447 719 5520 quilibet
741 5457 866 5512 sanctus,
918 5447 1063 5520 poenitenti
1075 5447 1214 5517 possimus
1227 5445 1371 5501 dimittere.
1384 5439 1652 5515 [dum-amose]
1668 5436 1706 5492 lta

54 5543 282 5618 comparatione
290 5540 353 5598 Filii
366 5541 424 5600 Dei.
443 5543 514 5597 llicit
524 5557 589 5614 crgo
602 5539 686 5597 israel
696 5539 730 5594 ad
743 5548 865 5611 patrem:
918 5541 991 5596 onim
1006 5547 1111 5610 peccat,
1126 5537 1173 5608 qui
1186 5543 1347 5608 peccantem
1360 5533 1434 5589 ridet
1446 5541 1474 5589 ct
1487 5539 1567 5594 tacet,
1578 5531 1650 5587 sicut
1660 5530 1707 5600 qui

53 5637 179 5694 Tantus
191 5636 309 5707 sanguis
320 5636 460 5707 justorum
471 5635 576 5692 ellusus
594 5644 647 5700 est,
664 5640 692 5689 et
714 5633 806 5690 nullus
820 5649 868 5688 eo·
919 5631 1061 5704 poenitenti
1075 5645 1131 5686 non
1146 5630 1276 5701 indulget.
1292 5625 1361 5682 Nam
1374 5628 1423 5698 qui
1436 5626 1521 5683 dixit:
1538 5625 1569 5680 ,it
1580 5625 1707 5694 punitae-

54 5748 126 5788 rum
144 5729 233 5787 nobis
246 5730 367 5786 reddidit
376 5730 539 5786 libertatem.
555 5727 625 5784 Ecce
644 5727 732 5782 adhuc
743 5724 867 5781 ilomauo
919 5725 965 5786 rit,
980 5722 1093 5786 dimitte,
1104 5721 1244 5792 premisit,
1261 5720 1285 5774 si
1298 5719 1453 5790 messuerit,
1475 5717 1591 5785 increpo,
1612 5722 1642 5769 ιιι
1657 5729 1708 5769 ne-

55 5825 254 5900 snhjacemus
270 5823 393 5896 imperio.
406 5819 459 5878 Tot
470 5821 557 5880 sancti
569 5821 630 5878 caesi
648 5805 720 5886 surm,
736 5827 766 5877 ct
776 5818 868 5874 uiritim
918 5831 971 5887 que
986 5813 1103 5871 difficilis
1113 5814 1150 5870 sit
1159 5812 1248 5879 ucula,
1259 5827 1311 5869 nec
1322 5811 1437 5868 remissa
1445 5808 1622 5879 indulgentia.
1632 5803 1710 5873 itus-
