3967 6334
101 332 153 386 rm
574 334 842 394 scuvcnrrunuu
862 339 952 396 ctam
972 343 1074 401 ocro.
1091 376 1126 387 -
1140 343 1203 402 nvn.
1225 345 1258 402 v.
1680 323 1736 414 aro

378 440 493 498 CAPUT
513 441 608 502 xxvi.
905 465 929 522 Α
942 457 1059 530 ptizatos
1070 457 1212 515 descendit
1224 468 1252 516 ct
1260 461 1398 516 condonat
1411 479 1519 534 pomam
1532 506 1539 532 ,
1555 468 1733 528 eatsclriaano

147 529 220 584 Unde
236 535 271 586 sit
284 535 431 589 auctoritas
445 534 575 605 baptismo
591 547 617 592 et
629 549 839 597 roteenrzotrom.
940 564 1059 620 namque
1073 558 1193 606 meretur
1206 551 1327 618 veniam,
1344 554 1392 610 sed
1406 556 1527 612 nondum
1541 567 1657 614 evacuat
1675 577 1733 632 pm-

133 619 278 686 Dominus,
292 632 355 694 post
368 626 610 694 resurrectionem,
623 632 777 690 universale
791 635 824 691 de
838 637 889 691 ba·
940 654 1021 706 nam;
1037 645 1110 698 sicut
1130 639 1267 700 confessio
1290 660 1359 714 pura
1385 646 1493 718 culpam
1512 650 1622 721 quidem
1643 654 1731 722 tollit,

98 713 199 782 ptismo
213 712 355 769 decretum
367 721 506 780 sanciens,
523 727 585 790 post
597 725 829 782 resurrectionem
841 727 890 782 ba·
941 730 989 787 sed
1004 733 1220 792 satisfactionem
1232 737 1356 806 requirit.
1369 737 1505 812 baptisma
1515 758 1591 808 vero,
1603 749 1732 815 quoniam

99 805 199 875 ptismo
212 807 355 877 proprium
373 809 459 864 tradit
477 811 578 868 locum.
596 811 649 871 Sed
671 818 802 888 quoniam
816 828 892 876 cate·
941 827 1021 882 venia
1035 829 1139 898 peccati
1156 830 1214 900 jam
1231 838 1310 886 antea
1324 831 1451 899 habetur,
1468 836 1683 896 satisfactionem
1699 841 1733 897 de

99 896 218 950 cbizatio
233 901 475 970 praeparationum
490 904 637 976 baptismo,
654 910 732 978 prius
741 911 824 977 dicit,
840 912 892 967 llo-
940 931 1055 990 peccato
1069 921 1220 988 condonat,
1233 923 1303 980 sicut
1320 927 1492 998 martyrium,
1507 929 1628 990 dimissis
1644 935 1733 988 ornain

99 1000 152 1044 cete
169 1006 258 1046 omnes
270 1003 357 1063 genter
373 992 474 1069 (iridi.
490 995 577 1064 Post,
601 1001 698 1070 paucis
711 1003 812 1068 verbis,
824 1005 891 1075 quid
941 1011 993 1068 bus
1014 1015 1144 1084 peccatis,
1161 1030 1270 1070 omnem
1293 1017 1376 1073 etiam
1392 1020 1544 1075 molestiam
1570 1032 1633 1093 post
1651 1041 1680 1080 se
1699 1027 1733 1082 dc

99 1084 136 1139 sit
156 1097 227 1154 opus
249 1084 396 1155 baptismo,
412 1091 633 1160 comprehcndit.
658 1093 773 1151 dicens:
797 1095 891 1166 Rapti·
942 1103 1099 1161 babitaculo
1109 1121 1160 1162 suo
1171 1106 1303 1162 eliminat.
1317 1106 1395 1165 Unde
1409 1125 1470 1165 cum
1482 1112 1638 1171 tricesimus
1650 1131 1732 1171 sexa·

100 1186 191 1232 canter
202 1194 246 1233 eor
258 1179 285 1232 in
299 1181 405 1235 nentina
417 1179 521 1248 Petris,
541 1195 566 1238 et
586 1182 668 1250 Filii,
688 1195 743 1242 etc.
757 1185 811 1244 Sed
825 1205 893 1261 quo-
942 1197 1117 1270 gesimusque
1128 1198 1234 1256 fructus
1248 1199 1369 1256 obtineat
1381 1202 1490 1272 loevam,
1505 1206 1674 1263 centesimus
1683 1211 1731 1279 qui

99 1270 172 1324 niam
186 1278 247 1343 post
271 1282 443 1330 sacramenta
466 1275 539 1331 bona
561 1278 616 1333 vita
631 1281 792 1352 requiritur,
810 1285 892 1339 tertio
941 1291 1168 1363 martyriumest,
1181 1294 1328 1350 transitum
1339 1293 1406 1350 facit
1421 1295 1455 1350 ad
1466 1296 1617 1354 dexteram.
1631 1297 1733 1365 Quave?

98 1365 184 1434 gradu
197 1365 390 1437 subjungitur:
407 1367 533 1424 Nocentes
547 1386 592 1426 eos
605 1389 710 1428 cernere
720 1376 810 1430 onrnin
823 1393 893 1448 quc·
941 1379 1071 1453 quoniam
1105 1399 1210 1442 merces
1238 1393 1389 1456 martyrum
1419 1403 1476 1443 non
1504 1388 1631 1446 differtur
1669 1399 1740 1466 post

98 1472 198 1527 cunque
213 1455 337 1511 nrandoat'
356 1458 438 1514 nobit.
942 1481 1067 1529 inertem.

136 1548 216 1619 160
233 1547 334 1605 l'erum
349 1566 385 1606 ne
398 1559 505 1608 tantum
514 1569 584 1624 opus
597 1555 774 1611 diflidentiam
784 1565 893 1626 pareret
1208 1564 1323 1622 caret
1344 1565 1464 1628 lllllllll.

99 1639 234 1705 mliv-ruis,
260 1641 426 1698 certitudine
447 1645 648 1714 promissorum
668 1645 891 1702 incertitudinem
1062 1651 1163 1719 Quibus
1183 1655 1334 1727 ecquando
1356 1658 1448 1713 celum
1470 1663 1606 1731 operiatur

98 1730 176 1787 inicit
191 1732 384 1798 titubantium,
396 1733 614 1806 inquiensAEcce
630 1754 677 1808 epo
687 1738 819 1793 nobiseum
832 1755 891 1792 snm
977 1741 1127 1815 Baptizatis
1142 1745 1234 1818 igitur,
1251 1757 1277 1804 et
1293 1760 1442 1817 noviante,
1462 1753 1560 1809 merito
1570 1757 1671 1809 coelum
1684 1772 1743 1826 pa·-

98 1841 181 1896 nsqne
191 1824 227 1878 ud
241 1827 493 1882 consummationem
507 1829 599 1884 seneli
616 1828 715 1904 (itta).
729 1829 783 1886 Sed
800 1837 829 1884 ιιι
843 1845 893 1886 au·
908 1827 931 1883 B
944 1840 1004 1890 tere
1022 1831 1230 1907 pronuntiatur;
1246 1841 1375 1911 quoniam
1396 1857 1530 1896 noxarum
1549 1859 1597 1913 pcr
1618 1847 1735 1901 catcclri·

97 1918 212 1974 ctrrritas
226 1918 355 1990 baptismi
379 1927 443 1991 post
458 1922 690 1978 resurrectionem
704 1922 831 1994 privatim
846 1922 891 1977 in·
943 1926 1077 1988 rationem
1101 1929 1275 1988 dimissarum
1305 1932 1457 1996 satisfactio
1481 1934 1602 1990 nondum
1627 1938 1735 2006 expleta

96 2011 892 2080 ‚ivrnctaclaresceret,anteresurrectionemsacramentum
942 2032 959 2072 a
972 2019 1078 2076 visione
1089 2020 1136 2077 [tei
1147 2023 1223 2093 prius
1237 2023 1506 2080 secluderetl'crum
1519 2027 1570 2083 rite
1582 2027 1734 2098 baptizatos

98 2105 201 2160 lavacri
231 2120 325 2160 coram
350 2103 466 2162 Domino
495 2106 604 2178 publice
630 2107 795 2164 celebratur.
819 2105 892 2162 Nilril
943 2111 1032 2166 solum
1056 2113 1179 2169 mortalis
1194 2120 1313 2170 statusa
1334 2115 1420 2187 gloria
1436 2127 1566 2174 semovet.
1583 2117 1735 2174 Flammam

97 2197 182 2267 igitur
197 2197 315 2263 mirum,
341 2199 364 2254 si
381 2198 447 2270 quid
470 2198 587 2256 deluerit
610 2200 746 2272 baptismo
770 2211 893 2272 tempore
943 2219 1009 2259 vero
1022 2206 1193 2273 versatilem,
1208 2223 1269 2278 quae
1283 2223 1334 2264 tros
1352 2208 1386 2263 ab
1399 2209 1524 2280 ingressu
1536 2212 1655 2282 paradisi
1672 2228 1735 2270 reos

98 2305 154 2343 ιιοιι
174 2305 227 2344 suo
250 2299 390 2362 suscepto.
417 2291 451 2347 Ει
473 2293 637 2364 praevalebat
650 2293 734 2348 etiarn
749 2301 814 2349 trrnc
838 2295 893 2349 ch*-
943 2296 1060 2354 detinuit
1069 2296 1143 2371 (Gen.
1160 2315 1208 2364 tn,
1224 2299 1282 2374 il),
1294 2302 1366 2357 unda
1380 2303 1460 2374 plene
1471 2303 1652 2360 reconcilians
1667 2303 1733 2371 Deo,

97 2381 279 2449 eumcisioni,
293 2383 436 2454 quoniam,
455 2400 519 2439 cum
530 2385 704 2441 circumcisio
718 2401 775 2441 non
786 2383 893 2442 sulfice-
945 2397 974 2444 ut
987 2389 1117 2446 introitus
1127 2399 1233 2462 pateat,
1246 2393 1394 2463 exstinguit

98 2481 141 2529 ret
156 2474 210 2529 nisi
235 2482 298 2546 post
313 2477 543 2533 resurrectionem
563 2476 698 2548 baptisma
719 2484 892 2548 sequeretur,
977 2480 1135 2538 Notandum
1161 2493 1252 2540 tamen
1273 2485 1347 2557 quorl
1371 2485 1393 2542 si
1412 2501 1492 2556 quem
1518 2485 1638 2542 fidelium
1662 2488 1735 2544 inter

97 2566 236 2638 baptisma
257 2575 321 2625 ante
336 2576 477 2641 sumptum
499 2583 556 2624 non
571 2569 745 2641 postmodnm
763 2575 823 2624 erat
839 2569 891 2624 ite·
944 2572 1185 2631 Resurrectionem
1202 2582 1228 2632 et
1249 2577 1444 2633 Asccrrsronem
1464 2593 1497 2634 ex
1511 2577 1563 2634 liae
1575 2579 1632 2635 vita
1645 2581 1736 2635 conti·

96 2663 234 2732 randum,
254 2664 356 2736 quippe
376 2663 444 2719 nihil
467 2665 559 2720 minus
579 2671 643 2736 post
662 2664 893 2720 resurrectionem
943 2662 1014 2734 gerit
1033 2665 1202 2729 decessisse,
1214 2665 1283 2720 'eum
1305 2665 1421 2722 Domino
1441 2664 1507 2723 lesu
1525 2667 1635 2724 interim
1655 2683 1734 2725 asso·

97 2756 217 2828 vigebat,
227 2765 371 2828 propterea
383 2757 460 2829 quud
475 2764 539 2813 ante
551 2757 786 2814 resurrectionem
801 2771 894 2812 sume-
943 2755 1045 2811 elatum
1065 2764 1241 2828 exspectasse
1253 2756 1450 2814 Ascensionem
1465 2799 1472 2823 ,
1490 2767 1636 2831 antequam
1649 2759 1735 2831 janua

97 2848 192 2904 batur.
209 2847 276 2905 ltem
290 2850 427 2923 baptisma
451 2858 583 2923 tanquam
597 2851 771 2922 propositum
792 2848 893 2904 adultis
943 2847 1064 2904 eoelestis
1089 2849 1207 2905 reserari
1222 2865 1278 2905 non
1297 2849 1400 2907 debuit.
1426 2849 1503 2908 Unde
1525 2858 1637 2924 apparet
1659 2855 1735 2924 quod

98 2942 218 2996 actualia
239 2943 323 2997 etiam
346 2947 445 2998 contra
468 2949 581 3014 peccata
603 2940 754 3014 (preterita
774 2940 893 3013 tanturn)
945 2938 1208 3014 161noneisqui
1229 2953 1302 3008 ante,
1324 2943 1372 3000 scd
1386 2944 1476 2999 solum
1495 2943 1538 3000 bis
1553 2944 1600 3015 qui
1614 2953 1677 3016 post
1690 2961 1736 3001 as·

99 3038 222 3090 sumitur
236 3034 370 3102 remedio,
384 3036 415 3097 in
426 3043 533 3092 tantum
548 3035 667 3092 fortasse
680 3042 711 3089 ut
725 3035 829 3090 nullam
842 3049 892 3090 ex·
942 3037 1101 3092 censionem
1114 3036 1244 3108 baptizati
1259 3044 1334 3104 sunt,
1346 3038 1513 3109 patetjanua
1528 3039 1659 3094 coelestis.
1673 3038 1735 3094 Nisi

98 3127 230 3196 piationis
243 3128 334 3198 gratia
356 3129 499 3200 requirant
527 3130 640 3199 pensor}
657 3134 720 3198 post
741 3128 892 3183 lavacrum.
944 3125 1016 3183 forte
1025 3128 1089 3199 quis
1105 3135 1189 3200 ponat
1208 3129 1295 3186 coelos
1309 3129 1415 3187 renatis
1434 3138 1554 3200 apertos,
1582 3146 1638 3186 non
1661 3129 1735 3201 quod

97 3218 360 3274 Circumcisiovero
373 3205 504 3290 tairqoam
519 3217 613 3276 oueris
626 3217 718 3274 oblata
728 3219 817 3273 solum
832 3217 891 3272 ori·
944 3235 1008 3275 mox
1035 3220 1126 3285 liceat,
1153 3237 1248 3278 verum
1276 3222 1349 3295 quod
1373 3222 1438 3278 illuc
1464 3230 1587 3294 tempore
1613 3239 1735 3294 congruo

96 3311 218 3382 ginalenr
228 3319 344 3369 excusat
356 3328 467 3369 noxam.
944 3312 1076 3368 scandere
1091 3313 1192 3371 licebit.
1216 3312 1268 3370 Sed
1283 3329 1315 3370 ea
1332 3315 1438 3371 ratione
1453 3335 1459 3370 :
1475 3313 1562 3371 iustis
1577 3317 1612 3371 ab
1630 3315 1737 3386 origine

377 3405 492 3463 CAPUT
511 3404 618 3463 lllllll.
943 3403 1039 3459 mundi
1054 3413 1119 3461 sunt
1133 3405 1231 3478 aperti,
1244 3406 1356 3477 quando
1369 3407 1461 3478 potius
1484 3407 1614 3478 leguntur
1635 3407 1734 3474 clausi,

186 3498 323 3565 Queritnr
334 3499 399 3570 qnid
411 3499 448 3554 sit
462 3500 605 3569 eaptimtis
615 3499 693 3554 cetos
704 3498 811 3567 anniti.
944 3499 1164 3556 sceleratissimis
1175 3513 1283 3571 quoque
1296 3499 1344 3556 sed
1359 3499 1562 3567 convertendis,
1577 3499 1737 3572 penitenti·

140 3591 196 3648 Sed
210 3593 329 3665 digressi
343 3593 498 3658 redeamus,
512 3599 539 3648 et
557 3593 729 3662 inquiramos
752 3591 817 3662 quid
838 3600 892 3657 stt,
943 3588 1060 3660 busque,
1083 3588 1132 3644 sed
1151 3589 1272 3647 nondum
1288 3589 1441 3662 condignos
1454 3605 1503 3662 per
1521 3589 1627 3647 fructus
1641 3606 1737 3662 emen·

95 3686 176 3754 quod
190 3685 337 3756 baptizatis
358 3686 520 3757 aperiuntur
543 3685 617 3740 coeli.
634 3682 732 3739 Nonne
744 3699 775 3739 ea
787 3683 895 3739 ratione
944 3682 1027 3748 datis,
1041 3685 1106 3754 quia
1121 3684 1249 3740 omnibus
1262 3685 1362 3739 coelum
1378 3686 1466 3756 aperit
1485 3700 1539 3741 vion
1553 3686 1736 3758 perspicuitas

96 3779 203 3834 coelum
218 3785 372 3843 reseratur,
388 3785 419 3833 ut
431 3778 575 3848 baptizatis
586 3776 828 3846 patereintroitum
840 3774 895 3830 loci
944 3777 1134 3848 providentia,
1149 3792 1244 3833 verum
1260 3776 1451 3848 Redemptoris
1472 3787 1558 3834 morte
1576 3786 1738 3850 comparata

97 3871 176 3926 illins
188 3871 373 3941 intelligatur?
387 3867 441 3926 Sed
458 3869 492 3925 ad
504 3868 569 3940 quid
581 3876 670 3940 patet,
687 3869 709 3924 si
725 3869 829 3924 intrare
838 3882 894 3924 non
945 3870 1066 3942 dignitas
1081 3871 1152 3926 vitae.
1167 3869 1261 3943 Neque
1277 3870 1350 3926 enim
1372 3869 1443 3928 Deus
1456 3871 1573 3929 intuitus
1587 3871 1736 3943 providen-

96 3964 185 4019 licet?
199 3963 299 4034 siquis
313 3963 632 4034 baptizaturetpropter
646 3968 801 4016 anteactam
815 3959 895 4015 loedi-
944 3961 1011 4015 tiam
1033 3975 1110 4015 suam
1126 3960 1226 4015 coelum
1249 3960 1351 4016 claudit
1375 3968 1422 4016 aut
1450 3962 1547 4032 aperit,
1577 3961 1626 4018 sed
1651 3962 1737 4018 vitam

96 4065 206 4120 tatcrn,
231 4055 322 4136 quoad
344 4054 560 4128 poenitentialem
582 4053 757 4124 compleverit
785 4049 895 4108 satisfa-
944 4060 1079 4108 nostram.
1096 4050 1189 4122 Neque
1208 4053 1273 4106 dum
1297 4053 1350 4108 boc
1366 4051 1440 4119 facit,
1460 4053 1551 4109 futura
1572 4054 1738 4125 contempla·

97 4149 244 4212 ctionem,
267 4148 303 4202 ab
317 4148 445 4219 ingressu
458 4145 522 4202 coeli
542 4145 691 4211 detinetur,
705 4160 797 4201 nonne
809 4144 835 4200 ei
852 4144 896 4213 ia·
945 4151 1000 4211 tur,
1018 4145 1066 4202 sed
1080 4145 1240 4216 praesentia;
1259 4161 1348 4216 neque
1370 4146 1443 4202 enim
1464 4145 1491 4200 id
1518 4146 1600 4202 modo
1619 4148 1737 4203 attendi-

97 4257 160 4296 nua
176 4248 221 4298 cst
234 4242 329 4297 clausa
343 4241 409 4297 dum
426 4247 537 4296 arcetur
549 4239 586 4294 ab
599 4240 648 4295 eal
661 4238 735 4310 quod
758 4237 781 4294 si
795 4237 897 4292 virtuto
946 4253 1009 4293 mus
1033 4235 1100 4307 quid
1121 4237 1155 4293 de
1178 4238 1293 4310 singulis
1318 4237 1487 4309 providentia
1507 4243 1616 4304 sentiat,
1640 4254 1742 4294 verum

97 4335 235 4406 baptismi
250 4334 343 4390 statim
358 4332 617 4390 coelosintrocuntii
630 4331 679 4403 qui
694 4329 777 4403 paulo
790 4335 855 4384 aute
867 4331 896 4384 in
945 4327 1012 4398 quid
1033 4327 1168 4382 sententia
1181 4317 1249 4392 Dei,
1259 4328 1356 4383 merita
1373 4333 1577 4394 aenatorum,
1597 4343 1692 4384 verum
1706 4335 1738 4383 ut

97 4441 190 4484 earne
217 4432 465 4482 commemorantes
487 4423 692 4496 flagitiosissimi
712 4422 895 4484 exstiterunt,
947 4424 1012 4476 suut
1025 4419 1187 4486 discutiens,
1207 4419 1242 4475 dc
1259 4435 1437 4492 unoquoque
1457 4419 1605 4476 discernat.
1627 4419 1694 4474 Nam
1713 4422 1738 4476 si

97 4519 245 4588 quomodo
257 4517 362 4572 nullum
376 4525 519 4588 peccatum
540 4515 704 4587 impunitum
714 4513 726 4567 f
738 4512 809 4569 Audi
823 4510 897 4583 Apo-
913 4523 934 4578 1)
949 4513 1146 4583 providentiam
1160 4521 1277 4584 spectas,
1293 4528 1354 4583 quoe
1370 4513 1473 4569 exitum
1485 4514 1524 4570 rei
1536 4513 1655 4578 metitur,
1667 4513 1738 4569 inter

98 4609 208 4665 stolum
218 4629 225 4664 ε
235 4607 299 4664 Sine
310 4608 463 4677 penitentie
477 4608 547 4662 enim
556 4615 617 4662 annt
629 4603 896 4677 aonabnqtomm,
949 4605 1101 4676 baptizatos
1112 4606 1191 4676 pauci
1207 4611 1281 4670 sunt,
1294 4605 1394 4676 quibus
1406 4605 1469 4662 cosli
1480 4605 1566 4676 aperti
1582 4612 1655 4661 sunt.
1669 4605 1739 4661 Sen-

96 4701 162 4774 29).
180 4699 260 4768 Quod
273 4700 414 4771 expositor
427 4702 465 4755 ita
484 4700 612 4772 explanat
623 4696 722 4771 latai:
744 4696 836 4753 Gratia
850 4696 898 4752 bet
922 4683 926 4692 ’
947 4698 1062 4753 tentiam
1079 4712 1144 4768 ergo
1160 4697 1363 4768 contempleris,
1388 4711 1449 4768 qum
1470 4711 1580 4752 omnem
1601 4697 1738 4768 baptisma

97 4795 130 4849 in
147 4794 314 4863 baptismate
327 4809 384 4849 non
398 4793 512 4864 requirit
536 4792 666 4865 gemitum
685 4791 728 4846 vel
741 4791 896 4862 planctum,
949 4792 1001 4846 rite
1019 4791 1360 4862 suscipientem‚quoniam
1371 4790 1399 4844 in
1410 4789 1656 4862 praesentidignum
1667 4790 1739 4846 coelo

96 4886 148 4942 vel
163 4899 234 4956 opus
245 4883 374 4955 aliquod,
389 4883 443 4940 nisi
456 4883 545 4939 solum
557 4881 637 4939 fidem
647 4923 656 4948 ,
666 4888 695 4939 et
706 4881 799 4936 omnia
812 4878 899 4952 gratis
949 4883 1115 4948 considerat,
1132 4883 1202 4944 coelo
1216 4883 1371 4953 adjudicat3
1388 4884 1507 4955 alioquin
1518 4898 1587 4955 quos
1597 4883 1740 4955 providen-

97 4976 256 5032 condonat.
268 4974 420 5046 bonaergo
435 4973 499 5040 bel,
521 4975 550 5030 id
568 4983 611 5031 est
627 4972 754 5030 remissio
772 4978 900 5044 peccato-
951 4977 988 5031 tia
1003 4975 1189 5032 excludendos
1204 4975 1319 5046 judicat,
1347 4977 1371 5031 si
1388 4990 1440 5032 nec
1455 4978 1590 5032 sententia
1603 4973 1652 5030 llei
1676 4973 1739 5029 licet

99 5083 168 5125 rum
183 5068 213 5122 in
232 5068 369 5139 baptismo
388 5067 471 5135 facta,
488 5082 544 5122 non
557 5066 673 5138 requirit
692 5064 898 5138 poenitentiam,
951 5068 1061 5122 lavacro
1081 5065 1277 5132 sanctificatos,
1298 5065 1428 5136 quoniam
1447 5071 1533 5122 restat
1557 5063 1645 5118 adhuc
1661 5063 1740 5118 satis-

97 5157 130 5214 ιιι
145 5165 192 5214 est
210 5158 397 5228 purgatoriam
417 5172 527 5227 poenam
546 5164 608 5228 post
631 5155 831 5211 remissionem.
852 5151 900 5207 Nl·
952 5159 1046 5224 lactio,
1058 5158 1154 5230 dignos
1163 5159 1207 5214 vel
1220 5157 1249 5212 in
1262 5157 1399 5228 baptismo
1410 5157 1489 5212 coelis
1503 5161 1591 5227 putat,
1602 5152 1744 5225 quomodo.

97 5251 209 5306 mirum
231 5265 281 5306 cor
293 5250 444 5304 contritum
460 5249 534 5320 quod
555 5249 692 5318 baplisma
709 5245 856 5318 prevenit,
873 5249 900 5300 el
950 5252 1054 5307 talibus
1066 5251 1166 5306 coelum
1181 5250 1312 5320 aperitur,
1329 5249 1376 5318 qui
1390 5262 1441 5303 nec
1455 5246 1537 5301 modo
1548 5251 1652 5300 intrare
1664 5241 1741 5314 digni

97 5340 281 5398 humiliatum
295 5341 370 5414 quod
385 5340 738 5396 sacramenltiobtdlenfem
753 5337 899 5402 submittit,
952 5351 1028 5411 sont,
1041 5359 1093 5400 nec
1106 5357 1228 5414 unquam
1242 5346 1333 5397 erunt.
1348 5337 1416 5394 Nam
1430 5338 1465 5394 de
1474 5338 1528 5395 illis
1541 5336 1623 5392 modo
1633 5335 1740 5404 agimus

96 5434 141 5491 aaa
155 5449 237 5490 rervm
254 5440 370 5504 purgat,
385 5438 416 5487 ut
434 5447 485 5504 nro
504 5447 586 5503 rona
599 5429 724 5487 sufficiat·
736 5428 901 5499 lautianm
951 5437 999 5508 qur
1015 5449 1064 5507 per
1077 5435 1214 5506 caprum
1230 5431 1295 5488 noui
1309 5429 1388 5495 aunt,
1411 5429 1459 5486 set
1481 5429 1535 5484 ciro
1549 5427 1583 5482 ad
1606 5433 1740 5482 vomitum

97 5527 194 5584 neum
209 5537 254 5584 est
267 5527 445 5598 compunctio
460 5542 524 5584 cum
539 5527 691 5582 bumilitate
710 5541 759 5596 per
771 5523 901 5580 obedien·
951 5527 1078 5585 redeunt.
1103 5526 1174 5582 Num
1190 5526 1251 5582 ideo
1266 5524 1328 5580 coeli
1352 5523 1439 5596 aperti
1467 5527 1640 5584 asseruntur,
1665 5516 1742 5588 quod

94 5622 185 5680 tiam.
202 5617 324 5691 Spiritrrs
334 5637 400 5693 crgo
410 5629 523 5679 sanetus
537 5635 621 5691 super
632 5620 846 5677 catechumenos
856 5617 902 5673 de-
951 5633 1013 5675 eam
1027 5621 1060 5674 iu
1073 5617 1221 5692 baptismo,
1236 5617 1275 5673 illi
1293 5615 1341 5688 qui
1361 5623 1424 5671 ante
1441 5614 1573 5671 scelerate
1595 5611 1739 5673 vixerant;

93 5715 230 5780 scendit,
247 5723 275 5770 et
291 5713 430 5771 condonat
444 5713 554 5787 culpam
575 5713 661 5786 (ιιι).
678 5711 745 5769 ltem
760 5711 901 5784 superba·
951 5711 1069 5783 gradam
1089 5717 1309 5782 consequantur,
1336 5721 1417 5779 quam
1441 5708 1464 5766 si
1489 5706 1521 5764 ad
1545 5703 1627 5790 linem
1653 5715 1742 5773 usque

138 5806 219 5881 (250)
239 5806 269 5864 ln
281 5806 389 5866 Glossa.
990 5804 1063 5880 (tto)
1084 5805 1153 5863 Vide
1172 5813 1252 5862 notas
1266 5805 1300 5862 ad
1314 5819 1375 5874 cap.
1387 5803 1432 5866 lb.
