3967 6334
94 361 171 424 {373
816 371 1006 431 EPfSTOLAE.
1664 383 1732 441 tall

93 479 200 539 Verum
210 481 274 553 quia
287 496 371 538 catrsa
389 479 517 538 Ecclesiae
530 497 613 539 causa
629 483 677 542 Dei
690 491 742 550 est,
766 483 847 544 Petro
861 497 889 546 et
902 497 926 556 Α
939 490 1127 547 misericordia
1142 489 1190 547 liei
1204 489 1339 556 effecerit,
1356 491 1397 548 eis
1411 507 1475 548 vera
1487 507 1555 562 pace
1569 491 1730 566 jungentur.

92 571 171 630 Petri
188 573 291 630 vicario
310 589 359 644 per
376 574 487 630 Petrum
501 575 665 642 cornmissa,
682 577 845 636 collidimus
860 581 888 638 iu
1185 619 1354 678 fflswm
1372 620 1487 679 mm

94 663 215 721 Dourino
234 662 300 720 lesu
314 665 379 738 quia
394 666 452 738 ipsc
463 666 510 738 qui
526 667 610 739 coepit
619 667 759 739 perficiet,
773 685 825 728 nec
839 686 888 743 po-
1140 730 1248 772 mum
1264 730 1343 772 mn
1360 731 1392 770 w
1408 730 1542 772 summ

91 762 190 814 terunt
204 757 255 813 viri
266 757 416 862 offensores
428 757 476 815 Ilei
489 765 516 815 et
531 761 574 816 sui
590 758 742 862 proditores
757 762 889 820 adversus
939 805 1054 862 uuum
1068 815 1098 862 m
1118 823 1159 862 m
1175 805 1314 877 &finam
1327 807 1360 863 de
1374 808 1452 863 MS
1477 808 1523 879 w.
1535 809 1563 862 in
1574 805 1679 865 omme
1693 824 1728 864 w

91 853 255 922 religionem
270 866 296 905 tn
310 850 387 906 curia
398 851 507 922 capitali
518 852 658 923 religionis
669 853 824 922 praevalere.
836 853 888 922 Qui
973 877 1107 942 mamm,
1121 886 1147 932 θ,
1159 876 1338 933 mgnum
1365 847 1496 950 p,09,{,g,
1511 878 1629 950 ,gesm-
1644 896 1729 936 mg„

90 956 179 1010 (gevam
199 939 346 996 indiscrete
366 950 393 996 et
408 941 588 998 irreverenter
607 953 703 998 contra
722 950 887 1014 pracceptum
974 950 999 1002 ri
1009 958 1091 1003 caret.
1110 955 1121 984 t

91 1042 219 1088 vestrum
234 1047 264 1091 se
279 1032 435 1100 habuerint,
451 1040 549 1090 vestrae
560 1033 719 1104 paternitati
733 1034 888 1106 significare
976 1037 1130 1097 Looovrcus
1157 1038 1204 1094 Ilei
1231 1038 1320 1110 gratia
1350 1054 1400 1094 rex
1428 1037 1597 1095 Francorum
1624 1049 1652 1098 et
1674 1043 1728 1098 durs

90 1123 209 1196 dignum
224 1123 361 1180 duximus.
375 1122 532 1182 Thesauros
544 1142 613 1197 quos
628 1125 707 1182 uobis
719 1127 887 1198 praecepistis
937 1129 1146 1201 hquitanorum,
1157 1128 1375 1186 Suossrueadem
1385 1129 1472 1201 gratia
1484 1131 1629 1187 venerabili
1637 1132 1728 1188 abbati

91 1215 239 1285 assignare
253 1213 344 1270 abbati
358 1221 385 1270 et
399 1215 540 1270 canonicis
560 1215 748 1287 regularibus,
760 1217 888 1274 audiente
939 1221 1032 1278 Sancti
1045 1222 1177 1295 Dionysii.
1193 1221 1309 1278 salutem
1323 1229 1351 1276 ct
1363 1221 1489 1293 gratiam.

91 1305 304 1376 archiepiscopo
318 1303 445 1362 flemeusi
461 1305 658 1378 (samsone)‚et
668 1307 797 1379 episcopo
808 1305 888 1364 Sues·
974 1314 1063 1387 snper
1075 1314 1226 1388 Roginaldo
1239 1312 1274 1370 de
1295 1313 1371 1370 liulis
1383 1355 1391 1380 ,
1404 1315 1452 1386 qui
1467 1314 1609 1370 nobiscum
1628 1314 1662 1369 ad
1679 1314 1727 1370 [lei

91 1399 221 1454 sionensi
237 1396 389 1471 (Geticae),
408 1405 436 1455 ct
450 1399 512 1456 aliis
526 1400 736 1470 quamplurimis
751 1400 886 1473 religiosis
937 1408 1079 1464 servitium
1089 1417 1116 1463 et
1129 1414 1255 1463 nostrum
1271 1407 1454 1478 peragendum
1469 1408 1496 1462 in
1511 1405 1630 1464 Orientis
1646 1409 1730 1478 parti·

91 1490 234 1562 personis,
249 1506 283 1546 er
299 1497 481 1561 paraeneses
501 1491 678 1547 ostendentes
697 1492 887 1563 litteras'prae-
936 1499 989 1554 bus
1002 1497 1142 1561 remansit,
1153 1496 1231 1552 nobis
1245 1496 1405 1552 nevidunus
1416 1505 1551 1568 quatenus
1565 1503 1644 1552 terre
1658 1513 1725 1559 suae.

91 1583 230 1652 ceptiouis
245 1589 343 1638 vestroe
353 1585 503 1654 exegimus.
520 1582 571 1650 Qui
591 1582 736 1654 iniquitate
759 1583 883 1646 involuti,
936 1605 1018 1660 quam
1032 1587 1162 1645 defuneto
1176 1585 1260 1643 tratre
1275 1603 1326 1643 suo
1341 1585 1466 1644 liquasse,
1480 1588 1536 1660 (u)
1555 1588 1618 1657 jure
1641 1589 1726 1659 pagg.

92 1675 217 1746 nequitia
237 1676 380 1738 excecati,
405 1691 456 1731 nec
477 1677 622 1732 thesauros
638 1675 730 1731 furtim
751 1677 883 1740 sublatos,
935 1681 1021 1737 monii
1035 1679 1159 1736 obtinere
1173 1678 1299 1741 debct‚et
1313 1679 1603 1736 bominibusomnibus
1617 1679 1651 1736 nd
1662 1695 1725 1735 eum

91 1765 222 1821 videlicet
240 1765 446 1837 quatuordecim
463 1781 570 1823 marcas
586 1766 666 1832 auri,
696 1774 726 1822 ut
741 1767 828 1830 aiunt,
851 1766 885 1822 de
936 1771 1135 1843 pertinentibus
1148 1778 1279 1843 tanquam
1294 1772 1397 1827 nostris
1415 1771 1534 1842 propriis
1548 1771 1725 1842 providentiae

94 1857 196 1913 feretro
210 1865 312 1914 sanctae
325 1855 482 1926 Genovelar,
498 1874 548 1916 nec
559 1859 688 1931 reliquias
701 1859 834 1930 ejusdem,
845 1860 886 1914 vi·
902 1856 1031 1917 Bcuram
1045 1859 1208 1928 adhibeatis,
1224 1867 1251 1916 et
1265 1859 1288 1916 si
1302 1859 1365 1930 quis
1379 1875 1427 1915 eos
1442 1861 1469 1914 in
1482 1859 1574 1930 aliquo
1593 1859 1726 1916 infestare

91 1950 193 2006 delicet
204 1951 325 2007 casulam
341 1951 428 2006 sancti
443 1948 531 2017 Petri,
547 1963 596 2024 pro
614 1965 669 2023 quo
682 1967 730 2008 eos
746 1952 819 2023 regia
832 1967 882 2023 po·
932 1953 1067 2021 voluerit,
1081 1968 1131 2009 vos
1146 1968 1196 2024 pro
1210 1968 1291 2025 posse
1305 1959 1397 2008 restro
1410 1960 1531 2007 vestrum
1552 1951 1606 2008 illis
1623 1952 1725 2022 imper-

91 2049 205 2109 testate,
220 2042 272 2098 nisi
299 2043 339 2099 eis
356 2058 405 2114 pro
421 2043 572 2100 reverentia
596 2050 694 2099 vcslrae
712 2043 882 2100 celsitudinis
933 2045 1039 2101 tiamini
1062 2046 1203 2100 auxilium.
1228 2043 1316 2116 Super
1339 2043 1464 2116 lirogoue
1487 2043 1521 2101 dc
1543 2043 1652 2108 blunci,
1675 2045 1725 2116 qui

90 2145 413 2207 qmrceremus,tanquam
422 2134 679 2209 furesanlraptores
687 2138 879 2204 tenuissemus,
932 2148 1060 2193 mortuus
1074 2143 1134 2202 est,
1150 2135 1278 2193 similiter
1291 2135 1369 2192 vobis
1384 2136 1562 2200 mandamus,
1587 2142 1724 2206 quatenus

92 2228 257 2284 nullomodo
269 2227 381 2286 reddere
391 2229 601 2286 voluerunt.fiis
614 2229 882 2302 igiturethuJ'usmo-
932 2227 1118 2284 hereditatem
1131 2243 1210 2284 suam
1225 2235 1354 2298 tanquam
1369 2235 1492 2283 nostram
1516 2228 1673 2300 propriam,
1689 2229 1725 2285 ad

91 2320 123 2375 di
138 2319 245 2390 injuriis
260 2319 315 2376 ileo
335 2329 363 2376 et
378 2322 481 2378 sanctis
501 2323 561 2392 cius
583 2331 610 2377 ct
630 2321 787 2394 apostolicae
804 2337 882 2379 rere-
932 2327 1056 2378 nostram
1067 2320 1200 2392 siquidem
1211 2319 1483 2383 utilitatemservari
1491 2319 1609 2376 faciatis.
1619 2318 1722 2378 Valete.

91 2412 189 2468 rentiae
195 2412 372 2484 derogantes,
384 2429 432 2484 pro
439 2421 606 2486 contemptu,
620 2429 671 2486 pro
685 2413 880 2477 inobedientia,
1188 2433 1358 2492 gpgspogg
1375 2432 1472 2491 mg,

90 2519 145 2574 pro
155 2503 298 2576 sacrilegio
307 2504 336 2560 in
349 2504 480 2561 ultionem
491 2505 704 2562 ecclesiasticam
716 2505 881 2574 decidentes,
1052 2543 1161 2585 mm
1180 2543 1295 2587 mm
1311 2543 1390 2587 πω,
1410 2545 1443 2584 ,g
1462 2543 1607 2585 summ

90 2611 174 2666 qvem
196 2605 357 2652 meruerunt
374 2611 407 2652 er
429 2597 642 2669 rigorejustiliae
661 2599 784 2668 recipcre
802 2598 882 2654 talie-
933 2619 1072 2692 fimum
1092 2623 1120 2676 g„
1139 2622 1289 2691 mmmm
1308 2620 1502 2687 gavamm,
1524 2628 1599 2689 ,Μαι
1614 2617 1724 2674 praefig,

91 2701 167 2750 nean,
182 2701 231 2742 eos
246 2687 274 2742 in
295 2690 420 2758 proximo
442 2687 559 2752 sentire,
575 2687 734 2760 suppliciter
751 2687 883 2760 efllugila·
1259 2692 1384 2764 eligatur.

91 2793 165 2832 rrrrrs.
180 2775 245 2832 illuc
259 2778 332 2833 euim
345 2777 529 2849 superbiendo
542 2778 734 2842 ascenderunt,
750 2780 821 2835 uude
834 2795 882 2837 eos
966 2783 1166 2840 Amantissimo
1176 2782 1252 2840 Patri
1265 2792 1293 2840 et
1307 2784 1421 2841 domino
1434 2781 1555 2839 Socrate
1574 2781 1622 2838 Ilei
1637 2781 1726 2853 gratia

88 2868 279 2938 iustoiudicio
290 2877 475 2940 prosternere,
488 2878 516 2926 et
529 2885 623 2928 servos
635 2869 683 2927 Dei
697 2871 724 2925 in
736 2887 803 2943 paee
816 2887 883 2928 con·
933 2876 1025 2933 abbati
1051 2876 1145 2932 Sancti
1170 2876 1303 2950 Dionysii,
1324 2876 1462 2934 Hernicus
1484 2875 1613 2947 indignus
1630 2889 1725 2930 mona·

92 2975 204 3016 servare
218 2959 347 3017 facillime
360 2962 485 3032 potestis.
504 2960 610 3033 Saepius
632 2963 705 3019 enim
721 2964 807 3020 mulla
820 2979 884 3019 con·
932 2968 1002 3024 chus
1015 2968 1232 3026 clarevallensis
1245 2977 1374 3026 aeternam
1388 2971 1418 3025 in
1428 2969 1539 3026 Christo
1552 2968 1678 3025 salutem.

90 3053 174 3116 vicia,
190 3053 279 3108 minas
292 3053 429 3110 terribiles
439 3054 479 3110 eis
494 3054 654 3121 intulerant,
662 3055 806 3128 garciones
818 3072 882 3116 suos
968 3057 1109 3116 Molestum
1122 3059 1187 3116 mibi
1202 3060 1333 3132 estquod
1348 3062 1495 3118 occasione
1507 3060 1560 3117 mei
1577 3059 1724 3116 belvacen·

91 3145 216 3200 camdem
234 3145 342 3202 Sanctae
357 3145 500 3202 Genovefae
510 3147 654 3204 ecclesiam
671 3156 754 3205 noctu
768 3149 882 3216 intrare,
934 3150 973 3206 sis
985 3147 1117 3220 fatigatur
1129 3147 1262 3205 Ecclesia.
1280 3149 1357 3206 llnde
1366 3157 1394 3206 et
1403 3151 1438 3205 ab
1453 3151 1532 3205 initio
1545 3148 1725 3206 denuntiave-

91 3247 120 3294 et
136 3239 203 3294 ostia
218 3256 312 3298 corum
326 3240 414 3314 frangi
425 3241 556 3306 fecerant,
566 3244 816 3302 contraeanonices
826 3241 883 3300 ifa-
932 3255 992 3296 ram
1006 3240 1116 3298 clericis
1132 3257 1167 3296 ne
1183 3241 1307 3298 inutilem
1326 3242 1448 3298 faborem
1470 3250 1662 3306 assumerent,
1677 3251 1727 3299 aut

91 3333 196 3388 latrinas
212 3333 372 3405 incipientes
388 3335 559 3390 conclamare
575 3349 609 3390 nc
624 3335 692 3390 ulter
707 3336 822 3390 alterum
833 3351 882 3391 au·
932 3331 1084 3390 Ecclesiam
1096 3335 1183 3406 ipsam
1197 3335 1329 3390 damnosa
1340 3335 1471 3390 dilatione
1485 3341 1641 3405 gravarent.
1664 3333 1725 3390 Uti·

91 3427 165 3482 diret
188 3428 352 3499 impulerant
364 3468 371 3492 ,
383 3427 469 3484 detrec
483 3444 534 3484 nos
555 3443 637 3498 super
659 3428 702 3486 his
725 3428 834 3499 iniuriis
848 3428 883 3484 ab
932 3441 996 3480 nam
1013 3435 1104 3481 autem
1114 3426 1157 3482 rel
1173 3441 1246 3481 nunc
1262 3426 1321 3498 ipsa
1334 3427 1443 3483 vexatio
1453 3427 1494 3482 eis
1509 3424 1616 3482 dederit
1629 3427 1723 3483 consi·

91 3521 195 3578 eisdem
210 3523 350 3579 canonicis
368 3523 539 3594 regularibus
555 3523 642 3578 vocali
665 3522 729 3577 illuc
745 3522 882 3578 accelera·
932 3518 999 3572 lium
1014 3518 1058 3573 vel
1068 3518 1236 3574 intellectum
1250 3527 1296 3585 ut,
1310 3518 1385 3574 omni
1404 3519 1579 3574 frustratoria
1593 3519 1726 3578 dilatione

91 3613 194 3678 viruus,
209 3615 351 3670 oculorum
368 3614 578 3670 excaecationem
592 3622 620 3670 et
633 3615 817 3670 membrorum
834 3613 882 3670 de·
930 3607 1195 3681 praecisa,Eccfesim
1205 3609 1308 3666 Christi
1320 3611 1464 3682 providere
1476 3609 1618 3676 festinent,
1629 3627 1723 3684 perso·

90 3704 293 3760 truncationem
308 3703 480 3760 helluonibus
495 3703 662 3774 hujusmodi,
674 3704 773 3775 siquid
793 3704 883 3761 simile
932 3717 995 3758 nam
1007 3703 1087 3758 aliam
1103 3701 1229 3758 idoneam
1241 3708 1318 3758 tanto
1329 3703 1483 3759 ministerio
1492 3704 1633 3776 eligentes!
1644 3705 1724 3772 erod

91 3796 223 3868 deinceps
234 3798 444 3862 committerent,
458 3798 616 3853 terribiliter
630 3797 816 3869 promisimus,
826 3813 882 3852 ser·
931 3803 962 3850 ut
976 3795 1101 3852 celeriter
1115 3796 1173 3851 lieri
1185 3795 1314 3866 iubentis,
1330 3803 1357 3851 et
1368 3794 1497 3866 deinceps
1514 3787 1634 3853 inaniter
1649 3797 1727 3851 iabo-

90 3888 200 3943 vientes
208 3886 242 3943 de
252 3894 342 3952 nocte,
357 3887 379 3944 si
387 3889 433 3958 qui
449 3888 677 3959 interciperentur
690 3889 786 3945 erebro
797 3898 883 3944 trans·
931 3901 1013 3949 rare.
1030 3886 1053 3941 si
1069 3884 1097 3941 id
1112 3885 1227 3941 forsitan
1246 3893 1353 3942 tentare
1364 3888 1511 3952 voluerint,
1528 3887 1641 3942 omnino
1661 3903 1726 3958 pro·

91 3980 229 4042 misimus,
249 3987 277 4036 et
291 3979 331 4034 sic
345 3995 394 4051 per
410 3979 457 4036 bei
475 3982 591 4051 gratiam
611 3981 669 4037 zelo
686 3979 844 4036 obedientia.
855 3987 882 4036 et
932 3975 1061 4040 bibeatis,
1077 3976 1204 4032 dilectam
1220 3977 1286 4032 nrilri
1305 3978 1332 4033 iu
1347 3977 1457 4034 Christo
1474 3979 1663 4050 paternitatem
1676 3995 1724 4034 re·

93 4073 174 4143 rcgiae
194 4071 465 4142 majestatisterrore
483 4075 575 4129 cosin
593 4088 659 4143 pace
681 4081 810 4144 tanquam
834 4072 882 4126 [ici
932 4079 1018 4125 strant
1033 4069 1161 4125 obnixius
1174 4077 1201 4124 et
1211 4068 1389 4126 affectuosius
1402 4086 1479 4141 rogo.
1497 4069 1555 4126 ffoc
1564 4071 1636 4126 enim
1648 4069 1726 4126 indu-

90 4164 193 4220 excelsi
218 4179 313 4220 servos
335 4164 515 4220 libentissime
535 4164 728 4229 confovemus,
740 4172 767 4220 et
783 4165 810 4220 in
830 4163 882 4219 boc
933 4159 1052 4216 bitanter
1065 4176 1116 4217 vos
1128 4161 1239 4219 credere
1253 4162 1325 4228 volo,
1343 4163 1407 4232 quia
1421 4170 1526 4233 quanto
1539 4163 1658 4233 amplius
1677 4179 1725 4220 su·

92 4257 153 4311 seio
164 4254 211 4311 fici
227 4271 259 4312 ac
270 4261 379 4316 bant-tas
401 4257 541 4328 religionis
555 4271 648 4312 amore
668 4257 789 4327 quandiu
803 4257 882 4314 vobis
933 4267 982 4324 per
995 4253 1048 4308 hoc
1062 4252 1164 4308 laboris
1179 4262 1381 4320 assumeretur,
1395 4263 1473 4311 tauto
1486 4255 1603 4325 amplius
1616 4256 1725 4313 amitte·

92 4349 227 4420 p'acuerit
239 4353 396 4404 constanter
406 4349 652 4418 perseveravimus.
667 4345 765 4403 Verum
777 4354 881 4403 tantum
934 4352 1020 4401 retur.
1037 4344 1132 4401 latete
1146 4345 1174 4400 in
1185 4344 1301 4400 Dotuino
1316 4361 1424 4418 semper

92 4441 206 4504 bonum,
222 4454 276 4509 quo
286 4439 394 4494 laetatur
407 4437 527 4494 Ecclesia
543 4436 607 4504 liei,
621 4453 675 4510 quo
691 4437 882 4510 praedicabitur
1221 4456 1388 4514 gppgpogp
1407 4455 1429 4510 L

92 4535 183 4589 sancti
197 4532 367 4603 apostolatus
384 4531 468 4588 vestri
483 4547 569 4601 usque
590 4532 618 4586 in
637 4531 716 4586 fruens
732 4531 822 4586 sarculi
840 4530 879 4584 fa·
1034 4565 1160 4606 mm,
1181 4566 1258 4607 m„
1276 4567 1310 4606 M,
1329 4565 1463 4606 summ
1482 4564 1516 4602 Π
1537 4564 1628 4605 Μῦς,
1727 4549 1730 4554 ·

92 4641 171 4680 mosa
182 4625 341 4691 beatitudo,
358 4625 449 4680 taliter
464 4622 575 4694 pacifice
590 4631 618 4680 et
631 4623 722 4695 quiete
739 4622 880 4680 terminari
933 4641 1047 4698 pangat
1060 4653 1089 4698 ,η
1102 4643 1215 4714 mogi
1228 4655 1319 4699 ,mm
1334 4644 1470 4713 gemmam
1479 4660 1559 4714 qum„
1570 4655 1662 4699 mm„
1680 4662 1726 4700 u,

93 4717 208 4786 poterit,
225 4716 247 4773 si
264 4717 297 4772 iis
313 4717 447 4788 religiosis
461 4715 590 4781 chorum,
606 4716 776 4787 capitulum,
804 4715 880 4770 cfau-
970 4723 1075 4785 ceperat
1088 4730 1134 4777 per
1144 4713 1295 4769 Ebrardum
1308 4717 1462 4787 magistrum
1478 4715 1589 4786 Templi.

93 4816 218 4866 strrrmet
230 4807 403 4864 relectorium
418 4808 451 4863 ad
460 4809 694 4866 conservationem
709 4815 810 4863 satietas
820 4807 883 4864 reli·
967 4807 1121 4864 Luoovvcus
1143 4807 1191 4863 Ilei
1212 4809 1300 4879 gratia
1327 4806 1384 4863 fier
1412 4805 1583 4863 Francorum
1613 4815 1640 4864 et
1667 4808 1724 4864 dux

92 4900 184 4966 glanis
200 4901 278 4971 jtrxta
300 4900 422 4957 ordincrn
447 4903 534 4957 sancti
552 4899 672 4956 Victoris
687 4899 741 4954 iliis
763 4899 883 4956 exclusis
933 4899 1136 4971 aquitanicas.
1149 4898 1428 4974 [Siasourliiemensi
1440 4901 1658 4973 archiepiscopo,
1672 4899 1725 4954 So-

92 4991 239 5046 rlelibcrari
254 4989 383 5047 feceritis.
394 4989 431 5046 bc
442 4991 592 5047 redditibus
605 4990 685 5046 etiaru
700 4989 882 5045 exterioribus
933 5005 1015 5064 eloneo
1025 4989 1118 5046 Sancti
1132 4990 1253 5064 Dionysii
1268 4992 1358 5047 abbati
1369 4991 1563 5055 famosissimo,
1576 4989 1645 5047 cett.
1662 4989 1725 5063 [fia-

92 5090 119 5136 et
130 5089 264 5138 terrarum
279 5082 403 5138 custodia
419 5081 569 5139 cavendum
583 5082 647 5146 erit,
660 5095 694 5136 ne
707 5081 735 5135 in
757 5080 883 5136 manibus
934 5083 1032 5156 butaro]
1046 5083 1140 5139 comiti
1152 5083 1186 5140 de
1198 5083 1314 5147 Perona,
1329 5091 1448 5155 cognato
1470 5093 1497 5139 et
1513 5085 1602 5138 antico
1625 5091 1724 5140 nostro

92 5189 199 5241 enrrrm,
212 5174 276 5246 quia
286 5189 346 5230 cam
361 5175 472 5230 omnino
486 5173 674 5246 religiosorum
686 5173 750 5228 odio
759 5172 883 5228 destrue-
933 5173 1108 5238 charissimo,
1124 5176 1240 5232 salutem
1255 5182 1283 5230 et
1296 5175 1412 5246 gratiam
1424 5182 1559 5231 nostram.

93 5273 169 5326 relat.
193 5265 350 5322 dimittatis.
376 5264 490 5321 Constat
517 5265 589 5321 enim
618 5263 691 5336 quod
718 5264 883 5336 irregulares
968 5265 1241 5323 Dilectionitvcstrae
1267 5266 1429 5323 mandamus
1454 5271 1590 5336 quatenus
1609 5279 1642 5321 ea
1664 5281 1726 5335 qum

91 5359 264 5429 regularibus
288 5373 426 5428 nunquam
450 5357 503 5413 nisi
523 5357 549 5413 in
568 5372 650 5411 uranu
677 5357 740 5411 forti
765 5372 882 5413 consen·
933 5357 1074 5414 Ebrardus
1085 5359 1217 5430 magister
1233 5357 1338 5429 Templi
1356 5358 1435 5414 vobis
1444 5358 1629 5421 mandaverit,
1649 5365 1725 5413 certa

92 5452 172 5516 tient,
185 5466 272 5516 neque
287 5465 337 5521 pro
351 5455 459 5505 extorta
474 5457 647 5520 pcccatorum
662 5448 812 5519 voluptate,
827 5447 882 5504 nisi
933 5451 1057 5508 babeatis
1077 5451 1145 5524 (st).
1168 5449 1225 5507 Nos
1242 5448 1375 5522 siquidem
1389 5464 1452 5505 eum
1467 5450 1501 5505 ab
1524 5448 1670 5504 drutiocbia
1686 5448 1721 5505 ad

129 5583 186 5654 (54)
224 5581 364 5640 Mtsstssts
379 5581 413 5638 de
427 5580 503 5638 Bttltt
520 5595 565 5638 an.
582 5580 661 5644 1148,
674 5595 767 5636 mense
781 5578 883 5636 ianua·
933 5601 1041 5643 cessum
1057 5601 1072 5640 a
1089 5583 1118 5640 S.
1132 5583 1272 5656 Dionysio,
1288 5584 1368 5640 datus
1381 5591 1423 5640 est
1434 5584 1460 5639 ei
1475 5584 1568 5642 socius
1583 5582 1725 5639 flemensis

94 5656 153 5718 rin,
169 5664 294 5710 mortuus
308 5660 350 5709 est
365 5654 392 5708 in
403 5669 519 5709 ascensu
536 5660 670 5708 montanas
684 5651 834 5717 Laodices,
849 5668 883 5708 ex
934 5655 1167 5728 archiepiscopus.
1178 5655 1212 5710 Et
1223 5673 1258 5712 nc
1271 5655 1349 5710 vobis
1362 5655 1469 5712 duobus
1494 5655 1603 5711 deesset
1617 5654 1725 5726 gladius

94 5725 211 5794 epistola
226 5725 299 5796 regis
312 5723 453 5788 Ludovici,
470 5739 563 5794 surpta,
580 5723 630 5779 snb
641 5739 716 5779 nunt-
731 5721 774 5777 59·
935 5729 1087 5791 secularis,
1101 5728 1191 5798 inquit
1201 5725 1259 5783 Ode
1272 5726 1306 5783 de
1316 5725 1431 5798 fliogilo,
1441 5728 1540 5782 tertius
1550 5726 1724 5792 additusest.

132 5795 189 5866 ¹55}
226 5793 340 5866 Segerio
358 5795 408 5852 seli
433 5793 578 5850 commissa
596 5793 683 5849 fuerat
694 5793 721 5847 iu
746 5799 882 5848 conventu
935 5811 964 5855 ur
981 5797 1119 5856 lupicellus
1133 5798 1229 5869 triplex
1242 5797 1351 5854 difficile
1363 5805 1546 5872 rumperetur,

96 5864 252 5936 Statonensi
267 5865 468 5924 administratio
482 5866 575 5938 regum
592 5866 638 5921 sed
658 5872 719 5937 post
740 5864 812 5936 regis
825 5863 882 5920 dis-
