3967 6334
100 292 155 353 tta
575 295 844 358 statuttmuutt
862 303 954 361 blunt
971 305 1072 364 OCTO.
1088 337 1124 350 -·
1137 305 1202 368 htb.
1223 307 1256 366 V.
1280 262 1282 265 ·
1678 323 1730 384 tid

100 423 150 462 cro
163 409 335 480 perderetur,
345 411 509 468 omnimodis
522 413 686 484 baptizetur.
705 414 800 470 Sancti
809 416 885 490 (hil)
902 434 925 490 q
1234 419 1349 478 bertr
1364 422 1434 481 titt.

98 499 174 557 enim
189 501 262 556 haurd
273 500 399 573 judicant
413 501 550 569 iteratum,
565 505 638 576 qnod
649 506 791 576 ignoratur
800 518 888 580 patra·
1025 530 1080 586 gg,
1093 532 1233 600 ὤμω,
1244 533 1407 604 ῥαρῃδῃωδ,
1422 549 1446 594 e,
1460 538 1492 594 de
1506 542 1650 602 „morsm

99 601 171 648 tum.
188 589 218 649 Si
234 593 345 651 adultus
363 603 406 652 est
421 595 557 668 iidemque
575 597 669 662 habet,
688 597 755 654 nihii
776 601 890 670 periculi
1248 603 1423 676 baptizandis.

98 669 159 750 est,
169 685 193 740 si
209 702 264 741 uon
278 698 321 742 est
335 688 499 759 baptizatus,
515 688 582 744 dum
595 698 642 744 aut
657 686 799 746 domestici
814 708 891 747 men·
977 691 1184 750 Sacramentum
1208 711 1260 752 oric
1277 700 1345 755 solet
1363 702 1569 764 catechumenis
1589 724 1677 780 usque
1695 709 1732 771 ad

99 780 207 830 tiuntur
218 783 355 841 renatum,
373 786 419 833 aut
433 785 526 834 tacent
540 795 653 848 rerum;
668 796 731 836 nant
744 798 820 838 more
831 798 890 838 om·
941 785 1141 842 solemnitatem
1160 787 1280 853 differri,
1302 797 1331 844 ut
1349 806 1443 848 eoram
1458 797 1558 868 populo
1569 801 1729 872 recipiatur,

97 866 175 920 nium
190 883 220 923 sc
231 869 259 922 in
273 870 391 940 pueritia
410 871 577 942 baptizatum
599 867 697 930 credit.
711 866 777 929 item
792 874 826 929 ad
842 891 890 946 pa·
941 876 975 930 ad
995 878 1127 934 honorem
1144 878 1216 946 Deo,
1233 881 1267 936 ad
1281 886 1435 955 exemplum
1456 891 1592 958 proximo.
1615 893 1671 953 Nec
1688 903 1731 956 est

96 957 187 1016 trinos
195 960 313 1028 pertinet
321 968 349 1016 ct
362 977 412 1032 pro
421 965 515 1033 pueris
525 965 701 1035 respondere,
715 971 743 1020 et
754 967 889 1036 pactionis
940 969 1093 1038 periculosa
1118 972 1285 1040 exspectatio
1306 973 1350 1029 his
1374 978 1423 1047 qui
1445 980 1640 1042 catechizando
1660 987 1730 1058 justi

97 1064 147 1118 per
171 1052 378 1122 responsionem
399 1052 486 1109 ileum
511 1054 581 1110 inter
605 1064 633 1110 et
652 1055 790 1111 homiuem
817 1058 890 1113 initae
940 1067 1006 1114 suut
1020 1075 1052 1115 ex
1072 1060 1133 1116 ilde.
1150 1061 1251 1118 ilerum
1265 1066 1386 1136 paruulis
1402 1069 1504 1139 quibus
1524 1072 1588 1128 licet
1601 1079 1731 1136 cameliu-

96 1154 247 1210 sponsores
261 1157 332 1198 esse.
350 1141 428 1198 Unde
440 1144 592 1198 curandum
606 1151 649 1200 est
663 1144 703 1200 cis
714 1152 744 1198 ut
754 1146 827 1217 quod
842 1160 889 1217 pe·
939 1151 1029 1206 menis
1043 1152 1224 1209 nihilominus
1238 1155 1361 1224 gehenna
1377 1157 1533 1229 impendet,
1551 1163 1667 1222 nimium
1681 1184 1730 1241 pe-

97 1232 224 1303 pigerunt
238 1250 288 1305 pro
301 1236 435 1307 parvulis,
451 1237 576 1292 laborent
590 1237 648 1292 iteri
665 1237 692 1292 in
710 1237 820 1294 adultis.
832 1239 888 1295 Cur
939 1241 1059 1298 ricuiosa
1074 1257 1150 1298 mora
1168 1251 1221 1310 est,
1237 1260 1354 1316 quorum
1371 1249 1406 1305 de
1418 1251 1474 1306 rita
1489 1254 1625 1327 ambigere
1640 1259 1730 1318 inian-

95 1323 169 1376 enim
187 1330 235 1378 aut
249 1325 379 1381 sacerdos
398 1326 596 1396 interrogaret,
612 1334 659 1381 aut
673 1343 723 1398 pro
739 1344 823 1398 puero
839 1346 888 1400 pa·
939 1331 983 1388 tire
997 1349 1088 1390 comes
1098 1335 1214 1406 languor
1227 1339 1309 1409 cogit.
1324 1339 1400 1398 Unde
1410 1357 1458 1400 eos
1469 1349 1632 1415 quantocius
1640 1353 1730 1424 bapti-

94 1413 186 1470 trinus
199 1416 386 1487 responderet,
403 1432 433 1472 se
445 1417 557 1473 credere
574 1425 601 1472 et
619 1418 728 1475 diaholo
750 1421 888 1476 abrenun-
938 1428 996 1482 zari
1010 1427 1080 1499 apud
1092 1429 1284 1499 prudentiores
1295 1447 1354 1488 mos
1364 1442 1416 1491 cst.
1426 1435 1543 1508 llajores
1558 1450 1649 1499 autem
1661 1455 1727 1502 natu

93 1504 174 1572 tiare,
191 1508 246 1562 nisi
259 1510 323 1581 quia
337 1510 365 1564 id
381 1510 510 1566 sacerdos
525 1510 651 1582 requirit,
667 1510 748 1582 idque
761 1513 887 1583 patrinus
937 1517 1002 1573 iacti
1016 1519 1092 1590 prius
1107 1522 1313 1588 catechumeni,
1329 1531 1452 1597 tempore
1464 1545 1515 1586 suo
1531 1546 1729 1605 regenerantur

93 1603 233 1677 promittit
245 1605 319 1676 quod
335 1611 459 1675 tempore
484 1621 535 1660 suo
557 1621 625 1676 puer
647 1605 750 1672 credet,
773 1607 887 1678 uiasque
936 1609 1161 1667 abrenuntiantes
1178 1612 1287 1668 diabolo
1308 1613 1393 1689 (257).
1415 1617 1478 1676 idco
1499 1639 1618 1696 uanique
1635 1644 1728 1686 sacer-

93 1698 157 1753 tidci
173 1699 351 1753 inconcessas
365 1698 530 1753 declinabit?
557 1697 696 1752 insanum
713 1697 827 1754 enimet
841 1701 887 1756 ille
937 1699 1016 1758 dotes
1034 1703 1223 1775 interrogant,
1245 1714 1275 1760 ut
1297 1707 1348 1778 ipsi
1371 1711 1590 1772 abrenuntiando
1613 1735 1728 1795 respon-

91 1806 180 1862 puero
196 1791 264 1845 nihii
279 1787 442 1862 intelligenti
460 1806 615 1846 sermonem
630 1790 777 1861 dirigeret,
793 1787 1034 1861 etisteBdeant,
1060 1812 1110 1852 nec
1140 1799 1229 1853 solum
1259 1799 1406 1868 locutione,
1428 1822 1524 1862 rerum
1538 1811 1625 1868 marito
1639 1817 1728 1888 magis

92 1886 141 1954 qui
164 1882 286 1938 nondum
306 1879 368 1937 fidei
389 1896 474 1953 capax
495 1889 547 1948 est,
572 1880 677 1937 fidelem
698 1882 884 1954 responderet.
937 1887 1092 1956 uoluntate;
1108 1903 1170 1944 nam
1185 1891 1218 1945 ad
1235 1891 1261 1946 id
1270 1895 1376 1950 tendit:
1395 1893 1568 1971 interrogatio
1580 1902 1654 1960 honre
1664 1923 1727 1960 corr-

347 1994 426 2066 157
446 1993 560 2050 CAPUT
579 1993 638 2049 xx·
936 1979 1052 2034 scientio·
1063 1981 1091 2034 iu
1102 1979 1186 2034 Deum
1204 1980 1233 2054 (l
1244 1983 1316 2040 Petr.
1333 1999 1375 2052 ιιι,
1390 1986 1447 2060 ii).
1462 1987 1530 2046 Nam
1545 1994 1626 2050 siant
1640 1997 1727 2052 iorni·

937 2076 1055 2135 catores,
1072 2078 1118 2126 aut
1133 2072 1245 2139 ebriosi,
1263 2083 1310 2130 aut
1326 2079 1379 2133 alio
1393 2081 1490 2152 quovis
1505 2083 1532 2138 in
1547 2083 1648 2158 flagitio
1663 2106 1726 2161 pcr-

128 2197 203 2268 (ω)
218 2196 339 2254 patrinis
350 2213 416 2268 ergo
430 2197 559 2268 dirigitur
575 2211 677 2254 sermo·
698 2195 800 2252 verum
820 2198 886 2268 quja
936 2174 1061 2264 severare
1075 2163 1188 2266 malunt,
1206 2165 1309 2238 indigni
1325 2169 1434 2227 lauacro
1444 2171 1616 2233 refutantur:
1629 2195 1725 2250 quarn·

88 2305 141 2360 pm
154 2303 241 2360 puero
255 2289 301 2353 fit,
315 2289 353 2343 “a
366 2289 563 2359 pronuntiatur
582 2289 662 2360 quasi
683 2303 768 2360 puero
781 2288 886 2344 dicere·
936 2267 978 2308 us
995 2269 1068 2308 emm
1084 2255 1263 2311 admittantur
1280 2258 1409 2327 lavacro,
1426 2263 1607 2324 admittuntur
1621 2271 1727 2346 absque

88 2391 145 2437 tur.
167 2380 259 2448 Quare
273 2383 338 2438 dum
352 2396 368 2436 a
384 2365 546 2452 presbytero
560 2380 717 2451 hujusmodi
733 2380 885 2452 interroga·
935 2345 1095 2446 ⁰⁰¹¹ff¹¹¹⁰d⁰3
1111 2347 1211 2450 ‘impie
1231 2350 1285 2452 ³¹¹³}
1308 2351 1337 2406 ¹¹¹
1358 2354 1438 2456 ‘iiim
1459 2359 1558 2415 merim
1574 2359 1726 2435 defletam?

88 2475 129 2527 tio
140 2474 269 2527 auditur:
286 2472 368 2537 Puer,
380 2471 465 2527 credie
477 2474 505 2527 in
520 2472 624 2528 Deum?
635 2472 813 2528 dirruentim
824 2471 885 2526 dio·
935 2449 1034 2501 Μὴ
1058 2452 1128 2540 q¹f⁰‚⁵
1144 2445 1211 2494 *³¹⁰⁰
1228 2439 1363 2512 ⁰b¹¹5³⁸⁰⁸
1382 2445 1493 2500 'ndum‘
1512 2448 1724 2521 impoenitentia,

40 2573 47 2584 ,
86 2563 170 2620 bolo?
194 2563 247 2619 hoc
265 2563 390 2633 profecto
405 2563 566 2635 inmugimr
588 2583 594 2619 :
617 2563 743 2630 patrini,
759 2581 823 2618 num
836 2580 883 2634 m
933 2523 1175 2628 Ergo'percrprunt
1190 2539 1390 2634 sacramentum
1405 2550 1456 2590 nee
1469 2541 1622 2611 percipiunt
1636 2559 1726 2600 sacra·

86 2673 171 2726 puero
184 2656 327 2726 mandetis,
338 2655 409 2726 quod
423 2657 477 2710 aito
488 2656 581 2710 comite
592 2656 627 2711 rit
638 2653 743 2710 diodoto
756 2654 885 2709 obrenun-
934 2623 1019 2671 menn
1031 2617 1150 2724 sruf‘um
1163 2639 1169 2674 ²
1181 2631 1331 2726 Pffl'cfi‘oen‘
1342 2631 1432 2681 amem
1441 2642 1504 2686 ⁰⁰¹³
1518 2630 1622 2737 mima
1634 2645 1726 2695 ⁰¹⁰⁰st

87 2747 223 2802 ιὶιιιιτιιι.9
236 2746 408 2818 Augustinus
420 2752 513 2801 umen
523 2744 563 2800 ita
576 2748 786 2817 responsionem
797 2747 883 2816 patri·
933 2709 1061 2766 abscedet
1076 2721 1287 2818 ¹mpoe¹¹¹²f¹¹¹²¹³’
1302 2733 1443 2789 numium
1458 2727 1549 2779 ‘amen
1564 2734 1663 2784 ¹¹⁰i³²⁰
1678 2745 1725 2787 ⁸²·

86 2857 188 2897 ”orum
200 2844 313 2912 exponit
340 2861 349 2899 ι
373 2840 479 2906 ΜΟ,
496 2843 522 2897 id
550 2849 593 2898 est
613 2851 809 2897 ‘ammomum
826 2858 882 2898 m.
932 2810 1084 2860 eramento.
1104 2803 1172 2859 Nam
1189 2813 1261 2862 sicut
1274 2823 1368 2875 mors,
1384 2813 1541 2882 sepultura,
1557 2823 1724 2880 resurrectio

86 2931 166 2986 dormi
179 2934 302 3002 percipio.
321 2934 413 3000 Quare
429 2931 494 2987 dum
515 2932 596 2988 audis
617 2933 879 3003 interrogationem:
932 2892 1056 2961 Chnsfi'
1073 2912 1126 2952 ΗΜ
1144 2906 1201 2966 esu
1227 2916 1311 2956 unum
1334 2919 1444 3009 ‘lumine
1460 2910 1614 3015 585⁰.th
1634 2929 1724 2970 πεῖθ’

85 3023 169 3090 ΡΜ,
181 3024 266 3079 Μὴ
277 3025 305 3079 in
316 3023 421 3080 Deum?
436 3029 465 3079 a
474 3023 682 3095 responsionem
702 3043 708 3077 :
725 3021 829 3087 cmm
852 3023 880 3078 id
931 2997 1073 3090 mentum,
1090 2990 1162 3062 quod
1177 2991 1275 3048 harum
1290 3008 1383 3050 rorum
1402 3013 1430 3052 ur
1448 3002 1653 3062 similitudinem
1675 3023 1723 3062 su.

85 3113 212 3185 proiecto
225 3115 355 3186 intelligis
368 3133 374 3170 :
389 3113 507 3182 Potrici,
518 3130 630 3185 quorum
647 3114 729 3184 officio
737 3128 803 3182 puer
811 3129 880 3183 pre·
930 3088 1023 3134 mum*
1362 3179 1370 3188 .

83 3217 208 3263 tentatur
223 3208 296 3274 Deo,
311 3225 375 3264 num
387 3215 582 3264 sacromentum
597 3207 720 3262 credendi
733 3208 880 3278 percipiet?
1213 3175 1328 3232 CAPUT
1348 3177 1427 3239 xm

83 3301 228 3370 penw-
1011 3297 1641 3370 Detaptumoetconfirmatieoeaonitercudo.

122 3392 254 3466 sicergo
273 3393 453 3450 catechizatio
472 3393 678 3466 pernecessaria
698 3402 741 3450 est
761 3396 878 3466 magnis,
967 3389 1042 3464 (238)
1054 3390 1113 3447 lina
1124 3393 1225 3466 quippe
1236 3411 1311 3454 mors
1322 3397 1427 3456 Christi
1440 3415 1503 3456 cum
1517 3406 1672 3476 sepultura,
1688 3424 1721 3468 ae

82 3493 179 3555 potest
203 3501 313 3557 quoque
333 3486 430 3542 deesse
445 3486 583 3556 parvuli„
600 3485 638 3539 qa
652 3487 823 3557 mmmmm
837 3488 880 3543 os.
930 3485 1132 3540 resurreetione
1152 3486 1279 3544 similiter
1301 3506 1371 3558 una,
1393 3508 1478 3549 unum
1491 3510 1540 3566 per
1554 3497 1720 3569 baptismum

81 3579 160 3642 geio,
175 3592 231 3648 quo
241 3586 323 3650 egens
334 3580 420 3650 parvi,
437 3594 532 3636 carere
545 3586 662 3649 possunt
672 3581 774 3651 magni.
790 3578 880 3636 Parri-
928 3576 1003 3646 quod
1018 3575 1046 3630 in
1060 3576 1140 3632 uobis
1154 3578 1213 3647 ipsa
1225 3579 1360 3652 designat,
1372 3584 1454 3640 etiam
1469 3598 1599 3658 operatur
1612 3596 1721 3663 quoties

80 3673 130 3728 nis
146 3682 207 3743 eget
216 3671 332 3728 inlautia
341 3687 374 3727 ea
384 3686 480 3736 causa,
497 3680 527 3727 ut
539 3671 662 3742 plerique
676 3679 830 3738 autumant,
847 3680 878 3728 ut
930 3683 1022 3724 amore
1034 3668 1099 3723 mali
1108 3684 1163 3725 non
1170 3671 1313 3728 resistitur
1326 3678 1489 3746 operationi.
1505 3680 1574 3737 Cum
1585 3699 1650 3758 crgo
1665 3703 1720 3744 una

80 3765 227 3820 salvemur
241 3763 295 3820 ilde
311 3764 399 3820 aliena
410 3763 511 3834 quibus
530 3763 607 3819 deest
620 3763 741 3835 propria.
765 3762 879 3820 Prodest
931 3759 1012 3833 158
1025 3762 1084 3818 sola
1098 3771 1186 3820 morte
1200 3765 1303 3822 Christi
1326 3769 1465 3843 uniusque
1488 3774 1576 3832 solius
1599 3776 1720 3838 efficacia

80 3856 197 3927 quidem
211 3856 299 3912 „qm
315 3855 480 3928 fiqggpufflq
501 3874 507 3909 :
528 3857 630 3925 quippe
645 3854 705 3908 sine
718 3868 750 3909 ea
764 3868 820 3908 non
835 3853 878 3908 in·
927 3852 1110 3923 baptismatis,
1132 3857 1210 3912 renia
1229 3857 1279 3914 tibi
1304 3870 1403 3932 presto
1424 3871 1477 3931 est,
1502 3869 1720 3945 quotiescunque

79 3949 232 4003 duceretur
245 3953 428 4006 monumento.
456 3942 509 4000 Sed
532 3943 642 4000 tametsi
659 3943 751 4019 nullus
770 3943 879 3999 adesset
928 3944 1089 4016 punitentia
1099 3945 1172 4002 haud
1188 3949 1278 4019 abest;
1294 3951 1366 4008 sicut
1379 3968 1454 4012 mors
1464 3955 1567 4014 Christi
1577 3976 1719 4034 nunquam

79 4041 222 4111 patrinus,
243 4039 299 4095 imo
313 4039 406 4094 nullos
423 4037 536 4093 omuino
558 4036 629 4093 toret
654 4035 682 4090 in
706 4035 808 4090 mundo
829 4033 877 4106 qui
927 4037 1062 4108 repetitur
1079 4053 1130 4094 nec
1144 4041 1242 4098 mortis
1256 4043 1409 4102 similitudo
1422 4046 1580 4118 baptisma,
1597 4069 1717 4125 unquam

79 4133 219 4197 crederet,
234 4139 340 4187 tantum
353 4131 396 4187 rel
412 4129 613 4202 paganissimus
627 4142 731 4182 morem
748 4126 878 4184 Fcclesiae
927 4137 1078 4200 repetatur.
1090 4130 1196 4204 Quippe
1207 4150 1261 4189 ono
1275 4135 1355 4206 fides,
1370 4154 1453 4194 unum
1470 4138 1602 4210 baptirmu
1619 4146 1718 4216 praedi·

78 4237 183 4284 tenens
201 4227 367 4297 baptizaret,
389 4224 570 4280 nihilominus
587 4223 689 4305 uirtute
712 4219 878 4276 sacramenti
926 4229 1006 4277 eatur
1017 4219 1123 4295 (Epiros.
1136 4241 1174 4289 ιι,
1187 4225 1225 4300 5).
1237 4227 1428 4296 Quamobrem,
1440 4235 1568 4302 quoniam
1580 4235 1717 4309 baptisma

78 4325 222 4379 serratus.
236 4315 308 4388 apud
318 4315 469 4381 Christum,
482 4315 613 4386 quisolns
626 4313 758 4384 baptizat,
768 4312 878 4367 miscri—
926 4329 1068 4385 nunquam
1082 4317 1212 4387 repetitur
1234 4318 1318 4391 (quod
1330 4321 1439 4391 quidem
1454 4324 1521 4380 solis
1535 4329 1616 4382 modo
1631 4329 1716 4388 debe·

79 4407 208 4464 cordiam
222 4406 366 4462 inueniret.
386 4403 447 4462 Non
466 4405 540 4462 enim
564 4403 599 4460 ad
621 4419 685 4460 eum
704 4402 751 4475 qui
772 4417 820 4458 ore
844 4417 877 4458 ac
926 4411 973 4460 tur
982 4406 1160 4478 presbyteris,
1175 4409 1230 4465 nisi
1243 4425 1305 4465 cum
1319 4425 1353 4466 ex
1369 4413 1531 4471 necessitate
1540 4416 1654 4486 quilibet
1667 4435 1716 4476 ac-

77 4514 170 4554 manu
183 4505 384 4554 sacramentum
398 4497 509 4554 conficit
535 4495 696 4553 intuendum
715 4501 758 4550 est
771 4495 875 4566 qualis·
890 4496 1009 4566 poitur,
1025 4513 1060 4554 ne
1074 4498 1134 4554 sine
1145 4507 1315 4556 sacramento
1325 4517 1358 4558 ex
1370 4502 1422 4558 hac
1431 4504 1486 4559 rita
1500 4515 1623 4566 exeatur.
1636 4509 1717 4570 llodo

77 4605 195 4660 cunque
204 4589 251 4655 sit,
266 4589 396 4660 quoniam
411 4603 462 4644 nec
472 4602 489 4642 a
498 4587 571 4643 hono
581 4587 689 4651 melius,
708 4601 760 4642 nec
774 4601 790 4640 a
802 4586 876 4641 malo
923 4589 1092 4662 preshyteris
1106 4598 1309 4647 sacramentum
1324 4592 1375 4649 hoc
1392 4593 1515 4652 Ecclesia
1530 4603 1714 4672 commendat,

76 4682 165 4753 pejus
177 4681 325 4754 peragitur.
337 4681 439 4736 Verum
450 4681 528 4735 illum
546 4679 726 4751 inspiciamus
744 4677 824 4749 cujus
833 4684 876 4733 est
922 4681 1052 4753 quoniam
1066 4687 1189 4753 tempore
1200 4684 1387 4754 apostolorum
1402 4686 1589 4748 indifferenter
1603 4694 1713 4769 iiebat);

75 4775 172 4830 solius
181 4790 233 4830 sno
245 4774 301 4829 rim
310 4772 626 4830 couierresacrameuto.
637 4770 784 4828 Uradecum
796 4770 875 4826 lictus
922 4773 1070 4842 quoniam,
1094 4772 1223 4846 inquam,
1245 4775 1380 4847 baptisma
1408 4797 1548 4854 nunquam
1570 4789 1713 4860 repetitur,

74 4875 131 4922 ant
147 4866 303 4923 immundus
318 4864 443 4930 aceedit,
457 4863 531 4935 quod
541 4861 660 4920 hominis
670 4869 713 4918 est
723 4877 876 4919 sacramen-
921 4863 1388 4942 neecontirmatio,quoniametipsa
1396 4877 1479 4931 semel
1489 4887 1596 4950 sumpta
1604 4881 1713 4950 sullicit,

73 4967 141 5014 tuna
151 4959 186 5014 ab
197 4958 306 5014 homine
315 4958 447 5029 percipit,
468 4957 542 5028 quod
554 4955 602 5012 liei
616 4961 668 5018 est,
685 4953 874 5025 purgationem
924 4963 1075 5027 repetatur.
1091 4956 1157 5023 Quae
1167 4965 1241 5013 recte
1254 4959 1426 5019 confirmatio
1440 4965 1558 5033 dicitur,
1581 4971 1712 5041 quoniam

74 5069 93 5107 ς,
115 5053 180 5109 ,neo
204 5068 257 5110 non
273 5051 399 5124 percipit.
425 5050 513 5118 Quam
532 5065 594 5106 cum
619 5063 736 5118 maguus
758 5053 800 5102 cst
822 5045 875 5102 ilde
925 5047 1074 5118 supcrhoc
1088 5048 1160 5118 quod
1176 5056 1287 5118 peecata
1310 5051 1371 5124 ipsa
1395 5071 1505 5129 quoque
1528 5057 1659 5131 dimittit,
1683 5062 1713 5118 in

72 5145 532 5218 pffiumqqnggsacramentum,
546 5156 647 5214 parcus
661 5139 791 5212 quoniam
811 5137 874 5195 iidei
923 5136 997 5192 bono
1012 5137 1094 5192 etiam
1117 5138 1279 5219 confirmat,
1305 5149 1332 5198 ct
1359 5146 1439 5215 quasi
1464 5148 1592 5204 athletam
1614 5159 1712 5210 eontra

71 5254 181 5310 expers
193 5245 245 5303 est,
261 5239 289 5293 in
299 5245 472 5295 sacramento
486 5250 547 5292 eam
557 5232 656 5305 recipit
669 5233 755 5306 (256).
777 5231 873 5304 itaque
923 5226 1076 5299 spiritualia
1088 5228 1217 5299 nequitiae
1234 5241 1389 5301 imiimi·
1403 5235 1437 5290 Εῑ
1461 5235 1575 5310 [melidis
1596 5240 1655 5316 sed]
1670 5250 1712 5300 0⁸⁸

70 5348 126 5388 res
146 5338 346 5386 sacramentum
366 5346 448 5388 suum
462 5328 609 5384 comitatur
620 5327 648 5382 in
661 5326 754 5396 pueris
794 5333 873 5384 ante·
922 5327 1126 5377 sacramentum
1140 5319 1313 5391 baptismatis
1337 5328 1424 5397 magis
1439 5333 1635 5400 necessarium,
1651 5333 1713 5392 sine

67 5421 157 5479 ww
170 5421 199 5476 in
210 5422 320 5478 adum&
922 5426 977 5483 quo
995 5426 1051 5468 nou
1071 5416 1115 5466 est
1131 5410 1207 5476 salus
1226 5413 1357 5481 parvulis.
1385 5414 1462 5474 Unde
1479 5434 1541 5474 cum
1558 5423 1711 5483 necessitas

119 2107 258 2175 momodo
271 2108 387 2178 petrinis
401 2108 528 2178 dirigitur
541 2124 638 2172 sermo,
656 2116 682 2162 et
691 2109 724 2161 rie
733 2108 858 2177 patrinis.

111 5579 193 5655 tiit)
212 5578 267 5637 Leo
282 5583 358 5652 Pap,
372 5580 453 5651 epist.
469 5576 592 5634 adlinet.
604 5575 687 5633 Narh.
700 5573 870 5658 idemirconi
969 5567 1034 5638 236)
1049 5567 1168 5652 Consiste
1179 5579 1260 5651 notas
1274 5571 1307 5626 ad
1320 5585 1380 5641 cap.
1390 5574 1431 5630 id
1448 5575 1529 5648 hujus
1543 5581 1637 5651 partis.

62 5651 203 5710 Rarerru.
218 5665 263 5724 rp.
277 5651 321 5712 5¹1,
336 5658 363 5707 et
376 5650 473 5705 concil.
489 5649 595 5715 Carth,
612 5647 650 5705 be
665 5662 743 5705 coos.
760 5645 825 5705 dist.
842 5647 869 5702 i.
967 5640 1031 5703 237)
1046 5639 1166 5722 bituiti,
1179 5655 1217 5706 tv,
1231 5640 1295 5696 dist.
1312 5640 1340 5706 6,
1357 5642 1429 5716 §ult

106 5726 191 5802 (255)
206 5723 344 5799 lingister,
360 5738 402 5788 ru,
414 5723 442 5778 d.
454 5721 482 5784 ii,
496 5719 510 5793 i
526 5720 550 5776 7.
951 5709 1033 5784 (238)
1049 5709 1156 5782 Misist-
1185 5727 1227 5778 tr,
1241 5711 1269 5769 tl.
1288 5712 1313 5780 7,
1336 5710 1352 5790 i
1369 5717 1417 5773 ult.
