3967 6334
225 324 278 381 ιιι
468 277 478 290 ”
682 326 869 382 mmmmm
889 323 1191 385 aunrsoraurnm
1208 329 1363 387 nauscam
1788 339 1843 398 ιιι

223 445 374 498 cessarium
389 441 499 508 propter
514 435 580 492 illud
592 435 704 493 bonum.
719 437 818 509 Aperte
829 437 903 494 enim
917 444 1011 494 osteu-
1023 442 1049 499 A
1061 446 1092 493 ut
1106 447 1170 496 sunt
1183 447 1288 513 stupra,
1302 441 1486 512 blasphemiae,
1509 444 1592 512 furta,
1612 447 1739 514 ebrietas,
1760 459 1789 507 et
1805 453 1847 507 si·

223 530 273 596 dit,
289 545 344 584 non
360 527 519 598 temporalia
538 528 578 584 sic
592 543 654 586 esse
667 531 827 601 appetenda,
851 536 882 586 ut
898 537 1008 602 propter
1057 529 1145 594 milia,
1159 531 1358 586 nobistantum
1372 531 1497 602 judicare
1510 537 1685 606 permittitur.
1704 539 1742 596 lle
1752 541 1846 598 dubiis

222 622 284 695 ipsa
307 620 465 678 benefacere
486 619 652 688 debeamus,
678 623 740 678 licet
760 623 816 680 sint
840 623 1006 679 necessaria.
1058 621 1189 691 scriptum
1209 628 1252 676 est
1265 641 1270 676 :
1285 620 1377 677 Nolite
1399 632 1458 677 ante
1477 631 1575 694 lampae
1594 625 1725 696 judicare,
1746 629 1847 699 quoad·

222 711 396 784 Quaecunque
409 713 481 768 enim
497 712 623 778 facimus,
645 721 757 785 propter
774 730 889 788 reguum
904 712 953 770 bet
967 713 1008 769 fa·
1057 726 1138 781 usqae
1151 712 1237 766 leniat
1260 710 1399 778 flamiam,
1413 722 1439 767 et
1456 713 1586 776 illuminet
1603 718 1759 778 abscondita
1772 732 1847 777 tme-

222 821 285 863 cere
308 807 487 862 instituimur.
502 803 563 860 Non
580 807 652 862 enim
673 807 860 878 evangelizare
877 806 1008 862 debemus
1058 803 1165 864 irarum
1179 802 1206 875 (1
1221 802 1343 876 Contu).
1358 804 1504 872 unusual,
1519 808 1656 880 inquibus
1671 814 1846 868 temerarium

222 906 253 954 ut
266 897 471 962 mauducemus,
489 897 536 953 sed
549 899 714 954 manducare
733 899 1006 970 uterangelizemus;
1055 897 1190 968 judicium
1210 912 1307 954 cavere
1326 898 1470 965 debemus,
1490 915 1553 956 cum
1573 902 1706 958 incertum
1727 912 1846 976 estque

221 991 298 1060 qnia,
313 988 445 1061 quidquid
467 1000 576 1062 propter
594 989 669 1044 aliud
686 989 790 1061 aliquid
813 991 952 1061 quaeritur,
967 989 1009 1044 ri·
1058 990 1149 1044 animo
1167 989 1252 1054 fiant,
1268 1005 1329 1061 quae
1349 990 1418 1047 bene
1439 999 1468 1046 et
1484 992 1555 1049 male
1572 991 1630 1048 fieri
1654 1004 1778 1065 possunt,
1800 995 1846 1052 rel

221 1079 277 1136 lius
287 1089 329 1136 est
342 1095 424 1152 quam
439 1081 467 1136 id
480 1089 591 1152 propter
602 1081 675 1152 quad
686 1082 828 1153 quaeritur.
839 1079 899 1136 Non
913 1095 1008 1140 omnes
1058 1095 1120 1135 cum
1135 1080 1270 1136 incertum
1284 1088 1325 1137 est
1341 1083 1430 1152 qualis
1442 1081 1565 1142 futurum
1579 1085 1628 1150 sit,
1647 1087 1693 1157 qui
1711 1101 1786 1141 nune
1800 1081 1847 1142 rel

221 1178 334 1243 propter
354 1173 468 1228 salutem
489 1171 617 1230 Ecclesiae
638 1174 804 1241 ministrant,
827 1173 875 1230 sed
898 1179 1009 1256 prepter
1057 1171 1302 1227 bonusuelmalus
1317 1180 1438 1244 apparet.
1452 1172 1580 1244 Nunquid
1593 1175 1617 1230 si
1631 1175 1725 1232 timere
1736 1177 1847 1246 judiea-

222 1262 383 1330 temporalia
410 1271 457 1316 aut
479 1270 589 1334 propter
615 1270 770 1334 utrumque.
791 1261 844 1318 Sed
864 1278 946 1335 supra
966 1263 1009 1316 di-
1058 1263 1194 1328 verinus,
1218 1270 1320 1319 temere
1338 1263 1411 1319 Deris
1430 1265 1465 1321 de
1486 1266 1567 1322 nobis
1581 1266 1731 1336 judicabit?
1752 1268 1846 1324 Absit.

222 1358 298 1406 ctum
306 1360 364 1409 est:
376 1349 548 1424 Namopotest
559 1352 658 1414 duoles
669 1352 781 1408 dominia
793 1355 889 1408 seruire
899 1351 1006 1425 (lfattlr.
1059 1353 1114 1409 Sed
1127 1354 1328 1426 intelligendum
1339 1363 1383 1412 est
1392 1356 1521 1428 quoniam
1537 1357 1675 1412 temeritas
1687 1373 1741 1428 qua
1761 1358 1848 1430 punis

221 1442 273 1514 vr).
289 1441 360 1515 Ergo
374 1446 562 1500 tantummodo
573 1454 682 1517 propter
696 1459 808 1516 regnum
819 1444 867 1500 Dei
878 1443 1009 1504 debemus
1058 1446 1157 1512 alium,
1179 1452 1207 1501 te
1229 1447 1325 1517 puniat
1337 1449 1460 1516 [neeesse
1478 1455 1529 1503 εει.
1549 1445 1619 1502 lline
1634 1448 1698 1503 alibi
1719 1449 1777 1504 ait:
1790 1448 1848 1516 Qai

221 1536 329 1606 operari
343 1536 454 1602 bonum,
470 1544 498 1592 et
514 1539 610 1594 nonin
625 1539 676 1594 hac
689 1537 845 1608 operatione
858 1536 901 1594 rel
923 1537 1009 1596 solam
1058 1537 1147 1608 gladia
1156 1537 1662 1610 perurseritherilitingladiofflattlr.
1671 1542 1756 1612 rxrr),
1765 1539 1848 1596 ride·

219 1627 265 1682 uel
279 1641 342 1683 eum
355 1628 496 1700 regnoDei
506 1629 659 1687 mercedem
672 1629 861 1700 temporalium
876 1629 1007 1700 cogitare.
1059 1628 1123 1686 licet
1141 1630 1264 1700 peccati,
1290 1629 1363 1701 quod
1385 1645 1448 1685 cum
1462 1630 1552 1701 gladio
1570 1629 1659 1691 ferrea
1687 1631 1847 1688 committit.

222 1717 345 1786 Quarum
364 1723 485 1777 omnium
505 1723 694 1796 temporalium
713 1723 834 1789 nomine,
856 1722 1008 1777 erastinum
1094 1721 1238 1790 Dimittite,
1252 1732 1277 1778 ot
1296 1722 1482 1787 dimittemiui;
1503 1721 1574 1786 date,
1595 1731 1621 1777 et
1639 1721 1747 1778 daliter
1760 1720 1847 1779 noim.

220 1811 326 1882 posuit,
341 1811 436 1869 dicens
446 1832 454 1869 ι
466 1811 558 1870 Nolite
568 1814 675 1870 solliciti
691 1829 746 1870 csse
756 1814 788 1868 de
803 1814 929 1870 crastina.
948 1811 1009 1867 Nan
1024 1779 1046 1836 B
1094 1813 1225 1876 [limittite
1239 1815 1356 1886 injurias
1370 1824 1397 1872 et
1410 1816 1472 1873 date
1480 1814 1622 1878 beneficia,
1637 1821 1666 1869 ut
1681 1821 1793 1885 peecata
1803 1829 1851 1870 re-

221 1903 295 1958 enim
307 1903 409 1959 dicitur
419 1905 557 1964 crastinus
569 1907 629 1964 dies
640 1907 694 1963 nisi
708 1907 878 1978 intempore.
1049 1915 1115 1964 stra
1127 1908 1205 1964 rabis
1217 1908 1399 1973 dimittantur,
1411 1915 1439 1962 ει
1452 1906 1507 1963 rita
1520 1905 1600 1961 detur
1612 1914 1723 1967 aterna.

258 1993 1008 2069 Nolitoerqoaalliaitiemeincrastinum.Crastinusenim
1057 2001 1063 2067 ᾗ
1093 1997 1246 2054 Nousaram
1261 1999 1356 2053 lorsam
1367 2007 1392 2054 et
1407 1997 1550 2067 confertam
1560 2008 1584 2051 et
1600 1998 1758 2067 coagitatam
1769 2005 1850 2051 etru-

223 2084 278 2142 dier
293 2089 422 2145 sollicitus
435 2091 485 2145 erit
499 2089 549 2145 sibi
564 2093 623 2160 ipsi.
638 2089 738 2162 Sufficit
755 2090 808 2145 diei
824 2090 928 2145 malitia
946 2107 1006 2146 sea.
1056 2092 1244 2162 pereffluerem
1257 2090 1358 2146 dolant
1372 2091 1400 2145 in
1414 2092 1500 2144 sinum
1513 2098 1638 2145 cestram.

260 2175 400 2252 [Eranam]
411 2177 457 2250 bo
470 2179 651 2250 presentibus
673 2179 832 2236 conceditur
850 2194 912 2236 esse
932 2180 1009 2234 solli·
1092 2179 1162 2235 Huic
1174 2180 1262 2237 simile
1275 2188 1318 2237 est
1332 2180 1405 2252 quod
1419 2179 1486 2235 alibi
1500 2178 1611 2245 dicitur,
1626 2178 1759 2249 metipsi
1778 2177 1851 2232 reci-

223 2270 303 2336 eitos,
318 2285 374 2325 nan
388 2270 421 2327 de
436 2271 544 2328 futuris.
562 2271 639 2327 Unde
652 2271 818 2342 Apostolus:
833 2270 916 2330 Nocte
931 2279 956 2326 et
966 2271 1009 2328 die
1056 2273 1187 2342 illamam
1202 2273 1230 2326 in
1244 2281 1343 2329 aterna
1358 2273 1528 2331 tabernacula
1552 2271 1627 2344 (lua.
1643 2270 1713 2342 xm),
1730 2269 1769 2324 llli
1784 2269 1851 2342 qui-

220 2362 344 2417 manilus
356 2364 454 2417 nostris
469 2362 628 2428 laborantes,
650 2379 682 2418 oe
692 2379 767 2434 quem
780 2371 892 2420 uestrum
914 2380 1010 2434 praua·
1057 2366 1109 2423 bus
1123 2366 1310 2437 eleemosynas
1324 2366 1435 2432 dabitis,
1452 2365 1563 2429 dalem,
1570 2365 1597 2419 id
1606 2371 1659 2429 est,
1671 2378 1753 2418 causa
1765 2368 1851 2418 erunt

222 2468 310 2506 remur
324 2450 351 2524 (l
367 2451 444 2508 flues.
459 2453 502 2525 ιι).
517 2452 584 2510 Cras
595 2454 624 2509 in
636 2452 797 2524 scripturis,
812 2453 932 2511 futurum
943 2462 1010 2510 tem·
1058 2445 1143 2530 quare
1157 2453 1230 2513 Iteus
1240 2457 1330 2525 dabit;
1348 2458 1376 2512 in
1394 2459 1482 2513 sinam
1496 2465 1620 2521 cestram,
1632 2454 1660 2509 id
1674 2461 1727 2519 est,
1747 2453 1774 2508 in
1788 2469 1851 2507 ma-

221 2559 276 2614 pus
289 2544 459 2616 intelligitur,
475 2546 583 2603 dicente
595 2545 696 2603 lacon:
712 2546 747 2602 m
759 2546 882 2603 exaudiet
896 2565 936 2603 me
949 2565 1009 2606 cras
1058 2563 1140 2618 gnam
1153 2548 1342 2617 securitatem
1357 2563 1508 2603 mensuram
1521 2545 1626 2609 ianam,
1641 2545 1726 2599 ultam
1740 2543 1851 2599 scilieet

217 2636 327 2707 justitia
339 2655 397 2700 mea
418 2636 494 2710 (Gen.
508 2638 583 2713 xxx).
601 2639 654 2696 Per
667 2639 739 2696 diem
759 2640 947 2711 intelliguntur
960 2640 1010 2695 ho-

222 2731 322 2799 mines,
343 2747 461 2804 querum
481 2733 540 2789 dies
562 2739 615 2798 est,
637 2739 667 2789 ut
690 2734 728 2788 ait
749 2731 1010 2805 Apostolustliedi-

222 2831 320 2878 mamm
335 2836 452 2895 campus,
469 2825 594 2896 quoniam
610 2824 665 2880 dics
683 2824 748 2879 mali
767 2833 827 2879 runt
845 2822 951 2896 (Epioe.
969 2822 1008 2895 v).

223 2911 401 2988 Sensusergo
418 2923 477 2972 est:
490 2914 553 2972 Dies
568 2917 715 2982 crastinus,
735 2915 761 2971 id
776 2923 828 2982 est,
849 2913 932 2969 futuri
945 2923 1011 2970 tem·

221 3004 299 3076 poris
313 3005 438 3070 homines
452 3015 534 3062 erunt
549 3006 659 3064 solliciti
676 3007 738 3062 sibi.
754 3005 795 3061 Tu
808 3021 873 3062 rere
887 3008 925 3062 sis
939 3006 1011 3061 solli-

222 3095 295 3154 citus
309 3097 385 3155 dere
403 3098 657 3168 impraesentiarum.
679 3098 818 3155 Sollicitus
835 3098 864 3153 in
884 3098 1009 3170 supradi-

222 3186 276 3242 etis
296 3185 430 3258 signifieat
450 3189 624 3254 anxietatem,
647 3189 692 3244 iric
715 3204 780 3244 uero
799 3187 1006 3259 providentiam,

220 3290 304 3349 quarn
321 3277 441 3333 futurum
451 3286 559 3350 tempus
569 3279 646 3336 affert
660 3295 764 3347 secum,
777 3287 807 3339 ut
820 3294 881 3336 cum
895 3295 1008 3336 necesse

220 3367 275 3424 erit
293 3383 399 3425 sumere
422 3370 532 3441 aliquod
554 3371 718 3443 temporale,
741 3369 826 3440 adsim
848 3371 912 3442 quia
931 3371 1009 3426 novit

1058 2648 1201 2709 aeternam3
1217 2639 1372 2710 confertam,
1391 2639 1517 2696 omnibus
1531 2638 1656 2694 videlieet
1671 2638 1775 2693 sanctis
1789 2635 1851 2690 eol-

1058 2730 1152 2798 latam,
1167 2737 1196 2786 et
1209 2748 1271 2787 cunr
1295 2732 1400 2804 angelis
1426 2732 1596 2803 coagitatam,
1618 2728 1711 2797 idest,
1729 2727 1850 2799 conjun-

1059 2829 1141 2887 ctam,
1157 2829 1182 2876 et
1200 2823 1429 2894 supereffluentem,
1454 2820 1507 2876 hoc
1532 2829 1584 2886 est,
1612 2835 1693 2890 super
1717 2821 1849 2874 meritum

1058 2925 1178 2970 restrum
1193 2914 1387 2982 abundantem.
1408 2913 1491 2973 Sinus
1504 2913 1566 2970 ideo
1588 2911 1721 2983 accipitur
1739 2926 1791 2981 pro
1804 2926 1851 2966 se·

1059 3007 1185 3072 emitote,
1198 3007 1262 3077 quia
1271 3007 1350 3063 ualde
1363 3007 1454 3062 securi
1469 3021 1564 3062 sumus
1573 3004 1607 3060 de
1617 3004 1660 3059 bis
1670 3017 1732 3074 quae
1741 3002 1771 3056 in
1783 3003 1851 3060 sinu

1058 3097 1245 3154 recondimus.
1264 3097 1314 3154 Vel
1332 3113 1381 3175 per
1395 3099 1487 3163 sinum
1506 3097 1628 3174 intellige
1641 3095 1850 3164 ,conscientiam

1060 3191 1116 3248 sive
1129 3200 1230 3248 eoetum
1246 3199 1416 3254 sanctorum,

1330 3325 1394 3413 M:
1432 3325 1485 3412 L:
1524 3326 1578 3413 R:

220 3455 295 3516 ”⁰¹¹⁵
308 3475 362 3534 (ΙΨ)
380 3460 560 3532 indigeamus·
573 3460 716 3536 imm]
728 3462 828 3518 curam
838 3470 926 3520 amem
942 3479 1008 3534 ΡΜ·
1094 3473 1129 3528 Ει
1142 3476 1230 3546 inqua
1240 3490 1362 3530 memma
1377 3475 1459 3529 mensi
1478 3474 1581 3543 fueritis
1598 3472 1749 3529 remetietur
1763 3471 1849 3526 oolls.

222 3553 350 3617 sentium,
366 3554 498 3610 malitiam
511 3562 601 3622 wetti»
616 3556 679 3627 quia
694 3556 810 3626 poenalis
824 3563 876 3621 0⁵22
898 3563 925 3613 θῑ
946 3572 1008 3627 lle?-
1094 3565 1201 3638 [Brun]
1222 3565 1391 3622 Generaliter
1404 3567 1438 3622 de
1451 3566 1578 3621 omnibus
1592 3579 1653 3635 qnae
1665 3571 1768 3629 mente,
1787 3577 1851 3618 ma-

221 3645 292 3709 nnii
315 3644 349 3701 ad
367 3646 571 3713 ffl⁰l²³¹liii⁸¹¹¹2
593 3663 675 3719 (luam
694 3647 833 3719 peccandi)
846 3649 1007 3715 meruimus,
1057 3674 1106 3723 nu,
1119 3659 1210 3729 lingua
1225 3658 1355 3728 gerimus,
1369 3657 1457 3728 accipi
1471 3664 1571 3729 potest,
1589 3656 1653 3728 quia
1667 3654 1852 3712 Deus.reddet

220 3752 283 3808 quae
303 3737 331 3796 in
348 3753 378 3796 se
391 3738 459 3802 satis
471 3752 586 3795 onerosa
605 3746 656 3806 est,
678 3741 777 3796 nedum
793 3739 945 3798 futurorum
958 3756 1009 3796 cu·
1058 3749 1173 3821 singulis
1187 3749 1337 3805 secundum
1351 3764 1434 3820 0901,
1448 3765 1553 3804 eorum,

221 3839 281 3880 ram
295 3825 520 3897 superaddamus.
533 3826 844 3886 llaclocorehementer
857 3832 1007 3886 carendum
1363 3891 1375 3914 ⁶
1413 3863 1442 3912 ὅ,
1517 3891 1529 3916 0
1566 3863 1597 3912 59

221 3923 323 3983 estne,
339 3918 565 3976 cumriderimus
583 3921 700 3992 aliquem
721 3937 829 3978 servum
850 3922 897 3978 llei
916 3925 1008 3994 prori-
1313 3881 1376 3968 M·
1420 3939 1437 3975 v
1477 3881 1530 3969 [ι.

222 4009 298 4074 aem,
313 4024 350 4066 no
362 4010 415 4066 isra
427 4012 584 4068 necessaria
598 4011 697 4080 desim,
717 4015 760 4070 rol
775 4015 826 4070 sihi
840 4016 1006 4081 commissis,
1093 4006 1162 4072 dud
1176 4017 1263 4062 tutem
1281 4007 1351 4063 olam
1365 4007 1494 4078 sesamam
1508 4010 1534 4063 to
1549 4009 1624 4064 oculo
1640 4005 1734 4079 pann
1752 4010 1804 4073 tul,
1823 4019 1852 4064 et

223 4099 526 4173 commemorassem
537 4113 633 4172 cantra
644 4114 777 4177 praecepta
790 4105 894 4162 llomini
906 4107 1005 4165 facere.
1058 4099 1158 4154 'talem
1177 4101 1205 4154 in
1224 4099 1299 4155 ostiti
1321 4110 1365 4156 ¹¹²⁰
1384 4119 1436 4156 'wll
1456 4101 1547 4159 eidos?
1566 4102 1620 4157 dat
1636 4100 1767 4172 ΝΜΟ
1781 4103 1850 4158 Μ*

221 4190 289 4248 Nam
302 4202 330 4254 et
343 4194 402 4266 ipse
421 4192 553 4254 Dominus
570 4197 675 4254 loculos
696 4198 795 4262 babere
818 4198 946 4269 dignatus
965 4208 1008 4256 est
1057 4189 1138 4260 fratri
1159 4198 1225 4244 ‘¹¹⁰³
1245 4189 1353 4258 Frater,
1379 4195 1435 4259 tile
1454 4194 1559 4263 tlt'tt'tm
1580 4194 1708 4263 stillim
1725 4194 1758 4249 ‘¹⁶
1772 4195 1852 4248 πώ

221 4299 285 4340 cum
299 4287 425 4356 pecunia,
440 4303 475 4344 ne
497 4287 559 4360 quis
578 4289 607 4349 in
628 4289 681 4346 hae
696 4290 856 4346 scandalum
869 4280 1009 4362 pateretur
1058 4291 1113 4348 tuo,
1126 4291 1152 4338 et
1169 4301 1225 4339 ecco
1241 4285 1327 4340 troies
1341 4292 1380 4342 ool
1397 4287 1426 4340 io
1442 4286 1517 4341 oculo
1532 4296 1576 4340 nm
1585 4289 1598 4342 ,a

221 4375 313 4449 (loon.
329 4377 390 4452 xri).
406 4379 507 4436 Paulus
521 4381 603 4439 etiam
619 4381 727 4440 ridetur
742 4383 879 4454 cogitasse
899 4383 933 4439 de
946 4399 1008 4438 cra·
1095 4372 1239 4450 [duffii-l
1260 4376 1289 4432 Si
1307 4380 1370 4449 (iuli
1383 4380 1543 4450 ildllfflssii,
1567 4389 1666 4434 1⁰1¹⁰¹¹
1683 4379 1772 4436 debes
1785 4379 1851 4435 ⁰³5⁰

223 4469 305 4536 ormo,
321 4486 383 4526 oum
402 4470 484 4527 aicit:
497 4471 535 4527 ne
555 4475 670 4528 oollam
690 4482 777 4528 aorem
800 4475 868 4529 stom
888 4475 1008 4532 oratomt
1020 4500 1047 4568 n
1060 4465 1266 4534 reprenmnem.
1294 4465 1409 4524 Tantum
1432 4470 1504 4526 emm
1529 4469 1614 4526 distat
1640 4470 1713 4526 inter
1736 4469 1806 4524 nam
1822 4477 1851 4526 et

222 4555 303 4626 facie
318 4556 345 4630 (Ι
354 4557 416 4615 Gor·
428 4561 496 4634 rur).
511 4559 552 4617 Ad
564 4563 634 4618 bane
645 4577 709 4634 ergo
722 4564 844 4635 regulam
859 4573 946 4622 totum
956 4568 1009 4623 1100
1060 4555 1163 4623 edium,
1182 4567 1313 4629 quantum
1330 4559 1403 4615 inter
1420 4559 1554 4616 festucam
1574 4570 1600 4617 ει
1616 4560 1734 4618 trabem.
1749 4557 1851 4616 Odium

221 4659 386 4722 preceptum
400 4651 541 4723 redigitur,
554 4660 585 4707 ut
598 4655 680 4708 otiam
691 4656 719 4715 in
731 4656 845 4712 istarum
855 4658 1011 4730 provisione
1060 4649 1132 4702 enim
1146 4656 1188 4704 ⁰⁵¹
1202 4650 1242 4702 ili
1256 4650 1412 4706 inrocemm.

222 4759 337 4814 leffium
359 4743 407 4803 liti
427 4747 594 4817 cogitemus,
610 4750 638 4802 in
654 4750 752 4806 militia
773 4767 839 4807 rere
857 4755 934 4825 regni
949 4754 1008 4819 liei,
1096 4739 1251 4812 quocrita,
1269 4742 1333 4811 ejice
1353 4744 1467 4812 ριίιιιιιιιι
1491 4745 1590 4799 trabem
1607 4745 1638 4800 do
1653 4743 1731 4798 oculo
1750 4755 1807 4809 troo,
1824 4755 1851 4799 et

222 4851 279 4894 non
293 4837 347 4894 ista
356 4838 518 4910 cogitemus.
536 4838 629 4912 ltaque
643 4858 697 4897 non
711 4843 789 4898 labor
801 4852 828 4901 et
840 4847 1010 4916 providentia
1061 4841 1122 4886 tum
1139 4832 1236 4892 uidetis
1254 4834 1347 4903 eiicere
1357 4835 1484 4905 festucam
1501 4836 1534 4893 do
1552 4839 1628 4892 acala
1647 4839 1742 4910 fratris
1761 4839 1812 4893 tui.

224 4927 380 4994 damnatur,
395 4930 443 4987 sed
456 4939 573 4987 moneam
587 4932 738 5008 pfaerocans
752 4950 828 4994 cum,
1059 4923 1125 4996 {ld
1137 4932 1190 4988 est,
1206 4925 1294 4996 prima
1307 4927 1356 4983 abs
1375 4935 1412 4995 te,
1441 4929 1547 4986 scilicet
1569 4931 1604 4986 ab
1626 4931 1781 4987 intentione
1802 4939 1851 4985 tua

489 5042 603 5098 gqup
625 5043 744 5102 xxm·
1061 5024 1088 5070 et
1114 5015 1148 5070 de
1174 5015 1258 5095 corde
1287 5025 1335 5073 tuo
1356 5020 1460 5091 expelle
1486 5021 1591 5087 odium,
1614 5030 1645 5078 ut
1678 5023 1715 5078 de
1746 5023 1850 5078 lumine

402 5151 444 5238 Μ
501 5135 601 5242 ggR
658 5137 686 5186 41
722 5157 755 5244 L
810 5138 842 5190 53
1060 5108 1158 5164 mentis
1168 5107 1245 5164 trabe
1258 5110 1381 5166 mortalis
1392 5111 1515 5168 criminis
1531 5113 1629 5183 ejecta,
1651 5115 1779 5187 exempla
1800 5131 1850 5186 po·

454 5213 466 5244 0
512 5210 528 5244 ll
609 5215 621 5246 φ
762 5220 776 5245 ο

1060 5200 1115 5256 tius
1125 5215 1207 5271 quam
1219 5202 1300 5258 dietis
1312 5201 1410 5259 docere
1421 5204 1513 5260 valeas
1527 5205 1634 5262 nrinora
1655 5207 1765 5262 excludi
1785 5222 1850 5276 peo-

260 5273 351 5331 Nalite
359 5278 490 5347 judicare,
506 5289 535 5344 rat
552 5299 603 5337 nara
611 5283 776 5352 judicemini,
789 5286 817 5340 in
827 5303 878 5357 qao
888 5289 1010 5358 ειιὶιιιῂι·Ι

1060 5294 1131 5354 eata,
1146 5291 1245 5360 quaein
1264 5291 1370 5350 festuca
1392 5293 1591 5364 significantur.
1607 5295 1677 5358 Cum
1693 5297 1851 5354 necessitas

220 5365 291 5420 dicio
300 5367 494 5435 judicaberitis,
502 5371 698 5441 judicabimini.
716 5373 807 5432 Nolite
828 5377 1008 5447 condemnare,
1059 5396 1111 5435 nos
1123 5384 1196 5452 cogit
1217 5384 1333 5454 aliquem
1352 5385 1560 5456 reprehendere,
1577 5389 1667 5458 primo
1680 5387 1846 5459 cogitemus,

220 5464 245 5510 et
259 5475 310 5512 nan
324 5459 571 5520 condemnabimini.
1058 5480 1150 5533 utrum
1164 5476 1321 5535 taloritium
1336 5495 1457 5551 unquam
1474 5481 1637 5540 habuimus:
1664 5490 1692 5540 et
1722 5484 1748 5540 si
1775 5500 1843 5539 nun·

260 5547 375 5624 [linum]
395 5551 434 5608 De
454 5551 547 5611 dubiis
569 5556 692 5626 judicare
714 5568 741 5614 et
765 5567 908 5630 susp2ctas
929 5576 1007 5631 quasa
1058 5581 1139 5636 quam
1152 5567 1312 5625 {imbuimus
1335 5572 1487 5643 cogitemus
1510 5589 1562 5630 nas
1588 5575 1689 5631 bebere
1710 5575 1844 5647 petuisse.

222 5653 285 5694 rens
301 5642 494 5710 condemnare,
516 5647 625 5715 penitus
645 5665 662 5704 a
682 5651 762 5708 nobis
782 5653 899 5723 repellit.
921 5651 1006 5706 Dubia
1058 5655 1186 5715 Homines
1216 5661 1288 5714 enim
1320 5677 1425 5718 sumus.
1457 5663 1526 5720 llinc
1551 5673 1594 5720 est
1623 5665 1845 5736 illndsapieutis

222 5743 288 5801 ergo
306 5729 334 5786 in
351 5733 447 5790 melius
471 5733 688 5807 interpretemur,
709 5741 773 5812 quia
796 5741 830 5800 de
843 5740 1005 5808 manifestis,
1058 5746 1189 5820 (Tenem.
1203 5753 1231 5804 in
1249 5749 1367 5824 lleau.):
1396 5752 1472 5808 Nilril
1484 5755 1594 5810 lamani
1621 5773 1640 5810 a
1668 5772 1710 5812 me
1729 5757 1845 5814 alma
