3967 6334
118 332 172 390 eor
748 332 866 391 suavo
883 333 929 389 nn
949 333 979 393 s.
1000 332 1159 393 ceoucto.
1701 322 1755 397 aaa

117 448 626 513 llatishonensi,llicharloPatavieusi
638 448 801 519 ipsetertius
809 447 940 505 inordine
950 450 985 505 ad
1011 446 1435 506 redictumioanucmsummum
1447 446 1755 521 porrlsslrcemepistocm

120 521 244 591 scripsit,
259 529 459 591 conquerentes
468 522 495 575 in
510 536 542 577 ea
553 520 587 576 de
601 519 754 576 delectione
769 519 961 590 cpiscoporum
1003 520 1105 575 oraviae
1116 534 1149 574 ac
1165 518 1351 574 Sclavoruma
1366 534 1415 574 sua
1424 519 1549 580 dimcesi.
1571 520 1700 591 episcopo
1715 524 1757 577 ri·

120 591 221 647 delicet
231 589 396 647 pataviensi.
408 590 512 646 Etlicet
527 592 596 646 nihil
613 588 794 652 obtinuerint,
812 596 904 645 tamen
914 592 972 646 baec
979 592 1106 661 epistola,
1119 590 1184 661 quia
1191 604 1254 645 rara
1268 590 1418 661 etantiqua
1433 590 1615 647 ecclesiastici
1624 598 1713 648 status
1727 594 1756 647 in

119 661 231 731 Bojaria
245 664 401 733 cognitione
409 662 520 726 relerta,
538 663 610 718 lectu
624 678 680 717 non
692 659 814 729 indigna,
826 661 907 729 cujus
918 663 997 733 copia
1018 663 1046 716 in
1057 660 1177 717 archivis
1200 660 1391 730 praedictarum
1413 663 1593 719 ecclesiarum
1605 662 1695 719 adhuc
1708 677 1757 717 es-

120 740 222 797 stat,et
238 734 310 804 apud
323 732 524 803 Wolllgangum
540 732 651 788 Lazirrm
664 735 691 786 in
705 729 753 785 lib.
771 745 821 791 ru,
835 730 1103 788 Commentariorum
1115 729 1193 801 Reip.
1209 730 1289 785 Rom.
1302 731 1347 786 hic
1360 732 1503 791 brevitatis
1517 748 1600 789 causa
1617 733 1729 789 omissa.
1745 754 1754 783 ι

121 800 1621 875 llaeehuntlus.Exqutbustacitisuobissdconjeetandumloeusaperitur‚huneZachariameumtpsumess
1650 806 1759 874 episco-

120 876 248 999 pumqni
263 876 399 944 prolatum
412 890 478 931 ame
494 890 647 931 sermonem
674 870 793 943 posteris
810 874 961 944 reliquerit.
978 874 1171 943 conjecturam
1197 872 1287 926 firmat
1307 872 1456 943 quodcum
1475 876 1502 928 in
1515 889 1568 929 uua
1591 820 1758 930 biffiirtbeca

146 944 512 1002 Eminerantmifltlitbonae
521 945 692 1006 offenderim.
702 956 757 1013 quo
765 947 792 996 et
800 941 853 995 alia
860 946 938 1015 plura
949 944 1094 1015 metropoli
1105 943 1322 1013 Salishurgcusis
1330 950 1422 999 vetera
1434 952 1610 1001 monumenta
1618 961 1633 1003 a
1641 933 1759 1069 di'liqen·

120 1016 239 1071 tissimis
250 1018 309 1079 eius
320 1016 373 1071 loci
385 1017 530 1073 coeuohitis
541 1018 597 1086 jaru
612 1018 676 1072 olim
684 1019 856 1082 comportata
868 1015 954 1079 luere,
970 1018 1079 1073 tametsi
1088 1015 1174 1070 codex
1188 1014 1441 1085 menrbraueusquo
1456 1032 1523 1072 usus
1534 1032 1606 1082 sitm,
1625 1032 1697 1073 saecu
1712 1028 1758 1069 um

119 1086 314 1142 duodecimum
337 1095 417 1143 aetate
439 1103 613 1159 nequaquam
630 1083 753 1144 excedat,
773 1080 827 1137 Sed
851 1088 978 1158 quisquis
1001 1086 1110 1143 demum
1135 1084 1217 1153 htrjus
1239 1084 1273 1139 de
1293 1083 1322 1140 S.
1338 1082 1454 1157 Georgio
1478 1094 1598 1157 martyre
1620 1084 1758 1143 sermonis

119 1172 221 1239 parens
236 1158 329 1224 luerit,
341 1174 422 1214 nemo
436 1160 583 1231 quisquam
597 1152 749 1231 negaverit,
757 1167 820 1210 eum
831 1167 952 1225 gravem,
965 1158 1088 1223 doctum,
1100 1156 1250 1227 elegantem
1266 1164 1348 1228 atque
1362 1156 1431 1213 adeo
1448 1158 1508 1212 luce
1523 1158 1632 1229 publica
1653 1156 1758 1228 dignis·

119 1242 222 1283 mmuru
232 1241 305 1285 esse.

431 1550 665 1665 stulto
707 1546 1092 1664 zucHlRlAE
1134 1548 1456 1664 EPISCOPI

737 1768 782 1825 bu
800 1768 938 1827 saucio
955 1766 1117 1827 decutio.

228 1930 273 2005 pt.
285 1930 317 1987 P.
326 1929 484 1988 Bernartius
494 1928 606 1994 Peztus,
619 1927 772 1984 Thesauros
781 1927 922 1995 Auecdot,
932 1928 1045 1993 novica,
1062 1934 1083 1982 t.
1095 1925 1140 1991 lt,
1154 1928 1230 1999 p.l'l,
1246 1943 1278 1985 ex
1294 1929 1389 1985 codice
1400 1930 1633 2003 emmeramensi.)

819 2094 1049 2111 m

156 2202 179 2259 l.
194 2200 333 2258 liodierna
348 2198 494 2262 lestivitas,
502 2180 687 2263 dilectissimi,
701 2194 843 2253 Paschaiis
856 2195 912 2268 glo
925 2204 950 2264 Α
962 2200 991 2252 et
1004 2198 1159 2251 revertatur
1171 2192 1310 2249 interram
1325 2208 1414 2260 suam,
1430 2208 1464 2249 ne
1476 2208 1575 2264 pavere
1585 2192 1667 2251 iaciat
1677 2196 1761 2253 corda

119 2298 172 2353 riae
182 2295 304 2351 letitiam
315 2294 446 2365 geminat,
463 2300 492 2346 et
512 2290 587 2346 velut
601 2290 724 2361 pretiosa
747 2303 855 2360 gemma
867 2302 919 2341 au·
970 2286 1088 2342 lratrum
1100 2300 1212 2343 suorum
1227 2285 1299 2340 sicut
1310 2295 1337 2341 et
1358 2285 1416 2355 lpse
1436 2286 1599 2356 perterritus
1613 2286 1759 2362 estqlteur.

119 2404 196 2455 rum,
210 2388 255 2443 cul
269 2385 446 2455 imprimitur,
463 2382 561 2439 decore
573 2379 677 2453 proprii
706 2378 860 2451 splendoris
884 2378 920 2433 il·
970 2379 1084 2453 xx,8.)r
1111 2378 1218 2446 Quibus
1236 2377 1368 2433 nimirum
1397 2378 1488 2435 verbis
1509 2377 1613 2451 liquido
1627 2382 1761 2453 perduce-

119 2482 233 2539 lustrat.
261 2478 361 2550 Aptum
386 2477 515 2532 nimirum
533 2475 586 2530 hoc
605 2473 779 2544 potissimum
795 2480 919 2543 tempore
969 2488 1043 2539 mur,
1054 2470 1118 2543 quia
1132 2486 1182 2542 pro
1206 2469 1366 2527 defensione
1379 2469 1441 2526 lldei
1459 2471 1717 2538 dimicarelertiter‚
1734 2482 1764 2531 ct

119 2573 205 2630 beato
224 2570 340 2643 Georgio
359 2584 521 2625 concessum
538 2574 582 2624 est
601 2564 782 2636 triumphare,
807 2564 918 2635 quaudo
967 2565 1066 2622 idonee
1075 2570 1225 2636 nequeunt,
1236 2563 1283 2636 qui
1296 2562 1386 2619 adhuc
1400 2563 1498 2620 nudari
1510 2566 1764 2639 terrenisoperibus

120 2668 266 2719 transacta
279 2662 406 2719 hiemabs
429 2660 604 2715 inclementia
618 2657 737 2714 turbinis
758 2654 853 2712 Austri
873 2655 917 2712 lo·
967 2659 1175 2729 pertimescunt.
1192 2656 1430 2729 Tolerabiliusque
1447 2665 1500 2725 est,
1517 2665 1547 2714 ut
1563 2657 1675 2715 domum
1693 2677 1763 2732 quo·

120 2758 191 2813 ruite
199 2756 330 2824 resoluta,
345 2755 407 2811 leta
419 2761 494 2809 terra
510 2752 638 2808 alacriter
650 2750 779 2823 parturit,
790 2756 819 2805 et
828 2764 919 2806 erum·
966 2750 1114 2807 dammodo
1127 2750 1275 2807 redeuutes
1290 2749 1456 2821 ignobiliter,
1471 2759 1499 2807 et
1512 2750 1636 2809 imbelles
1654 2754 1761 2819 vivant,

120 2851 254 2921 pentibus
276 2847 395 2905 diversis
412 2846 559 2903 herbarum
582 2850 666 2915 atque
693 2842 823 2897 arborum
841 2839 915 2895 llori-
966 2858 1049 2913 quam
1064 2858 1156 2900 secum
1167 2843 1306 2919 etaliosa
1321 2842 1510 2914 triumphandi
1521 2844 1609 2916 gloria
1623 2859 1673 2917 per
1684 2844 1764 2917 dege-

121 2942 323 3013 bus,tanquam
333 2940 516 3002 adolescente,
529 2944 560 2993 ut
570 2937 609 2992 ita
620 2937 727 3007 loquar,
737 2941 816 2991 aetate
832 2933 917 3005 pube·
967 2935 1043 2991 neris
1055 2935 1179 3005 exempla
1193 2936 1304 2991 timoris
1318 2941 1444 2991 avertant

121 3035 188 3093 scit.
203 3033 337 3109 Georgius
356 3033 493 3105 siquidem
510 3029 604 3087 Graece
623 3039 702 3087 terre
714 3027 801 3083 csltor
817 3026 917 3083 Latino
1002 3025 1047 3083 lll.
1075 3026 1175 3085 Beatus
1201 3043 1266 3084 vero
1288 3025 1422 3100 Georgius
1443 3029 1531 3085 sancti
1549 3026 1670 3101 Spiritus
1699 3029 1764 3103 igue

122 3134 206 3187 sonat
226 3127 345 3198 eloquio.
358 3124 411 3192 Qui
434 3124 565 3180 nimirum
580 3124 659 3195 juxta
680 3120 844 3193 presagium
866 3134 918 3174 no-
966 3136 1130 3187 succensus,
1153 3128 1180 3177 et
1204 3120 1305 3177 vexillo
1319 3120 1412 3179 crucis
1430 3122 1677 3195 inexpugnabiliter
1692 3138 1764 3195 prae·

121 3221 208 3276 minis
219 3236 274 3275 uon
288 3218 370 3275 modo
383 3232 441 3274 suae
450 3215 550 3272 mentis
565 3230 661 3287 agrurn
681 3212 816 3285 spiritalis
841 3226 919 3269 exer·
965 3213 1090 3269 munitus
1107 3213 1148 3269 sic
1172 3228 1236 3268 cum
1251 3212 1349 3285 iniquo
1359 3226 1423 3285 rege
1436 3229 1602 3286 congressus
1614 3221 1667 3283 est,
1681 3221 1712 3270 ut
1735 3222 1764 3270 et

120 3312 184 3369 citii
197 3311 352 3383 disciplinis
371 3308 507 3375 excoluit;
522 3306 569 3363 scd
588 3314 614 3363 et
629 3312 732 3363 sanctae
748 3303 917 3361 erhortatio-
965 3305 1123 3377 iniquorum
1139 3307 1264 3361 omnium
1285 3306 1438 3379 principem
1451 3306 1481 3363 iu
1495 3306 1614 3363 satellite
1626 3307 1762 3369 vinceret,

119 3404 180 3468 nis,
191 3414 220 3460 et
233 3418 285 3474 pue
297 3400 482 3472 correptionis
502 3414 612 3454 sumere
635 3407 744 3454 terrena
766 3396 916 3451 multorum
967 3396 1038 3453 etad
1053 3397 1188 3469 agendum
1204 3397 1425 3455 lortiterChrlsti
1440 3399 1558 3455 militum
1573 3400 1681 3455 animos
1691 3398 1763 3454 iuci-

119 3496 208 3551 wrda
222 3493 553 3568 prosciditvitiorumque
562 3491 691 3561 vepribus
702 3487 788 3545 erutis
801 3487 917 3543 lecuuda
967 3496 1049 3547 taret.
1066 3490 1099 3545 Et
1115 3490 1226 3561 quidem
1240 3490 1427 3549 Diocletianus
1441 3502 1507 3547 tunc
1519 3492 1680 3564 imperator,
1690 3492 1764 3549 sicut

119 3589 151 3643 in
164 3589 207 3644 eis
235 3588 368 3643 virtutum
396 3587 510 3642 arbusta
538 3583 682 3656 plantavit.
708 3580 807 3637 blerito
834 3580 917 3652 igilur
932 3560 953 3615 Β
968 3580 1143 3651 indescripta
1168 3579 1307 3651 passionis
1320 3581 1380 3651 ejvs
1399 3582 1535 3653 reperitur
1552 3582 1678 3649 historia,
1694 3604 1703 3635 ι
1718 3600 1765 3640 cu-

120 3681 199 3735 beati
211 3679 294 3750 hujus
303 3680 434 3751 martyris
449 3676 630 3734 hodleanlma
639 3681 703 3747 post
717 3681 859 3731 cruentam
875 3672 918 3727 lu·
966 3672 1012 3744 jus
1024 3688 1066 3737 os,
1074 3672 1154 3743 juxta
1168 3672 1355 3740 Psalmistam,
1368 3674 1560 3731 maledictione
1570 3675 1680 3746 plenum
1692 3688 1762 3739 erat,

119 3772 191 3828 riosl
207 3771 340 3843 principis
353 3772 469 3836 rabiem,
483 3779 546 3841 post
561 3767 720 3826 carnificum
732 3765 855 3823 leraliter
867 3780 918 3821 sae-
967 3770 995 3817 ct
1010 3762 1206 3829 amaritudine,
1222 3770 1250 3820 et
1265 3764 1424 3836 sublingua
1443 3766 1505 3837 clus
1526 3766 1617 3832 labor,
1625 3774 1652 3823 et
1673 3766 1761 3832 dolor,

118 3865 258 3921 cientium
272 3864 481 3929 immanitatem,
498 3870 561 3934 post
576 3860 717 3918 dilacerati
727 3859 853 3931 corporis
869 3872 918 3914 cx·
967 3856 1016 3925 qui
1035 3854 1147 3911 sedebat
1161 3872 1223 3911 cum
1239 3856 1373 3914 divitibus
1390 3857 1559 3925 in'soccnltis,
1576 3858 1765 3917 utinterbciat

119 3956 228 4029 quisita
241 3956 386 4027 supplicia,
409 3963 472 4027 post
494 3956 565 4027 ignis
586 3969 618 4009 ac
638 3952 714 4018 lerri,
730 3952 800 4024 picis
813 3962 841 4007 et
860 3950 918 4006 sul·
968 3946 1156 4014 innocentem,
1180 3948 1314 4007 insidians
1340 3950 1420 4021 quasi
1442 3952 1485 4007 leo
1516 3951 1545 4007 iu
1565 3952 1695 4023 spelunca
1712 3968 1763 4009 sua

119 4049 223 4122 phuris
246 4049 342 4121 iniqua
369 4054 515 4113 tormenta,
539 4054 603 4119 post
630 4045 775 4102 verberum
800 4043 918 4115 denique
969 4035 1058 4110 (Psal.
1073 4054 1101 4103 ¹.
1117 4040 1179 4112 l),»
1197 4042 1287 4112 primo
1307 4042 1386 4114 quasi
1400 4042 1595 4113 vestimentum
1616 4044 1676 4101 ovis
1697 4045 1763 4101 sub-

119 4147 231 4219 plagas,
250 4152 313 4216 post
327 4159 469 4201 carcerum
482 4146 622 4211 tenebras,
647 4152 778 4212 tanquam
798 4145 861 4210 post
879 4138 919 4192 hl·
968 4131 1050 4187 dolus
1067 4132 1166 4199 induit,
1176 4142 1204 4190 et
1213 4135 1253 4191 sic
1263 4134 1382 4207 quadam
1394 4144 1453 4192 arte
1466 4136 1603 4201 versutiae,
1620 4152 1652 4193 ac
1663 4136 1765 4195 locatis

119 4239 226 4296 beruas
248 4237 397 4294 furentium
423 4244 577 4302 ventorum,
601 4234 759 4305 niviumque
772 4230 917 4302 procellas,
968 4222 1219 4282 blandimentorum
1242 4227 1380 4284 coloribus
1397 4228 1473 4283 illum
1496 4226 1613 4284 suadere
1635 4230 1762 4286 tentavit.

119 4333 268 4389 oraculum
298 4332 351 4388 hoc
371 4331 471 4388 pqqqnae
494 4330 595 4387 meruit
622 4326 776 4385 vocationis
802 4324 915 4379 audire:
970 4311 1036 4376 Sed,
1050 4330 1112 4369 cum
1127 4314 1244 4388 insignis
1259 4317 1361 4372 athleta
1373 4317 1477 4375 Christi
1498 4319 1654 4389 spumantia
1666 4335 1699 4375 er
1714 4334 1765 4375 an·

122 4410 223 4477 sileni,
248 4412 347 4483 inquit,
365 4412 491 4468 columba
505 4427 577 4478 mea,
592 4421 700 4480 sponsa·
713 4421 783 4471 mea,
797 4403 918 4459 lormosa
968 4406 1037 4477 tiqui
1046 4408 1182 4479 serpentis
1197 4424 1245 4465 ore
1259 4425 1365 4467 venena
1378 4416 1577 4480 contemneret,
1587 4418 1614 4467 et
1635 4427 1692 4467 non
1706 4411 1765 4482 jam

121 4497 376 4568 mea;jamhlems
401 4497 511 4563 transit,
533 4496 620 4551 imber
644 4494 721 4558 abiit,
737 4499 765 4548 et
788 4490 916 4555 recessit;
967 4498 1050 4569 primi
1081 4500 1204 4571 parentis
1225 4502 1376 4574 originem,
1403 4504 1451 4559 sed
1484 4503 1598 4560 secundq
1622 4505 1714 4577 popius
1736 4505 1766 4560 q„

119 4587 207 4643 liores
221 4592 408 4660 apparuerunt
423 4587 452 4641 in
463 4593 536 4642 terra
547 4594 652 4650 nostra,
674 4590 783 4653 tempus
801 4580 919 4652 pulait&
967 4604 999 4645 se
1021 4591 1112 4647 vivere
1131 4592 1227 4651 titulos
1245 4593 1457 4660 demonstraret,
1474 4598 1602 4668 protinus
1623 4597 1678 4663 ille,
1703 4603 1767 4651 tan·

117 4682 169 4737 nis
183 4681 293 4738 adrenit
308 4679 398 4754 (Cant.
415 4679 517 4753 mlo).
533 4698 542 4731 ι
968 4699 1051 4755 quam
1063 4686 1163 4757 sagitta
1173 4686 1207 4742 de
1220 4684 1328 4745 Satauae
1355 4688 1484 4760 pharetra
1502 4690 1643 4763 prodiens,
1669 4690 1767 4745 iuuua-

158 4774 193 4831 Π.
211 4774 296 4832 Plane
306 4774 443 4832 defflllllid
456 4773 605 4831 translatus
615 4777 658 4828 081
671 4771 699 4827 in
708 4766 917 4839 militiam,qttia
968 4791 1030 4831 nem
1047 4775 1153 4847 lupum,
1177 4778 1225 4848 qui
1249 4776 1362 4845 latebat,
1380 4781 1497 4852 aperuit,
1521 4787 1549 4837 01,
1562 4779 1596 4835 gd
1625 4780 1768 4840 inserenda

115 4870 227 4928 terreni
246 4870 412 4937 tribunatus,
437 4883 492 4940 quo
507 4866 680 4939 fungebatur,
699 4862 828 4931 odicium,
841 4862 919 4919 Chri·
969 4867 1077 4924 diversa
1093 4884 1237 4939 poeuarnm
1249 4868 1385 4942 supplicia
1407 4881 1520 4929 cruenta
1531 4872 1619 4929 hestia
1644 4871 1768 4929 feraliter

118 4963 222 5021 stianae
228 4963 333 5017 militiae
343 4961 515 5034 professione
526 4960 653 5026 mutavit,
664 4965 692 5014 et
705 4964 839 5013 utrevera
852 4962 920 5012 stre
974 4959 1107 5015 ebullivit.
1119 4958 1283 5019 Glomeratis
1297 4963 1388 5035 itaque
1401 4964 1576 5021 carnificibus
1585 4966 1683 5021 heatus
1695 4962 1768 5019 llar-

116 5074 197 5116 nuus
210 5058 289 5114 miles
311 5057 389 5129 prius
403 5054 495 5110 omnia
520 5070 570 5110 sua
592 5051 758 5125 pauperibus
781 5051 916 5115 tribuens,
969 5052 1768 5128 tyrexteuditur‚verberibusquetunditur,duriscaedibus

117 5149 260 5207 sarcinam
274 5155 390 5203 terrenae
401 5144 537 5201 insultatis
549 5144 658 5214 abjecit,
673 5142 767 5213 sicque
779 5140 859 5205 liber,
870 5156 920 5195 ex·
970 5146 1100 5203 laniatur.
1117 5146 1220 5203 Dehinc
1240 5156 1300 5204 rota
1323 5150 1422 5220 gladiis
1445 5157 1550 5205 armata
1569 5147 1715 5220 praefertur
1737 5150 1767 5204 iu

115 5242 244 5315 peditus,
254 5257 287 5296 ³⁰
304 5239 367 5296 fidei
380 5237 468 5294 lorica
487 5236 663 5308 mincius,
681 5234 712 5290 iu
732 5234 821 5304 ipsius
838 5232 918 5288 densi
971 5240 1144 5306 medium,ut
1165 5240 1384 5313 circumligatum
1411 5242 1541 5314 martyris
1565 5256 1668 5314 corpus
1688 5248 1766 5298 tauto

114 5332 285 5390 certaminis
304 5332 390 5388 aciem
414 5329 537 5387 lervidus
559 5327 664 5384 Christi
679 5326 794 5382 bellator
806 5326 918 5380 immor·
971 5331 1122 5399 crudelius,
1139 5341 1243 5405 quanto
1266 5333 1447 5405 multiplicius
1470 5332 1637 5405 perloretur.
1659 5334 1765 5389 hrtilex

115 5426 170 5491 sit,
187 5432 298 5481 servato
320 5424 427 5480 scilicet
443 5422 559 5486 ordine,
575 5427 605 5476 ut
625 5435 716 5475 rerum
733 5416 840 5490 pondus
854 5426 918 5474 ante
969 5423 1099 5479 nimirum
1114 5422 1207 5481 leritas
1221 5440 1303 5490 nova,
1318 5425 1489 5497 etexquisita
1505 5412 1649 5497 poena'rum
1662 5426 1767 5483 invenit

115 5520 283 5591 deponeret,
295 5526 378 5589 atque
390 5516 429 5571 ita
442 5512 615 5587 postmodum
633 5510 668 5566 ad
679 5526 807 5582 campum
829 5516 920 5566 cerla-
969 5526 1140 5589 argumenta,
1149 5523 1177 5574 et
1187 5517 1221 5574 ad
1232 5516 1391 5574 satiandum
1406 5516 1449 5573 sui
1466 5516 1569 5575 luroris
1580 5518 1684 5574 rabiem
1703 5504 1767 5589 pbi-

114 5609 208 5666 nrinis
229 5608 431 5681 imperterritus
457 5606 604 5679 prosiliret.
626 5602 705 5661 Unde
718 5611 772 5668 est,
801 5603 874 5675 quod
888 5602 918 5658 in
968 5608 1131 5681 iosaphatur
1147 5608 1175 5666 iu
1190 5608 1346 5666 excedenda
1358 5610 1529 5667 crudelitatis
1546 5610 1673 5667 humanae
1686 5624 1767 5666 ineu·

114 5702 183 5773 lege
193 5699 368 5773 praecepitur,
379 5707 411 5756 ut
425 5702 507 5757 homo
518 5697 727 5762 formidolosus,
737 5703 766 5755 et
778 5689 863 5753 corde
870 5704 921 5768 pa·
968 5714 1045 5769 eura,
1056 5700 1188 5774 ignorans
1202 5702 1318 5770 scilicet,
1336 5703 1401 5775 qnia
1421 5704 1572 5775 pretiosum
1584 5696 1682 5760 nitoris
1697 5712 1765 5759 citit·

113 5792 189 5849 sido
203 5805 261 5848 non
273 5792 428 5865 egrediatur
437 5792 471 5850 ad
481 5791 593 5859 bellum,
614 5782 663 5850 sed
676 5809 685 5843 ι
697 5787 795 5857 Vadat,
817 5787 916 5863 inquit,
969 5790 1058 5863 spioni
1068 5794 1248 5865 margaritum
1261 5790 1331 5852 rivis
1343 5802 1425 5869 atque
1449 5804 1575 5873 superae
1591 5792 1764 5857 literarum
