3967 6334
103 363 161 423 469
568 366 603 423 ΙΝ
623 366 724 425 uubis
744 358 790 422 fix
806 363 1100 436 custoditurum
1120 363 1281 426 TERTIUS.
1685 373 1739 430 tto

103 495 166 534 sum
177 480 259 537 terris
273 481 454 539 trementibus
470 475 647 540 nontinbent.
659 483 738 540 func
750 493 899 556 agnoscent
911 490 937 547 Α
949 489 1015 540 tunc
1037 481 1155 539 latitabit
1171 484 1199 539 in
1222 484 1315 548 terris,
1332 483 1379 540 sed
1393 485 1420 539 in
1439 483 1561 540 millibus
1575 492 1733 540 sanctornm

101 575 251 630 onesinum
264 575 420 646 miquitatis
437 589 505 640 suae,
517 576 566 647 qui
579 575 902 647 Dominummajestatis·
946 573 1172 632 manifestissima
1193 583 1237 633 est
1258 577 1286 631 in
1310 576 1397 633 eoelis.
1418 575 1491 632 Tenc
1505 576 1630 645 plangent
1649 593 1738 632 omnes

99 662 308 721 crucifixerunt.
327 665 361 721 Ει
383 675 448 722 tune
475 665 579 722 frustra
598 667 757 724 fatebuntur
784 668 896 740 impiam
946 664 1032 721 tribes
1053 674 1139 734 terre,
1159 665 1187 722 iil
1205 674 1257 733 εει,
1271 667 1353 738 digna
1367 666 1613 738 planctutfacient,
1626 673 1655 724 ει
1677 671 1739 740 que

98 755 254 814 mitatem
274 773 364 822 suam,
379 747 493 831 quando
508 759 635 815 ostendet
643 760 758 815 vulnera
773 774 823 815 sua
847 773 896 815 rex
946 757 1072 829 planetus
1090 757 1246 814 necessario
1267 745 1404 830 sequetur.
1421 749 1531 814 Nullum
1548 758 1622 814 enim
1635 759 1739 818 malurn

100 843 208 916 glorie,
232 854 260 904 ct
284 849 396 921 quando
420 849 554 906 ridebunt
574 849 603 905 in
622 865 704 922 quem
725 865 894 922 compunxe-
945 848 1120 920 impunitum.
1133 848 1168 904 fit
1188 849 1296 907 undem
1307 849 1429 906 ridebent
1446 849 1547 905 Filienr
1561 849 1674 907 bominis
1694 869 1716 904 o·

98 943 179 992 runt.
864 925 867 930 ¹
945 940 1060 997 nerem
1080 943 1108 999 in
1128 943 1239 1000 rebilus
1263 943 1331 1010 cmii,
1354 943 1454 1010 idest,
1476 946 1504 1001 in
1529 946 1645 1012 sanctis,
1666 946 1738 1002 sicot

136 1025 174 1081 m
193 1027 315 1084 εἰάιιιειι
333 1028 437 1086 Filiern
447 1030 561 1088 bominis
580 1033 724 1090 venientem
737 1035 766 1088 in
782 1032 895 1089 nehibes
944 1033 1109 1091 etiamnunc
1119 1037 1384 1100 renirenoneessat‚
1396 1035 1547 1092 secundom
1558 1036 1585 1094 id
1595 1037 1667 1108 quod
1679 1036 1735 1093 alt:

96 1118 170 1184 eoeii,
183 1137 243 1176 cent
253 1123 349 1178 cirtete
359 1123 445 1178 melta
457 1133 484 1180 et
496 1125 645 1195 majestate.
945 1123 1047 1180 inodo
1065 1123 1186 1180 videbitis
1198 1123 1299 1180 Filium
1320 1125 1433 1181 hominio
1453 1125 1583 1182 sedentem
1601 1143 1618 1182 e
1635 1127 1747 1182 dentes

134 1209 191 1279 Qui
206 1214 284 1284 prius
299 1215 371 1272 sicut
386 1217 477 1288 pluria
492 1216 522 1274 in
533 1218 622 1273 uellus
635 1215 778 1274 deseendit
794 1216 823 1272 in
840 1217 893 1271 bu·
944 1217 1051 1273 oirtetis
1066 1215 1126 1282 Dei,
1136 1227 1163 1273 et
1183 1218 1327 1274 venientem
1350 1219 1379 1273 in
1397 1216 1511 1274 nebiber
1525 1218 1593 1274 enti.
1607 1215 1660 1274 Sed
1672 1218 1737 1274 rdeo

97 1304 229 1371 nullitate,
239 1307 330 1364 reniet
344 1309 374 1364 in
385 1317 522 1381 potestate
535 1318 564 1368 et
574 1310 672 1383 gloria.
683 1309 717 1364 Et
728 1312 793 1382 quia
806 1311 894 1367 nubes
944 1314 1012 1365 tunc
1025 1325 1085 1364 cens
1107 1319 1235 1380 potestate
1251 1327 1350 1384 magne
1362 1321 1387 1365 et
1403 1311 1542 1381 majestate
1556 1310 1656 1375 ueniet,
1670 1310 1738 1381 quia

96 1399 225 1470 suscepit
233 1415 296 1456 erim
315 1409 425 1458 euntem
443 1403 471 1458 in
486 1405 597 1468 coelom,
613 1410 641 1460 et
658 1403 714 1459 illic
732 1403 838 1459 dictum
851 1411 901 1461 est·
944 1399 1034 1470 maior
1048 1409 1170 1472 potestas
1189 1410 1217 1459 et
1228 1401 1360 1472 majestas
1374 1401 1448 1458 illius
1463 1401 1605 1473 apparebit
1619 1400 1746 1464 sanetis·

97 1493 133 1546 ab
158 1494 276 1566 angelis,
293 1496 421 1568 quoniam
442 1497 483 1553 sic
497 1497 589 1553 veniet
609 1497 682 1554 sieut
705 1496 781 1562 abiit,
795 1496 894 1552 merito
943 1490 1045 1561 quibus
1063 1507 1189 1564 magnam
1204 1493 1334 1550 uirtutem
1351 1493 1437 1558 111111,
1456 1509 1492 1550 111
1511 1501 1587 1549 1111111
1607 1501 1738 1564 1111111111·

95 1583 254 1642 eredffldus
268 1593 310 1642 ρει
324 1602 380 1642 ῃοῃ
398 1588 487 1644 gotum
502 1587 531 1643 in
545 1587 640 1644 eodem
660 1602 785 1659 cor-pore,
798 1588 901 1642 rerum
943 1583 1018 1638 tione
1031 1584 1186 1640 vincantur.
1201 1584 1236 1638 Ει
1257 1586 1343 1640 mittet
1357 1585 1462 1657 angelos
1474 1601 1547 1650 reor,
1561 1584 1589 1639 id
1601 1591 1654 1649 εει,
1666 1599 1738 1656 prm·

95 1674 183 1729 ctiam
197 1676 227 1731 in
236 1677 310 1733 nube
321 1685 463 1736 venturus.
899 1697 903 1705 =
943 1672 1099 1742 dicatores;
1113 1677 1142 1730 in
1155 1675 1229 1742 teba,
1242 1677 1270 1732 id
1280 1677 1376 1740 est,in
1390 1675 1622 1734 manifestatione.
1637 1675 1667 1734 Ιιι
1677 1677 1743 1748 lege

134 1765 170 1819 Et
182 1776 245 1824 tene
254 1772 339 1825 mittet
349 1770 455 1842 angelos
465 1789 528 1826 snos
538 1788 597 1826 cent
608 1771 671 1827 teba
680 1782 704 1828 et
716 1789 889 1843 eccemagna,
942 1765 1016 1821 enim
1028 1768 1224 1838 praecipiuntur
1237 1767 1295 1824 fleri
1309 1769 1382 1824 iubae
1395 1767 1557 1825 1111111111
1573 1783 1651 1834 11110,
1663 1783 1745 1839 ‚me

93 1866 120 1910 et
130 1859 327 1931 congregabant
346 1862 441 1917 clectos
455 1862 513 1933 ejes
524 1880 540 1916 n
552 1864 769 1936 quatuorcentis,
785 1880 802 1918 n
819 1849 929 1918 seon-B
943 1869 1066 1928 argento,
1090 1866 1120 1914 ut
1140 1859 1268 1916 sublimia
1285 1860 1473 1916 doctrinarum
1498 1869 1629 1918 resonent
1642 1873 1746 1917 sacram

94 1950 146 2004 mis
162 1951 290 2007 coeiersnr
299 1969 380 2024 usqne
389 1953 424 2008 nd
434 1954 561 2010 terrenos
575 1973 675 2010 eorum,
946 1957 1049 2015 menta,
1064 1959 1089 2006 et
1100 1949 1293 2024 congregabunt
1303 1952 1397 2008 eiectos
1407 1949 1505 2024 ejesde
1518 1961 1631 2025 qeeteor
1641 1953 1737 2008 mundi

131 2039 245 2116 [Bromi
262 2042 353 2100 'furba
369 2055 411 2102 εει
433 2053 559 2118 potestas
583 2046 735 2104 suscitandi
760 2053 893 2108 mortuos,
946 2038 1547 2107 11111111,1111111110100111111111111111·
1563 2040 1738 2109 1111111111

92 2148 148 2187 εει
174 2149 285 2206 magna,
301 2144 331 2191 ut
349 2137 441 2192 nulius
458 2147 598 2193 remaneat
620 2153 676 2194 non
695 2138 896 2199 suscitatus‚ct
945 2144 1046 2202 magna
1068 2133 1121 2188 erit
1148 2140 1308 2189 sanctornm
1336 2136 1501 2199 constantia,
1523 2149 1586 2191 cum
1613 2135 1745 2190 auditune

59 2252 65 2263 ·
92 2237 123 2278 ιιι
137 2241 240 2283 ornnes
259 2228 315 2284 sint
330 2228 358 2284 in
375 2227 492 2298 judicio.
505 2229 527 2283 Α
539 2240 654 2301 penteor
663 2229 758 2293 nentis,
770 2228 798 2284 id
811 2235 864 2292 εει,
879 2242 896 2281 ι
946 2221 1030 2282 fuerit
1042 2227 1117 2298 quod
1130 2227 1321 2286 Antichristus
1336 2230 1435 2302 spiritu
1447 2231 1505 2288 oris
1525 2229 1634 2288 bomini
1650 2232 1732 2288 inter·

91 2328 219 2389 niratuor
241 2321 397 2378 climatibus
424 2323 531 2390 mundi,
555 2323 661 2379 oriente
693 2329 721 2380 ει
743 2321 897 2386 οεεὶιιειιιε,
946 2316 1036 2376 fectus
1045 2319 1092 2385 sit,
1108 2327 1135 2376 ει
1145 2322 1235 2379 omnis
1247 2320 1331 2379 lsrael
1342 2339 1493 2380 conversus
1507 2325 1541 2380 ad
1555 2323 1646 2383 fldem.
1736 2341 1744 2358 ·=

91 2411 228 2481 aquilone
242 2419 271 2468 et
285 2421 391 2470 austro.
407 2412 441 2467 Et
454 2430 490 2470 ne
505 2413 569 2486 quis
583 2421 692 2486 putaret
710 2427 767 2469 non
780 2412 865 2469 etiam
880 2426 896 2466 a
983 2409 1035 2466 fiir
1055 2420 1143 2466 netem
1167 2413 1226 2482 ficri
1252 2414 1447 2486 incipientibus,
1465 2415 1587 2487 respicite
1606 2425 1632 2472 et
1655 2417 1740 2471 lenate

90 2503 309 2562 nredfterraneis
329 2508 489 2580 regionibus
510 2508 728 2582 congregandos,
751 2505 895 2578 subiunxit
946 2501 1036 2569 capite
1054 2510 1149 2568 outre,
1165 2503 1291 2574 queniam
1311 2506 1503 2578 appropinpent
1526 2504 1737 2577 redrntptioer-

90 2594 209 2654 marcus
225 2618 233 2656 :
249 2597 271 2654 A
287 2604 390 2656 semme
415 2611 493 2658 terre
512 2618 595 2674 esgtoe
618 2599 654 2656 nd
673 2615 805 2657 seminent
826 2598 895 2663 celi,
946 2603 1013 2648 atre.

89 2687 193 2756 idest,
208 2692 244 2746 ab
255 2694 387 2750 extremis
396 2702 477 2752 terrae
487 2694 588 2751 hnibrm
597 2711 647 2766 per
656 2694 790 2750 directum
803 2705 892 2762 usque
983 2685 1128 2764 [Gerous]
1139 2688 1209 2748 Cum
1222 2691 1308 2764 plagae
1327 2692 1422 2748 mundi
1437 2693 1625 2750 crebrescunt.
1635 2698 1663 2750 ει
1680 2699 1737 2748 ter-

90 2781 125 2836 ad
151 2783 270 2840 ultimos
291 2786 425 2843 terminos
444 2787 517 2858 ejus,
539 2787 586 2842 ubi
609 2787 688 2857 longe
717 2799 733 2839 a
761 2776 895 2856 [alonge]
947 2795 993 2835 ror
1012 2779 1110 2850 ludicii
1132 2783 1278 2839 commotis
1297 2783 1443 2842 virtutibus
1467 2785 1632 2852 ostenditur,
1655 2784 1737 2839 leonto

88 2876 285 2945 spectantibus
319 2878 441 2935 circulus
477 2879 540 2934 coeli
570 2889 651 2934 terrae
685 2876 795 2933 ridetur
824 2873 895 2929 insi·
945 2873 1044 2943 capita,
1060 2873 1087 2930 id
1110 2883 1163 2941 εει,
1176 2875 1326 2934 exhilarate
1345 2877 1446 2945 corda;
1466 2878 1530 2950 quia
1556 2878 1621 2933 dum
1642 2875 1745 2932 finitur·

89 2968 168 3025 dere.
189 2967 292 3026 Omnes
311 2986 377 3043 ergo
396 2979 543 3028 occurrent
563 2970 598 3026 ad
610 2969 754 3041 judicium,
768 2975 797 3024 et
814 2965 897 3023 electi
946 2967 1066 3023 mundus
1083 2968 1131 3024 'cui
1145 2968 1226 3026 amici
1240 2984 1296 3025 non
1312 2971 1389 3036 estis,
1410 2985 1495 3042 prope
1518 2977 1561 3026 est
1582 2966 1744 3040 redemptio*

87 3068 116 3114 ει
127 3061 255 3131 repmbi.
268 3061 413 3118 Matthaeus
424 3063 509 3119 dicit:
524 3061 669 3118 lisemmis
680 3059 804 3116 coelorem
813 3073 895 3129 argee
945 3075 1028 3132 quarn
1043 3062 1189 3132 quesistis.
1205 3061 1236 3118 lu
1255 3061 1398 3136 Scriptura
1412 3078 1490 3119 sacra
1506 3077 1577 3133 saepe
1589 3068 1672 3133 caput
1684 3073 1736 3132 pro

88 3148 125 3202 nd
136 3151 270 3206 teminor
285 3167 376 3207 eorem
387 3167 397 3207 .·
407 3152 480 3224 quod
493 3151 640 3223 significat,
654 3164 751 3206 011111ιε
767 3147 815 3220 qui
829 3151 894 3204 sunt
946 3161 1037 3208 mente
1048 3152 1169 3224 peritum
1181 3153 1256 3226 quia,
1266 3154 1337 3211 sicut
1353 3154 1442 3226 capite
1456 3159 1587 3227 reguntur
1600 3153 1744 3215 membra,-

87 3242 142 3296 εει)
155 3243 299 3299 curvitate
308 3243 383 3309 eoeli,
395 3244 475 3316 qoasi
493 3259 544 3315 per
557 3243 740 3300 horizontem.
755 3239 891 3309 Quoniam
905 3218 926 3277 C
943 3244 981 3299 ita
996 3246 1175 3318 cogitationes
1186 3255 1277 3303 mente
1292 3248 1486 3319 disponuntur.

87 3334 322 3391 commentatoris
335 3343 379 3392 εει
389 3335 509 3392 maxime
520 3335 550 3392 in
565 3335 692 3392 obscuris
709 3334 789 3400 loeis,
801 3333 900 3390 diter.
1217 3334 1333 3393 CAPUT
1348 3334 1462 3393 chnut.

88 3441 191 3481 sorum
205 3427 360 3485 sententias
381 3427 410 3483 in
423 3428 553 3500 opinione
562 3427 675 3484 lectoris
688 3441 801 3499 ponere,
818 3425 892 3497 lega-
976 3427 1022 3482 At·
1035 3426 1128 3485 arbore
1145 3436 1233 3483 netem
1247 3429 1292 3500 fici
1307 3427 1577 3499 discitcpernbnlern.
1592 3425 1660 3484 Gens
1673 3427 1736 3497 jorn

89 3533 153 3572 erus
172 3524 203 3574 et
222 3519 302 3575 aliter
324 3540 331 3575 :
353 3517 452 3575 Statim
472 3527 534 3592 post
556 3520 767 3578 tribulationem·
783 3504 891 3574 dierum
942 3533 1034 3574 rames
1048 3519 1105 3590 cies
1119 3527 1192 3574 tener
1202 3519 1292 3590 ferre,
1304 3527 1330 3574 et
1344 3519 1412 3590 febe
1426 3527 1640 3585 nnte,rtomner
1654 3517 1734 3573 arle-

89 3612 207 3666 rflorum
232 3611 391 3683 inemptam,
405 3629 461 3668 non
475 3613 564 3670 adhue
587 3612 703 3677 linitam,
723 3612 764 3669 sol
777 3610 891 3682 justitiae
941 3625 982 3665 rer
997 3627 1056 3665 enm
1069 3611 1281 3683 producentium
1291 3611 1501 3683 senescentem,
1516 3613 1590 3667 scitis
1606 3611 1741 3681 qnoniam

86 3703 291 3759 obscurabitur
309 3704 343 3760 ad
355 3705 443 3778 gelida
457 3705 549 3763 corda.
563 3705 727 3762 sicutenim
744 3719 794 3775 pro
808 3710 890 3774 captu
939 3716 1019 3772 prope
1036 3711 1075 3758 cst
1090 3711 1180 3769 nster,
1200 3704 1239 3758 ite
1252 3712 1276 3758 et
1289 3721 1343 3770 oon,
1363 3720 1423 3758 cem
1441 3703 1559 3760 sideritis
1573 3701 1628 3758 free
1644 3703 1734 3758 omnin

87 3795 214 3851 sidentis
235 3795 331 3852 radius
345 3797 478 3852 mundani
493 3797 560 3854 solis
575 3804 625 3853 aut
645 3795 772 3868 pallidior
781 3794 891 3851 ridetur
940 3793 1010 3863 fieri,
1022 3796 1114 3850 scitoto
1125 3797 1188 3867 qeie
1199 3811 1279 3866 prope
1287 3801 1326 3852 est
1336 3797 1364 3852 in
1373 3796 1476 3867 joneis.

86 3895 136 3941 aut
160 3887 279 3952 clarior,
294 3889 332 3942 ita
350 3903 401 3960 pro
424 3888 569 3946 devotione
581 3888 718 3946 credentis
741 3888 890 3958 unicuique
977 3885 1054 3944 Sicut
1064 3888 1197 3946 exfructa
1211 3891 1340 3946 arbomm
1351 3891 1442 3947 vicina
1453 3899 1534 3949 aestas
1545 3891 1738 3963 cognoscitur„

86 3975 240 4045 spirituale
258 3977 351 4034 lumen
370 3977 534 4035 infunditur,
555 3979 632 4035 Luna
647 3995 703 4036 non
723 3979 771 4035 dat
785 3979 887 4042 lumen,
940 3979 978 4034 ita
992 3995 1026 4036 ει
1040 3981 1120 4035 ruina
1144 3982 1238 4040 mundi
1250 3997 1335 4054 prope
1351 3999 1413 4040 esse
1426 3984 1603 4056 cognoscitur
1617 3997 1733 4055 regnum

86 4067 241 4136 siobjectu
252 4076 332 4126 terrae
342 4069 412 4126 radii
425 4071 492 4128 solis
501 4071 692 4136 excludantur,
707 4071 748 4126 sic
758 4078 786 4128 et
795 4069 890 4125 Eccle-
939 4067 997 4125 bei.
1022 4069 1061 4126 lix
1079 4071 1122 4128 bis
1141 4073 1232 4130 serbis
1252 4075 1411 4132 ostenditur
1426 4077 1495 4147 quia,
1509 4074 1615 4132 fructus
1635 4075 1732 4134 mundi

86 4159 129 4213 sia
145 4174 207 4214 non
221 4160 307 4227 dabit,
323 4177 386 4217 cum
399 4161 467 4219 sitia
480 4164 574 4220 carnis
586 4164 731 4227 obsistent,
745 4179 780 4219 ne
801 4162 889 4234 fulgo-
939 4163 1019 4218 ruina
1043 4171 1094 4220 est.
1109 4163 1151 4220 Ad
1175 4165 1227 4224 boc
1247 4166 1320 4222 enim
1344 4168 1455 4232 crescit,
1470 4173 1501 4221 ut
1519 4167 1608 4223 cadat.
1623 4166 1665 4222 Ad
1679 4168 1733 4225 boe

86 4267 147 4306 rem
159 4251 251 4307 divini
268 4253 381 4310 luminis
393 4254 433 4312 de
441 4254 545 4312 Christi
555 4255 641 4312 radiis
654 4255 743 4327 possit
756 4255 886 4311 mutuari.
938 4255 1073 4327 germinat
1091 4265 1133 4322 ut,
1148 4273 1209 4329 quae
1223 4260 1425 4331 genuinarerit,
1437 4257 1560 4316 cladibus
1575 4265 1730 4317 consumat.

85 4339 219 4414 Namque
229 4341 258 4398 in
271 4345 509 4414 persecutionibus
522 4345 611 4402 lucem
625 4344 673 4402 Dei
687 4347 763 4402 solus
773 4346 890 4416 plerum·
939 4347 1011 4404 Bene
1020 4357 1109 4406 autem
1124 4365 1236 4422 regnum
1250 4350 1298 4408 bei
1311 4352 1398 4408 aestati
1414 4358 1565 4422 comparat,
1581 4351 1646 4424 quia
1667 4361 1733 4408 tunc

85 4448 143 4503 oue
158 4447 242 4488 amor
255 4432 339 4506 hujus
350 4435 414 4491 ritae
424 4435 553 4493 excludit.
569 4435 660 4493 Stellae
671 4436 766 4492 cadent
778 4435 811 4492 dt
824 4437 889 4493 celo
939 4441 1067 4497 moeroris
1089 4442 1183 4498 nubila
1207 4443 1373 4510 transibunt,
1393 4452 1420 4500 ει
1444 4444 1504 4500 dies
1516 4444 1579 4500 vitae
1599 4444 1732 4516 fulgescet

85 4521 168 4595 (Gen.
187 4524 244 4598 xv),
257 4525 285 4582 id
300 4533 353 4592 εει,
365 4526 401 4584 de
422 4526 556 4594 Ecclesia,
568 4529 698 4600 quoniam
715 4545 785 4600 pene
801 4529 889 4586 deerit
903 4567 926 4622 D
939 4535 1035 4589 aeterni
1046 4535 1112 4593 solis
1132 4535 1265 4592 claritate.
1277 4535 1359 4592 Juxta
1371 4535 1491 4608 priorem
1511 4536 1733 4609 supradictarum

85 4631 188 4672 semen
199 4616 327 4682 Abrahae,
345 4617 390 4673 cui
400 4619 560 4676 assimilatae
574 4628 639 4676 sunt
651 4620 747 4676 stellae.
765 4619 888 4693 [fleme]
942 4627 1149 4698 sententiarum,
1161 4628 1199 4683 ita
1209 4629 1416 4686 determinando
1428 4631 1548 4703 excipies
1565 4629 1650 4688 :cnm
1661 4627 1732 4687 oles

89 4707 216 4764 l'irtetcs
239 4709 364 4765 celerem
387 4711 567 4777 nescienter,
584 4713 649 4784 quia
663 4713 776 4785 quidam
798 4712 891 4770 fideles
942 4721 1002 4775 ritis
1018 4719 1072 4775 ftoec
1087 4722 1176 4776 omnin
1195 4717 1263 4790 ficri,
1278 4722 1410 4779 subaudis
1434 4739 1496 4795 quae
1516 4724 1589 4779 dicta
1611 4729 1675 4781 sunt
1697 4721 1732 4780 de

83 4796 240 4854 fortissimi
259 4800 444 4856 turbabuntur
458 4801 550 4874 impiis
563 4803 635 4858 ultra
649 4802 761 4859 modum
776 4803 891 4859 saevten-
941 4817 1064 4881 tempore
1100 4812 1300 4882 persecutionis
1328 4813 1503 4880 Antichristr',
1535 4815 1633 4872 scitote
1665 4815 1730 4886 quia

82 4891 176 4947 tibus.
194 4889 244 4948 Vel
263 4893 353 4963 angeli
369 4895 555 4950 movebuntur
565 4895 600 4951 ad
610 4896 680 4950 iram
691 4895 829 4960 medietas,
841 4894 889 4966 qui
941 4915 1025 4975 prope
1036 4909 1079 4958 est
1090 4905 1291 4959 consummatio
1305 4906 1408 4964 saeculi.
1425 4904 1531 4980 [finon]
1543 4905 1665 4980 llystiee
1682 4919 1731 4976 per

82 4998 150 5038 cum
178 4983 252 5040 tuba
270 4984 396 5041 mittendi
415 4995 480 5041 sunt
499 4985 601 5042 afilio
614 4986 744 5044 hominis.
766 4985 803 5042 fn
821 4987 888 5043 tuba
941 4993 1022 5050 ficum
1040 4993 1201 5065 intelligitur
1215 4993 1357 5069 synagoga
1372 4995 1510 5065 damnata,
1526 4996 1636 5070 quando
1650 4995 1731 5054 Chri·

82 5076 161 5130 onim
187 5074 238 5131 bei
262 5075 430 5134 descendere
450 5079 502 5134 boe
516 5086 569 5145 est,
590 5079 701 5134 nomine
724 5077 772 5134 bei
787 5079 889 5135 bellum
940 5092 1000 5142 stus
1014 5085 1041 5141 in
1056 5099 1089 5141 ea
1103 5101 1158 5142 non
1170 5085 1275 5143 invenit
1285 5087 1404 5144 fructum
1411 5089 1526 5160 justitiae
1539 5105 1621 5161 quem
1633 5089 1731 5161 quaesi·

81 5184 197 5238 gerere.
209 5167 277 5232 Nam
296 5185 346 5239 per
364 5170 543 5226 novissimam
557 5171 651 5226 tubam
672 5171 833 5243 intelligitur
843 5187 890 5227 er·
938 5178 987 5233 vit.
1010 5177 1078 5234 Cum
1104 5187 1193 5234 autem
1219 5179 1279 5236 fidei
1304 5182 1392 5237 lucem
1411 5182 1524 5253 recipiet
1539 5182 1633 5248 lsrael,
1648 5181 1730 5237 arbor

81 5267 216 5322 tremum.
229 5259 332 5317 bellum
354 5261 537 5333 rnaiignorum
564 5262 723 5334 spirituum,
748 5263 795 5336 qul
816 5278 890 5333 saepe
939 5267 984 5322 frci
1008 5268 1056 5324 diu
1075 5268 1177 5325 sterilis
1199 5268 1318 5326 fructum
1342 5271 1447 5339 reddet,
1464 5272 1544 5342 ΙῙιιιιι
1565 5271 1633 5328 illud
1656 5271 1728 5329 beati

81 5349 153 5404 sicti
183 5352 312 5407 suntab
332 5351 447 5423 angelis,
463 5360 496 5408 ut
513 5353 552 5410 ait
574 5353 696 5410 loannes
720 5355 885 5425 apostolus:
937 5357 1130 5432 fob:Lignern
1150 5359 1514 5433 internascentium
1531 5363 1731 5434 [semermes

88 5439 154 5495 l'idi
164 5439 284 5498 lichnel
296 5453 322 5499 et
339 5444 512 5516 engelcsejes
522 5446 623 5502 inscio
633 5456 778 5518 pegnnmn
797 5445 888 5504 edect-
937 5452 1008 5505 enint
1027 5453 1139 5520 virescit,
1149 5461 1174 5508 et
1189 5454 1259 5507 rami
1269 5453 1326 5524 ejes
1340 5452 1474 5524 pellefnnt
1497 5453 1729 5530 (consrvitium

81 5549 132 5588 ser
152 5532 297 5591 draconem
322 5534 414 5606 (Apes.
434 5538 496 5609 xer).
519 5537 677 5596 Extremum
700 5539 801 5596 bellum
821 5547 886 5595 tune
938 5541 983 5596 uhi
1007 5540 1108 5598 factum
1135 5543 1247 5611 rideris,
1272 5551 1395 5602 aestatem
1422 5563 1492 5604 verae
1516 5549 1585 5606 lucis
1612 5565 1673 5606 esse
1700 5548 1729 5604 in

79 5625 150 5690 crit,
168 5627 236 5696 qrria
246 5627 276 5683 in
290 5627 606 5701 geierrnam‘mitteotur.
619 5631 753 5704 'fempore
769 5631 886 5687 tribula·
938 5634 1063 5706 prorirm
1074 5651 1132 5693 non
1146 5637 1277 5710 ambigas.
1294 5637 1376 5696 Prius
1392 5640 1474 5696 etiam
1498 5657 1593 5698 omnes
1616 5641 1730 5697 arbores

80 5717 176 5772 dionis
191 5717 351 5776 Antichristi
363 5720 613 5794 αρριιιιῦἰίιιᾳηειιιι
634 5722 701 5778 filil
717 5721 841 5789 hominis,
857 5723 886 5777 t'n
937 5731 1089 5800 producent
1101 5747 1134 5788 ex
1154 5747 1184 5788 se
1200 5731 1329 5798 frugium,
1345 5735 1409 5806 quia
1428 5735 1520 5807 populi
1541 5735 1662 5791 omnium
1680 5737 1736 5790 nae*

80 5807 154 5862 eolo
172 5810 307 5868 subaudis
321 5819 347 5868 et
362 5827 417 5869 non
433 5813 461 5868 in
476 5822 560 5870 terra.
573 5814 697 5872 illiceris
708 5808 782 5873 enim
792 5816 885 5872 crucis
937 5823 1042 5880 tionum
1064 5823 1213 5882 secundum
1238 5826 1409 5899 supradictas
1425 5829 1582 5901 prophetias
1596 5827 1729 5900 recipient
