3967 6334
238 377 274 442 η
713 373 898 432 ZAGllAlilAE
918 374 1219 433 cuhvsorotttoul
1235 375 1392 434 briscona
1828 383 1863 440 88

237 492 309 549 dulci
330 494 484 548 minuerent
503 490 663 562 potentiam,
676 491 765 548 divisa
784 492 812 546 in
829 499 948 563 quatuor
963 507 1027 564 par·
1041 501 1062 554 A
1077 500 1196 549 strueret
1211 510 1241 550 se
1255 493 1340 552 Mum
1355 495 1484 553 habuisse
1499 502 1603 567 patrem
1624 501 1769 569 antequam
1782 513 1863 554 mun-

237 593 278 642 tcs
303 585 453 656 provincia,
474 589 590 654 quatuor
610 581 709 638 iratres
724 583 849 639 Archelai
872 584 960 641 cidem
982 599 1026 640 re-

237 678 333 748 gcndae
343 675 534 748 praeiecerunt.
551 674 604 742 Qui
619 675 719 746 singuli
731 690 747 730 a
759 676 912 747 principatu
922 683 1026 746 quartae

238 771 339 840 partis,
366 767 461 824 oraeco
484 783 611 824 sermone
625 777 689 824 sunt
716 769 861 824 tetrarchae
880 767 980 822 vocati.
1005 765 1026 820 Ε

237 864 421 934 quiibusunus
440 862 491 917 init
512 860 634 918 Herodes
648 862 695 932 qui
714 860 846 917 ioannem
870 861 1024 923 decollavit,

237 965 265 1013 et
279 957 307 1012 in
318 955 446 1027 passione
459 954 567 1010 Domini
581 954 668 1010 Pilato
681 970 823 1011 assensum
836 954 968 1024 praebuit3
983 969 1027 1009 se·

237 1049 344 1104 candus
358 1047 510 1120 Antipater,
531 1047 630 1104 tertius
648 1046 775 1118 Lysania,
796 1052 911 1117 quartus
924 1045 1027 1116 Philip.

238 1155 300 1210 pus,
326 1148 356 1194 ut
376 1139 526 1211 scriptores
547 1147 701 1210 temporum
724 1139 851 1210 produnt.
873 1137 1027 1193 Notandum

238 1239 329 1290 tamen
347 1231 526 1304 quorumdam
545 1247 606 1288 esse
628 1232 793 1303 opinionem,
816 1231 888 1301 quod
908 1229 1027 1286 llerodes

238 1322 349 1378 evoluto
365 1337 436 1376 anno
450 1329 512 1391 post
525 1320 628 1377 Christi
641 1321 820 1386 nativitatem,
841 1319 971 1378 occiderit
985 1320 1028 1374 in-

239 1413 329 1471 fantes
344 1429 360 1470 a
373 1414 478 1470 bimatu
492 1421 519 1469 et
540 1413 621 1468 inira.
645 1412 768 1468 Timebat
783 1412 869 1480 enim,
891 1420 921 1467 ut
938 1411 1026 1477 aiunt,

237 1522 274 1566 ne
288 1521 355 1578 puer
370 1507 414 1560 cui
429 1506 518 1562 sidera
533 1505 744 1570 famulabantur,
760 1505 842 1576 paulo
861 1520 943 1576 supra
962 1512 1029 1559 aeta-

238 1605 295 1655 tem
308 1599 350 1655 rel
365 1597 447 1663 inira,
463 1598 582 1670 speciem
597 1599 649 1654 sibi
663 1597 882 1654 transformaret.
898 1599 1029 1669 Augusti-

1076 580 1129 639 dus
1140 584 1226 641 tieret.

1111 675 1146 731 Et
1171 694 1223 733 nou
1242 688 1414 751 cognorerunt
1436 689 1559 750 parentes
1581 680 1649 750 ejus.
1672 679 1863 740 Existimarem

1077 779 1164 826 autem
1177 772 1254 826 ilium
1275 789 1331 828 esse
1345 774 1373 827 in
1386 774 1527 840 comitutu,
1543 783 1665 829 uenerunt
1685 775 1736 829 iter
1754 774 1818 840 diei,
1838 787 1865 832 et

1077 860 1244 932 requirebant
1264 878 1322 916 eum
1338 863 1408 917 iuter
1422 872 1546 934 cognatos
1560 871 1586 917 et
1598 872 1691 928 notos,
1711 873 1737 919 et
1756 882 1809 919 non
1823 867 1865 918 iu·

1076 954 1225 1019 uenientes,
1250 955 1361 1025 repressi
1383 963 1445 1010 suut
1468 956 1497 1009 iu
1517 952 1685 1020 Jerusalem,
1706 957 1864 1025 requirentes

1076 1062 1145 1099 eum.

1114 1132 1143 1188 Si
1168 1132 1230 1203 quis
1252 1140 1367 1205 quaerat,
1387 1132 1524 1204 quomodo
1547 1141 1675 1204 parentes
1696 1135 1868 1204 reliquerunt

1077 1242 1139 1282 eum
1153 1232 1229 1280 tanta
1249 1242 1315 1280 cura
1327 1226 1474 1295 nutritum;
1491 1225 1697 1297 respondemus,
1718 1227 1783 1298 quia
1801 1227 1868 1282 liliis

1077 1318 1160 1374 lsrael
1173 1333 1233 1374 mos
1246 1317 1307 1385 luit,
1327 1324 1357 1372 ut
1374 1318 1543 1388 temporibus
1564 1317 1643 1374 lestis
1665 1319 1707 1374 vel
1730 1317 1868 1390 lerosoly-

1078 1427 1150 1466 mam
1163 1410 1300 1475 cuntibus‚
1315 1410 1357 1464 vel
1374 1410 1437 1466 inde
1451 1410 1639 1476 redeuntibus,
1656 1426 1780 1468 seorsum
1799 1411 1865 1474 riri,

1079 1520 1202 1561 seorsum
1222 1505 1378 1560 incederent
1392 1503 1508 1570 leminae,
1528 1512 1556 1561 et
1569 1506 1648 1576 pueri
1663 1521 1726 1560 cum
1742 1505 1868 1577 quolibet

1077 1594 1276 1666 parenteirent,
1288 1594 1520 1665 ideoqueblariam
1534 1594 1795 1668 etiosephricissim
1815 1613 1870 1667 pu·

239 1703 293 1752 nus
312 1704 421 1759 quoque
439 1687 545 1744 videtur
568 1689 680 1753 sentire,
702 1687 774 1760 quod
798 1688 858 1759 ipso
881 1687 1029 1743 Dominicae
1078 1691 1162 1749 tasse,
1173 1683 1267 1741 iesum
1280 1700 1342 1741 cum
1356 1685 1441 1740 altero
1451 1693 1565 1757 parente
1577 1701 1639 1742 esse
1652 1686 1681 1742 iu
1694 1686 1864 1743 reversione.

239 1781 392 1838 natiuitatis
406 1797 488 1848 anno,
503 1799 558 1838 non
572 1782 722 1852 longepost
743 1783 829 1852 ipsam
848 1780 1026 1844 nativitatem,
1111 1775 1146 1829 Et
1164 1776 1263 1847 [ortum
1276 1785 1332 1842 est,
1354 1785 1413 1847 post
1428 1775 1546 1831 triduum
1559 1778 1710 1833 iurauerunt
1728 1777 1814 1842 itiam,
1839 1777 1871 1832 iu

210 1859 220 1882 '
239 1871 325 1929 fuerit
338 1889 485 1945 puerorum
499 1874 611 1930 occisio.
631 1873 660 1928 ln
675 1889 800 1931 sermone
819 1876 890 1930 enim
912 1873 945 1930 dc
966 1871 1031 1944 Epi·
1045 1852 1066 1907 Β
1081 1865 1186 1934 serapte,
1201 1865 1331 1921 sedentem
1344 1866 1373 1921 iu
1386 1865 1470 1920 medio
1484 1863 1631 1934 doctorum,
1643 1864 1790 1924 audientem
1805 1865 1870 1919 iiior

239 1963 351 2036 phania,
367 1965 412 2033 qui
429 1963 469 2018 sio
483 1963 598 2034 incipit:
610 1961 718 2018 Domini
731 1969 759 2018 et
774 1961 922 2018 Salvatoris
941 1962 1040 2018 nostri*
1078 1967 1104 2012 et
1117 1959 1329 2028 interrogantem.

240 2053 374 2108 adventus
387 2053 415 2107 in
429 2067 521 2117 carne,
532 2052 599 2108 dicit
613 2065 707 2122 magos
717 2052 818 2110 vidisse
831 2053 1030 2124 ignotissimam
1115 2047 1226 2121 [Aaou]
1246 2047 1331 2114 Quasi
1345 2047 1408 2104 sons
1421 2047 1579 2118 sapientia,
1604 2048 1746 2104 doctorum
1758 2047 1873 2104 medius

240 2145 357 2210 stellam,
374 2161 429 2201 non
440 2153 503 2200 ante
518 2160 621 2216 paucos
636 2144 704 2209 dies,
717 2145 765 2202 sed
776 2153 839 2200 onte
853 2145 938 2201 ferme
951 2145 1030 2200 bien·
1079 2137 1200 2201 sedebat,
1226 2139 1274 2193 sed
1292 2139 1371 2209 quasi
1385 2139 1524 2210 exemplar
1537 2139 1710 2204 humiliimis,
1733 2139 1810 2209 prius
1823 2139 1872 2193 5¹¹·

239 2236 327 2299 nium,
344 2236 416 2292 deut
430 2235 578 2308 inquirenti
597 2235 698 2294 llerodi
710 2236 905 2309 patefecerunt.
922 2236 1000 2293 Unde
1014 2254 1030 2292 a
1077 2236 1200 2301 terrogat
1213 2238 1240 2285 θῑ
1255 2231 1341 2296 audii,
1352 2245 1434 2302 quam
1446 2230 1574 2300 insiluit,
1584 2248 1618 2287 1¹0
1631 2231 1738 2304 bifiuli
1750 2247 1766 2286 ὃ
1779 2232 1874 2288 ⁵01110³

239 2330 344 2386 bimatu
357 2338 384 2386 et
398 2331 480 2397 inira,
498 2333 649 2389 secundum
662 2335 855 2407 tempusquod
869 2335 1031 2406 lnquisierat
1078 2320 1156 2375 libis
1185 2321 1276 2376 (¹⁰⁰2st
1301 2323 1481 2387 erubescant,
1505 2328 1533 2378 ei
1559 2338 1595 2378 ¹10
1616 2323 1742 2380 infirmus
1768 2322 1873 2380 d0oe10

241 2435 257 2484 a
274 2423 371 2494 magis,
393 2424 496 2480 occidit
514 2440 624 2495 pueros.
1080 2411 1187 2466 audeat.
1203 2411 1269 2467 Post
1281 2413 1402 2468 triduum
1414 2414 1549 2484 reperitur
1564 2414 1591 2469 in
1606 2415 1718 2491 templo,
1736 2415 1806 2474 daus
1823 2416 1872 2470 in·

536 2513 651 2570 CAPUT
671 2514 728 2578 xli,
1079 2503 1195 2568 dicium,
1213 2505 1281 2576 quia
1300 2514 1363 2576 post
1382 2506 1501 2560 triduum
1522 2506 1703 2578 triumphalis
1730 2508 1873 2580 passionis

586 2645 606 2732 Ι
676 2629 691 2676 3
1078 2605 1244 2668 resurgeret,
1259 2599 1306 2670 qui
1321 2598 1629 2656 mortuuscredebatur.

607 2702 641 2733 Η
677 2704 693 2738 x

1349 2709 1365 2758 t
1514 2712 1530 2760 2

277 2792 349 2849 Puer
362 2801 450 2848 autem
461 2792 592 2848 crescebat
606 2801 630 2848 et
645 2793 854 2863 confortabatur,
875 2794 967 2864 plenus
982 2811 1029 2849 sa·
1113 2729 1366 2922 stupebamlgzteg
1385 2730 1473 2910 θῖἱὲε
1488 2711 1533 2928 ἰαί
1546 2711 1763 2914 affingebant
1789 2873 1872 2930 ψ,

1078 2944 1218 3014 prudentia
1240 2955 1266 3007 et
1287 2949 1418 3017 respossis
1441 2947 1516 3018 ejus,
1549 2958 1577 3004 et
1601 2949 1714 3007 uidentes
1740 2950 1873 3008 admirati

1080 3046 1150 3092 suut.

1115 3127 1154 3184 Eo
1169 3131 1287 3201 amplius
1305 3147 1387 3203 sup-tr
1408 3131 1552 3202 prudentia
1573 3133 1794 3204 responsionum,
1812 3151 1872 3206 quo

241 2886 351 2957 pientia,
366 2895 391 2940 et
405 2886 493 2958 gratie
506 2884 555 2940 Dei
569 2893 627 2941 erut
640 2887 668 2940 iu
683 2884 739 2941 iiio.

279 2974 386 3049 [liuns]
406 2974 537 3032 Crescere
551 2990 675 3048 corpore,
691 2984 717 3032 et
728 2975 877 3032 confortari
887 2983 965 3034 aetatc
978 2979 1030 3034 bu·

242 3081 334 3133 mana,
358 3067 487 3138 intellige.
512 3063 661 3137 Sapientia,
684 3073 726 3122 est
747 3068 805 3139 ipsa
825 3068 955 3124 divinitas
973 3084 1029 3140 qua

241 3157 340 3228 plenus
353 3164 428 3226 erat;
444 3158 541 3228 gralia,
558 3165 601 3214 est
610 3157 766 3228 conjunctio
780 3158 930 3215 divinitatis
943 3166 970 3215 et
982 3160 1030 3214 hu·

242 3249 383 3306 maditatis
398 3248 425 3302 iu
439 3263 521 3302 unam
536 3262 691 3318 personam.
709 3247 801 3302 Simile
820 3249 930 3319 scripsit
946 3248 1030 3305 ioan·
1079 3221 1244 3325 pffucifmem
1258 3223 1385 3277 videm
1398 3237 1543 3280 mmmm·
1563 3223 1688 3279 Divinam
1706 3225 1800 3297 liflssua
1822 3242 1871 3284 ⁵³·

242 3356 302 3406 nes,
316 3341 422 3411 plenum
433 3339 539 3395 scilicet
548 3341 636 3410 gratia
647 3334 674 3394 ‘et
684 3341 791 3395 ueritate
805 3338 896 3412 (ioan.
913 3339 945 3415 r),
957 3341 1030 3398 idem
1079 3314 1363 3385 1³¹⁶¹¹t¹³mp¹⁰deh²⁶¹
1378 3316 1427 3372 ‘ed
1440 3315 1626 3372 infirmitatem
1640 3317 1789 3375 ¹¹¹¹me
1802 3327 1872 3376 Μ

241 3431 336 3489 dicens
352 3432 504 3496 veritatem,
520 3431 593 3503 quod
608 3430 696 3487 Lucas
710 3431 881 3501 sapientiam.
1079 3404 1275 3477 liraeissssslsshssi·
1428 3495 1461 3582 L
1513 3481 1533 3528 2

1469 3556 1481 3582 ο
1516 3555 1532 3590 x

277 3523 311 3580 Et
326 3523 399 3578 ibant
412 3531 532 3592 parentes
546 3523 603 3592 ejus
622 3539 669 3592 per
683 3539 865 3578 omnesomnes
880 3525 907 3578 iu
919 3521 1031 3579 Jerusa-

243 3614 294 3669 lem
307 3615 335 3670 in
349 3613 391 3668 die
404 3613 515 3669 sobrini
529 3612 650 3670 Paschae.
1116 3618 1151 3674 Et
1160 3619 1229 3674 dicit
1240 3628 1323 3674 mater
1338 3619 1395 3691 ejus
1409 3617 1444 3676 ud
1454 3635 1532 3675 eum:
1542 3619 1609 3687 Fili,
1623 3621 1686 3692 quid
1698 3620 1784 3692 fecisti
1794 3622 1872 3681 nodis

278 3705 423 3778 Quaeritur,
443 3719 506 3761 cum
520 3706 647 3760 timerent
660 3703 832 3770 Archelaum,
848 3705 985 3776 quomodo
999 3707 1031 3761 il·
1080 3713 1137 3768 sici
1148 3711 1216 3765 Ecce
1226 3719 1302 3781 pater
1315 3721 1376 3766 tuus
1387 3718 1413 3765 et
1426 3726 1483 3782 epo,
1497 3709 1624 3779 tonum,
1636 3711 1819 3783 querebamus
1835 3723 1870 3770 te.

243 3801 289 3855 luc
303 3800 343 3856 ire
357 3798 503 3854 audebant.
529 3795 634 3852 Salutio
649 3796 705 3850 lieri
718 3786 833 3868 poterat,
853 3803 883 3850 ut
897 3811 945 3867 per
959 3797 1031 3852 diem
1081 3799 1117 3854 Et
1127 3802 1165 3855 ait
1176 3799 1211 3856 ad
1221 3799 1282 3856 ilios
1293 3816 1302 3854 .·
1314 3799 1384 3868 Quid
1394 3802 1513 3873 estquod
1522 3817 1563 3857 me
1573 3803 1749 3874 marciatis?
1760 3801 1873 3859 Neseies

245 3891 344 3947 festum
358 3889 431 3946 inter
443 3889 580 3958 ingentem
595 3885 701 3941 turbam
714 3887 828 3941 latenter
841 3886 1030 3953 ascenderent,
1082 3892 1151 3947 batis
1164 3893 1227 3964 quia
1246 3893 1275 3947 iu
1295 3891 1336 3947 his
1355 3909 1414 3967 pue
1433 3891 1525 3948 Petris
1545 3894 1595 3948 mei
1614 3901 1686 3958 sunt,
1709 3902 1810 3963 oportet
1830 3913 1873 3950 me

243 3998 310 4039 mox
328 3979 476 4038 reversuri.
499 3977 546 4034 Sic
558 3979 639 4034 etiam
654 3979 700 4032 illo
722 3978 833 4049 dieque
851 3978 1032 4035 ascenderunt
1081 3986 1157 4040 esse?

244 4075 273 4130 in
285 4075 427 4145 templum,
443 4072 587 4144 completis
600 4071 696 4128 diebus
710 4072 892 4143 purgationis,
916 4073 1032 4128 credun·
1111 4073 1172 4130 Non
1189 4075 1262 4145 quod
1283 4091 1345 4131 eum
1369 4076 1449 4147 quasi
1471 4075 1557 4132 lilium
1576 4082 1700 4148 quaerunt
1722 4077 1870 4148 vituperat,

244 4175 290 4222 tur
303 4165 416 4222 latuisse
430 4163 575 4234 Herodem,
597 4164 663 4236 quid
684 4164 736 4220 sibi
750 4167 821 4237 magi
844 4165 1033 4221 renuntiarent
1082 4166 1131 4223 sed
1145 4167 1217 4238 cogit
1232 4183 1279 4224 eos
1294 4167 1417 4225 attollere
1428 4170 1527 4226 mentis
1537 4169 1632 4226 oculos
1645 4169 1679 4226 ad
1693 4169 1872 4241 quaerendum

243 4263 457 4329 exspectantem.
472 4254 521 4312 Vel
533 4264 573 4313 tot
582 4262 609 4311 et
623 4255 707 4311 tantis
719 4255 946 4328 occupationibus
959 4257 1033 4327 regia
1082 4259 1148 4330 quid
1161 4260 1258 4316 debeat
1271 4268 1374 4316 aeterno
1387 4259 1473 4328 Patri,
1488 4262 1635 4320 ostendens
1658 4266 1686 4318 et
1698 4261 1831 4333 templum
1845 4271 1873 4318 et

244 4365 310 4406 cura
329 4349 448 4406 distendi
471 4355 587 4420 poterat,
606 4352 637 4402 ut
655 4363 671 4401 a
695 4348 777 4417 pueri·
792 4347 968 4417 inquisitione
990 4349 1033 4404 rel
1083 4353 1175 4407 omnia
1189 4369 1250 4425 quae
1263 4353 1353 4410 Patris
1373 4362 1447 4422 sunt,
1462 4370 1518 4412 non
1536 4356 1628 4412 minus
1646 4353 1681 4410 ad
1694 4369 1723 4411 se
1736 4367 1820 4426 quam
1837 4355 1873 4410 ad

245 4449 422 4508 averteretur,
434 4441 477 4498 vel
486 4439 663 4512 impediretur
673 4436 805 4494 llerodes.
818 4437 958 4510 Regnante
969 4455 1033 4495 vero
1083 4443 1190 4502 Patrem
1206 4448 1351 4519 pertinere,
1364 4465 1480 4521 quorum
1494 4466 1550 4505 una
1563 4458 1606 4506 est
1620 4448 1760 4516 majestas.

244 4533 389 4602 Archelao,
405 4532 439 4589 de
453 4531 645 4608 persecutione
659 4529 737 4600 pueri
759 4545 855 4586 omnes
877 4538 1030 4587 tacuerunt.
1048 4550 1070 4604 p
1118 4537 1215 4610 Etipsi
1225 4537 1663 4612 noniutclleceruutverbumquod
1673 4538 1775 4593 locutus
1786 4536 1873 4592 estad

245 4623 324 4692 Quod
339 4638 404 4696 ergo
418 4620 507 4679 Lucas
521 4620 598 4689 dicit,
619 4636 777 4692 perennes
796 4635 882 4679 annos
908 4622 983 4678 ibam
1002 4623 1030 4677 in
1081 4630 1152 4689 titos.
1169 4629 1348 4686 ardescente
1362 4649 1422 4687 cum
1434 4629 1759 4699 maerensmaerens,
1774 4639 1872 4686 eteros

243 4714 406 4780 Jerusalem,
428 4720 495 4770 tnnc
513 4712 680 4784 accipiamus
702 4710 865 4778 factitatum,
889 4728 951 4769 cum
974 4714 1031 4784 jam
1081 4720 1276 4778 speusippum,

245 4823 300 4875 pou
316 4809 457 4864 timeretur
477 4805 636 4862 Archelaus.
1117 4812 1195 4879 Quod
1216 4812 1250 4869 de
1274 4829 1325 4868 sua
1340 4813 1483 4870 diuinitate
1497 4814 1630 4886 loquitur,
1645 4829 1701 4870 non
1716 4813 1874 4884 intelligunt

282 4895 317 4952 Et
330 4913 389 4952 cum
409 4897 496 4962 tuctur
518 4893 612 4966 fussam
625 4911 756 4950 aurorum
775 4893 921 4959 duodecim,
940 4912 1033 4950 arcer·
1082 4912 1211 4976 parentes
1224 4925 1231 4960 :
1244 4912 1272 4961 er
1294 4912 1386 4962 tamen
1409 4907 1469 4978 ipse
1488 4906 1683 4963 condescendo
1700 4913 1728 4962 et
1745 4905 1874 4962 subditur
1974 4900 1975 4905 ’

245 4989 366 5053 dentibus
378 4989 432 5048 itur
448 4987 661 5060 Hierosolymam
671 4986 1033 5044 secundumconsuetudinem
1083 4997 1147 5063 illis,
1165 5005 1195 5053 us
1209 4997 1320 5069 impleat
1334 4997 1452 5054 officium
1462 4999 1572 5069 pietatis
1594 4996 1732 5067 Quantum
1745 5013 1812 5070 ergo
1824 4997 1874 5053 de·

245 5081 298 5146 diei
312 5082 386 5152 testi,
408 5085 648 5156 consummatisque
663 5085 753 5143 dietus
773 5103 831 5142 cum
851 5087 974 5154 redirent,
992 5105 1034 5143 re·‚
1082 5089 1179 5146 bemm
1191 5089 1303 5146 obedire
1313 5089 1379 5156 lieo,
1395 5090 1615 5163 quandoquidem
1625 5091 1684 5169 ipse
1698 5080 1874 5146 Deusobedit

246 5173 344 5236 maurit
358 5189 422 5243 puer
435 5170 515 5229 Iesus
528 5175 557 5229 iu
570 5172 728 5235 Jerusalem.
1084 5179 1249 5246 hominibus.

284 5261 391 5336 [Bran]
411 5261 463 5320 Ubi
480 5264 515 5320 ad
535 5271 643 5325 atatem
657 5267 828 5325 duodennem
841 5270 932 5338 venit,
952 5270 1035 5340 caepit
1120 5269 1874 5344 Etmaterejusconseruadotomuieucriahoeciumrde

247 5355 353 5427 aperire
375 5356 443 5427 quid
465 5355 541 5414 Patri
566 5361 669 5420 coelesti
685 5361 806 5428 deberet,
832 5361 898 5434 quid
920 5371 1036 5420 terreae
1085 5381 1143 5422 suo.

246 5449 339 5515 matri,
355 5446 434 5506 AEtas
447 5459 538 5511 autem
552 5451 714 5519 duodennis,
730 5463 810 5526 typus
822 5460 880 5509 erat
892 5454 1036 5511 duodecim
1121 5454 1218 5517 omnia
1232 5473 1293 5529 qum
1306 5459 1341 5516 de
1356 5458 1473 5516 Domino
1496 5460 1540 5516 vel
1562 5475 1578 5514 a
1598 5459 1713 5515 Domino
1734 5457 1810 5513 dicta
1828 5457 1874 5513 rel

248 5541 450 5612 apostolorum,
472 5559 520 5614 per
532 5559 601 5616 quos
616 5544 745 5602 divinitas
759 5553 786 5602 et
800 5545 957 5602 humanitas
975 5546 1036 5617 eius
1086 5546 1157 5602 iacta
1172 5549 1298 5619 cognovit
1310 5549 1368 5607 sive
1379 5550 1526 5618 intellecta,
1541 5555 1599 5607 sire
1612 5565 1666 5605 non
1680 5548 1828 5612 intellecta,
1843 5547 1873 5609 iu

249 5640 308 5700 erat
320 5637 471 5717 pororbom
483 5638 645 5695 nuntianda.
659 5638 815 5710 liecteergo
827 5640 854 5694 in
869 5639 1037 5696 duodenario
1086 5638 1246 5695 memoriam
1269 5641 1445 5710 recondebat,
1468 5651 1499 5701 ut
1521 5650 1642 5715 tempore
1661 5657 1712 5699 suo
1732 5641 1873 5697 unirerss-
1974 5646 1975 5709 ξ

247 5741 363 5790 pirmero
381 5729 463 5800 jubar
485 5730 662 5802 perfectionis
684 5733 744 5804 ejus
765 5732 861 5803 incipit
890 5731 1035 5788 declarari.
1087 5736 1168 5798 prout
1183 5739 1258 5801 gesta
1282 5742 1378 5801 erant,
1400 5734 1571 5806 intelligeret,
1584 5743 1611 5791 et
1627 5731 1873 5811 quaerulosos·
1974 5760 1975 5815 p

248 5814 390 5884 homousii
403 5817 432 5886 in
445 5818 597 5882 Jerusalem
612 5823 672 5886 sino
687 5822 855 5896 parentibus,
880 5829 908 5879 ut
929 5839 980 5880 nos
994 5824 1037 5879 in-
1073 5821 1208 5898 ,plicaret
1974 5822 1975 5837 ¹
