3967 6334
209 365 239 422 ῃ
688 350 875 408 zlcllnttlrll
894 346 1197 407 GilRlSOPOLlTth
1216 347 1372 408 triscolo
1816 359 1853 414 72

208 483 301 546 mina,
317 493 412 547 conce,
422 486 465 532 tris
486 487 535 546 per
555 470 687 543 Spiritum
706 477 844 525 sanctum.
860 466 954 522 Prima
977 472 1042 528 οιΑ
1058 482 1152 521 nomen
1162 466 1222 536 ejus
1233 464 1482 541 connuncupata
1491 481 1531 527 ert
1541 474 1854 543 interpretatamnoiie·

210 565 330 628 secunda
343 567 482 642 generatio
497 569 620 629 ruerunt,
633 560 740 617 tertiam
751 561 786 616 de
797 559 877 615 ruina
891 573 1004 630 gerrem·

210 671 320 725 uerunt,
336 663 365 716 in
378 665 476 730 quarta
488 654 603 712 salutent
619 654 793 710 invenerunt.

246 752 312 810 Cum
327 763 394 808 erret
405 749 564 820 desponsata
578 757 664 802 mater
681 748 739 818 ejas
759 747 868 812 llario,
887 746 1003 816 derepit,

211 856 351 916 antequam
366 843 542 907 concessisent,
560 841 666 896 inuenta
678 848 717 895 ert
729 841 757 895 in
771 849 846 895 atero
863 838 961 894 dalens
971 837 1004 894 da

210 935 313 1004 Spiritu
325 944 428 990 sancto.

247 1026 365 1100 [hauan.
374 1057 410 1066 —
424 1023 518 1098 Orac]
533 1025 687 1097 Antequam
702 1024 896 1090 convenirent,
910 1025 1004 1087 idest,

209 1116 368 1187 nuptiarum
379 1116 512 1172 solemnia
522 1117 704 1178 celebrarent,
714 1114 824 1169 inventa
835 1121 877 1169 est
889 1113 917 1168 in
928 1121 1006 1169 utero

211 1208 325 1272 hahens,
336 1209 425 1279 primo
438 1209 473 1264 al)
481 1209 585 1280 angelis
596 1207 815 1264 custodientibus
824 1221 894 1271 eam,
906 1206 1007 1261 dehinc

211 1313 227 1352 a
240 1297 353 1369 loseph,
366 1299 438 1355 sicut
452 1300 539 1354 avire
554 1298 665 1353 curioso
678 1298 752 1352 circa
768 1311 898 1366 sponsam
914 1310 1004 1352 suam.

211 1389 385 1462 Evangelista
402 1392 436 1446 ale
451 1391 597 1462 praeteritis
612 1389 751 1453 scribens,
767 1388 836 1444 hene
854 1387 1006 1443 secundom

211 1489 320 1553 ternpus
333 1497 414 1540 suurn
428 1491 518 1546 uocat,
533 1481 634 1552 loseph
645 1481 735 1536 virum
751 1479 843 1536 llaria
852 1487 879 1535 et
892 1479 1008 1534 llariam

211 1581 327 1630 matreru
339 1576 414 1632 iesu.
430 1573 544 1630 Constat
556 1575 629 1630 enim
643 1574 707 1644 quia
722 1581 845 1643 tempora
856 1571 1009 1641 desponsa·

211 1665 296 1721 tionis
321 1665 443 1720 nondum
471 1673 557 1720 nrater
581 1665 645 1729 illa,
671 1662 793 1718 nondum
819 1661 936 1716 maritus
962 1660 1008 1717 ille

211 1762 280 1813 erat.

550 1886 614 1974 n.
653 1867 669 1979 l

246 2055 345 2128 «loseph
357 2065 444 2112 autem
456 2073 495 2110 arr
512 2055 587 2124 eitra,
611 2071 670 2109 crana
689 2065 756 2111 earet
767 2058 874 2126 justas,
892 2065 916 2112 et
928 2055 1009 2112 crollet

211 2168 271 2207 earu
287 2149 435 2214 traducere,
448 2149 530 2202 uoluit
541 2148 642 2202 occulto
654 2147 787 2204 dimittere
798 2165 867 2204 enrtt.

248 2241 366 2316 {Oaral
385 2241 414 2296 Si
429 2240 615 2310 suspicionem
637 2240 665 2294 in
685 2255 717 2296 ca
731 2240 856 2302 hahebat,
870 2241 1010 2312 qaromotlo

210 2335 303 2407 juretus
317 2333 396 2389 erat?
412 2332 441 2387 Si
458 2348 513 2388 non
526 2342 569 2388 cst
585 2331 757 2403 suspicatus,
775 2348 827 2388 cur
840 2349 901 2388 eant
916 2334 1011 2389 dintit-

213 2439 271 2480 terc
286 2424 415 2480 rolehatl
429 2421 565 2492 lrrjustunr
579 2421 654 2476 enlm
667 2428 738 2488 crat,
755 2432 785 2477 ut
805 2422 1010 2478 irnnraculatarn

213 2518 353 2572 dimittere
367 2515 458 2570 uellet.
481 2513 545 2570 hleo
567 2529 632 2585 ergo
652 2527 713 2568 cam
733 2514 871 2571 dimittere
889 2516 1009 2583 solebat,

213 2608 343 2678 tpttorriarn
369 2621 498 2677 rnagnunr
512 2614 714 2661 sacratrrcntum
730 2605 758 2660 in
779 2620 811 2660 ca
833 2621 895 2660 csse
909 2621 1011 2677 coguo-

214 2697 317 2753 scchat.
335 2694 386 2752 Cari
400 2695 594 2766 approximare
612 2709 674 2750 sese
690 2694 831 2766 indignum
846 2695 1009 2760 aestimabat,

214 2789 287 2844 sicot
306 2794 334 2843 et
354 2788 452 2843 heattrs
476 2770 624 2842 Petrus'sc
647 2785 764 2840 hennino
779 2785 927 2844 humilians
950 2787 1009 2843 ait:

214 2877 312 2934 herere
332 2895 348 2932 a
367 2894 424 2942 arte,
441 2876 563 2941 Dourion,
584 2877 708 2947 puniant
722 2876 799 2930 leonto
812 2885 932 2944 peccator
951 2893 1012 2930 turn

215 2968 297 3042 (Lare.
312 2973 362 3038 rr);
377 2980 404 3024 ct
418 2969 559 3025 centorio:
576 2966 638 3022 Nou
653 2985 712 3023 antra
725 2968 820 3040 diprrns
832 2977 859 3022 ut
871 2971 952 3023 intres
963 2968 1010 3022 stri

215 3070 312 3116 tectam
327 3077 412 3115 areton
425 3058 534 3132 (llario.
550 3059 621 3132 urta).
636 3058 667 3113 lit
684 3059 822 3115 Elisabeth
833 3060 867 3114 ad
879 3057 1009 3115 ilurlanr:

1057 557 1199 612 coaulicos
1211 556 1281 629 (lto.
1296 559 1359 632 rar).

1091 649 1179 717 Quasi
1199 650 1319 708 diceret:
1336 649 1366 706 ln
1382 661 1481 708 natrtra
1496 662 1592 711 nostra
1615 654 1687 712 Deus
1700 663 1763 722 est,
1784 659 1854 729 quia

1056 741 1109 797 iste
1118 741 1191 798 lilius
1201 743 1315 813 virginis
1329 741 1401 799 Deus
1410 751 1439 799 et
1448 744 1529 800 homo
1540 754 1597 802 cst:
1605 745 1663 802 lloc
1674 748 1764 818 ipsunt
1775 749 1853 820 quod

1057 836 1190 908 propheta
1205 836 1290 902 dicit,
1304 854 1379 903 ecce,
1396 839 1559 895 admirantis
1582 848 1625 896 cst
1643 848 1712 896 tantt
1726 843 1853 915 mysterii

1057 926 1284 997 magnitudinem,
1306 927 1364 983 lloc
1378 936 1470 984 autern
1492 936 1581 984 totum
1598 930 1672 1000 quod
1684 932 1762 1002 virgo
1786 946 1857 1003 pro-

1057 1017 1160 1088 pinquo
1175 1033 1227 1073 suo
1240 1017 1465 1090 desponsaretur,
1481 1018 1556 1090 quod
1575 1018 1676 1090 loseph
1700 1036 1749 1091 per
1768 1035 1856 1091 ange·

1058 1109 1114 1164 lum
1136 1109 1292 1176 doceretur,
1319 1117 1386 1176 cte,
1411 1111 1450 1166 ita
1481 1109 1643 1166 factasunt
1670 1118 1780 1166 uttam
1803 1127 1852 1184 per

1059 1201 1112 1258 ista
1125 1217 1208 1273 quam
1219 1217 1269 1274 per
1284 1203 1330 1257 illa
1341 1218 1404 1274 quae
1420 1211 1584 1274 sequuntur,
1600 1203 1743 1275 prophetia
1756 1204 1856 1276 imple·

1059 1301 1145 1349 retur.

1095 1385 1250 1456 Excerpenr
1265 1395 1353 1440 atatem
1363 1384 1461 1456 loseph
1473 1403 1490 1439 a
1505 1403 1612 1452 somno,
1628 1387 1690 1456 {ecit
1702 1388 1770 1442 sient
1783 1404 1859 1458 prce-

1060 1479 1128 1549 cepit
1141 1478 1166 1532 ei
1177 1477 1286 1548 copelata
1301 1476 1419 1533 Domini.

1095 1567 1228 1639 Quisquis
1239 1583 1255 1623 a
1268 1567 1324 1625 lieo
1338 1577 1475 1636 monetur,
1489 1570 1579 1626 soluat
1598 1585 1701 1638 moras,
1722 1581 1819 1644 surgat
1838 1587 1857 1627 a

1061 1674 1170 1725 somno,
1180 1659 1264 1715 iaciat
1277 1659 1353 1730 quod
1361 1661 1482 1730 jubetur.

1098 1749 1134 1805 Et
1142 1751 1240 1821 accepit
1248 1750 1479 1822 conjetpenrsuam,
1486 1757 1513 1805 et
1524 1767 1576 1804 non
1585 1748 1756 1822 evanescebat
1765 1751 1855 1818 iliam,

1023 1815 1141 1898 Bdonec
1157 1843 1258 1913 peperit
1275 1843 1363 1913 filiunt
1376 1859 1455 1898 aanor
1469 1842 1691 1913 principaretur,-
1709 1853 1735 1899 et
1754 1845 1858 1899 uocant

1059 1953 1155 1992 nomen
1165 1936 1224 2006 ejas
1237 1934 1340 1991 desum.

1095 2026 1233 2102 [hanan]
1253 2025 1354 2099 loseph
1369 2028 1447 2099 prius
1467 2027 1583 2083 llariam
1604 2027 1700 2084 uolens
1722 2029 1857 2099 abjicere,

1059 2117 1228 2188 cunrjustos
1246 2124 1334 2181 esset,
1349 2117 1437 2172 uoluit
1447 2133 1508 2172 canu
1519 2117 1665 2188 propalare
1677 2131 1711 2171 ac
1727 2117 1786 2188 lege
1807 2117 1859 2173 de-

1059 2211 1146 2266 cerni.
1160 2208 1240 2263 Nunc
1251 2215 1342 2264 autern
1354 2223 1389 2263 ne
1398 2223 1453 2279 quta
1468 2208 1503 2264 de
1516 2215 1596 2279 partu
1610 2207 1671 2277 ejus
1688 2207 1860 2279 ambiguitas

1060 2300 1200 2364 existeret,
1211 2299 1272 2369 ipsc
1286 2298 1412 2368 concepti
1425 2297 1527 2353 Christi
1542 2312 1575 2351 cr
1588 2295 1692 2366 Spiritu
1703 2307 1798 2352 sancto
1811 2303 1853 2352 te·

1061 2392 1112 2448 stis
1123 2390 1284 2454 assumitur,
1300 2405 1362 2444 curu
1373 2388 1568 2460 desponsatam
1584 2390 1612 2443 in
1627 2389 1771 2456 coniugem
1782 2391 1860 2446 reci·

1061 2485 1129 2556 piat.
1145 2482 1257 2554 Accepit
1267 2482 1351 2554 igitur
1367 2496 1428 2536 eant
1441 2482 1475 2537 atl
1492 2495 1592 2536 nornen
1610 2483 1861 2554 conjugisproptcr

1062 2589 1161 2631 causas
1175 2589 1245 2645 quas
1263 2571 1457 2644 pnedisinrus;
1472 2579 1500 2627 ct
1514 2587 1570 2626 non
1591 2572 1774 2643 cognoscebat
1794 2587 1860 2628 cam

1062 2669 1096 2724 ad
1118 2683 1188 2739 opos
1202 2665 1364 2738 corrjtrpalc,
1380 2665 1415 2720 oh
1436 2679 1537 2719 arcana
1559 2679 1620 2735 quae
1634 2663 1778 2720 didicerat.
1796 2663 1861 2719 Non

1062 2758 1246 2830 cogitoscelntt
1261 2771 1322 2812 carn
1338 2755 1426 2812 donec
1446 2755 1567 2827 peperit,
1587 2770 1643 2810 aron
1664 2754 1738 2826 qood
1761 2763 1861 2826 postca

1062 2850 1239 2921 cognoverit,
1255 2847 1304 2904 scd
1314 2845 1517 2918 porriturdouee
1530 2863 1581 2918 pro
1596 2856 1631 2912 et,
1647 2848 1689 2903 rel
1707 2846 1774 2901 illud
1788 2854 1863 2902 tenr-

1062 2956 1115 3011 pus
1135 2949 1257 2996 remorct
1268 2938 1302 2995 rie
1316 2953 1372 3009 curo
1386 2937 1475 3008 major
1497 2937 1621 3008 suspicio
1642 2937 1770 3002 trahetur,
1786 2935 1864 2995 sicut

1063 3031 1148 3088 llarid
1169 3029 1217 3101 etri
1232 3029 1314 3094 elicit,
1329 3028 1412 3083 danea
1430 3043 1528 3098 ponam
1550 3027 1671 3082 inimicos
1691 3037 1750 3081 tuos
1764 3025 1862 3098 (Psoi.

218 3151 293 3207 h'ttdc
308 3155 355 3207 hoc
371 3152 453 3210 trtilti.
472 3161 501 3205 nt
517 3153 602 3206 tertiat
620 3161 704 3206 nsoter
717 3150 823 3206 Dartriui
842 3151 892 3206 naci
903 3153 938 3205 tuti
953 3153 1013 3208 nte?
1026 3149 1048 3208 t}
1063 3122 1196 3221 ⁶¹¹){0w'
1209 3118 1398 3224 Psim‘fgcnm’
1411 3127 1476 3174 ΜΝ
1489 3134 1586 3224 ΨΜ
1597 3119 1646 3190 qni
1656 3118 1738 3222 9ΐίΨὶ
1748 3119 1863 3174 mmm

1064 3221 1202 3284 operiunt,
1217 3227 1277 3268 stre
1288 3211 1388 3269 iratres
1398 3226 1447 3268 eos
1466 3211 1568 3284 aliqui,
1582 3226 1633 3267 scu
1645 3210 1717 3265 nulls
1739 3223 1864 3280 mquam·

216 3243 370 3316 phaccae,
391 3243 431 3298 De
448 3241 532 3299 teriia
551 3241 689 3318 batruini]
709 3241 755 3300 l'el
774 3242 868 3298 aliter:
886 3241 914 3299 Si
935 3244 1012 3300 solus

215 3335 289 3392 nosti
308 3335 426 3406 aliquem
442 3349 583 3406 peccasse,
599 3351 662 3391 cunr
682 3335 723 3390 ris
740 3349 833 3390 coram
854 3335 1012 3391 hominihus

214 3441 340 3498 arguere,
354 3441 409 3481 uun
424 3441 455 3482 es
469 3431 619 3490 corrector,
634 3426 682 3482 scd
696 3426 827 3497 proditor.
841 3425 933 3482 Noluit
946 3442 1013 3498 ergo

214 3516 314 3588 loseph
340 3518 483 3588 divulgare
501 3516 616 3572 llariam
637 3517 764 3588 quamvis
778 3526 853 3573 certa
874 3526 948 3574 esset
963 3535 1012 3576 su-

215 3611 303 3682 spicio
321 3609 468 3676 adulterii;
484 3609 534 3665 sed
546 3609 632 3664 uoluit
644 3608 775 3681 prodesse
787 3611 923 3681 peccanti,
938 3611 1014 3684 quad

212 3701 330 3773 justitia·
344 3701 504 3773 deputatum
517 3707 560 3758 cst
575 3701 610 3757 ei.

1063 3317 1120 3360 iili·-

1413 3396 1518 3508 nl

1100 3560 1217 3618 Factam
1232 3569 1273 3618 est
1286 3571 1386 3626 atatem,
1407 3563 1435 3616 in
1451 3561 1543 3616 dieder
1558 3561 1696 3616 ttttsaeattr
1712 3559 1830 3615 edictam
1844 3577 1864 3614 a

1065 3653 1303 3725 Goeaarerlnpueto
1315 3664 1345 3710 att
1355 3653 1547 3710 describeretur
1557 3655 1693 3735 aniversae
1704 3654 1788 3712 oriris.
1937 3716 1943 3728 ,

1101 3743 1219 3820 [Beue]
1235 3743 1317 3799 turta
1340 3743 1421 3800 lldem
1435 3744 1615 3800 historiarum
1633 3750 1711 3799 tauta
1732 3759 1801 3816 pace
1814 3760 1863 3801 re-

253 3813 464 3868 [incantante]
482 3813 629 3884 capitonis,
650 3827 707 3868 ecoe
727 3813 835 3885 anpelus
856 3813 965 3870 Domini
985 3816 1015 3871 in
1065 3840 1159 3913 ‘wit
1174 3837 1316 3910 Augustus
1329 3838 1410 3892 mis
1423 3836 1569 3893 duodecim
1590 3836 1665 3891 circa
1680 3843 1790 3907 tempus
1808 3835 1865 3892 po.

216 3908 318 3962 'muli
329 3907 453 3976 ‘diarii'
466 3907 509 3966 α’·
528 3904 636 3960 “stin“
651 3904 821 3977 1039ΡὴιρῙῖ
838 3906 943 3975 Dauid,
960 3908 1016 3962 '¹⁰¹⁵
1064 3929 1173 3984 minicae
1186 3927 1350 3991 nativitatis,
1364 3933 1395 3981 ut
1406 3933 1461 3982 tam
1476 3927 1621 3983 forinsecis
1633 3941 1717 3998 quam
1732 3927 1864 3986 civilibus

217 3999 309 4054 ‘imm
325 4000 442 4068 “wilm
451 3997 509 4053 Mal
517 4000 571 4054 fam
583 3997 719 4069 ⁶⁰²²d¹⁴d⁶m
731 4006 816 4055 ‘¹⁴⁰⁰‘-
1064 4018 1146 4076 hellis
1158 4026 1217 4074 toto
1231 4018 1298 4074 orbe
1312 4017 1410 4090 sopitis
1421 4018 1504 4075 etiam
1516 4017 1552 4072 ad
1562 4018 1683 4074 litteram
1693 4021 1864 4092 completum

257 4108 397 4183 [hasra]
413 4108 479 4166 Tale
496 4117 539 4166 est
553 4109 607 4165 hoc
622 4123 655 4164 ac
667 4107 790 4166 sidicat:
804 4109 905 4181 Accipe
921 4110 972 4166 tibi
986 4111 1016 4167 in
1065 4112 1191 4179 rideatur
1205 4109 1272 4166 ihud
1285 4110 1497 4181 propheticum:
1513 4108 1674 4179 Conponunt
1682 4109 1865 4182 pladioaauoa

217 4203 365 4273 conjugem
383 4200 497 4256 llariarn
517 4217 649 4272 sponsam
663 4208 750 4257 tuam.
767 4203 888 4273 Apparet
900 4203 1016 4275 angelus
1067 4201 1459 4266 taruanneertaeceauroas
1473 4199 1864 4276 infatcerhonleoalitpenr
1964 4276 1965 4279 Ἴ

216 4294 352 4368 vigilanti,
363 4293 530 4350 assumendo
540 4293 767 4365 risihilecorpos;
779 4294 925 4351 dormienti
936 4310 1015 4361 uero,
1067 4306 1161 4353 contra
1182 4303 1285 4368 pentem
1311 4293 1433 4365 pladiani
1453 4292 1526 4365 (isa.
1548 4293 1600 4365 rr);
1614 4293 1796 4366 pacatissimo
1814 4313 1865 4354 aa·
1964 4346 1965 4353 ,

218 4385 401 4458 imprimendo
412 4385 646 4456 imaginationem.
656 4383 720 4441 ldeo
729 4392 820 4441 autem
831 4383 932 4457 loseph
943 4385 1016 4444 lilios
1067 4398 1122 4445 tem
1140 4393 1264 4456 tempore
1279 4397 1400 4454 congrue
1420 4383 1545 4438 nascitur
1560 4381 1688 4441 Christus
1709 4388 1777 4456 quia
1791 4386 1866 4442 licor

217 4479 318 4536 dieitur
332 4477 428 4543 liarid,
440 4485 470 4532 ot
482 4475 567 4534 llario
580 4491 690 4548 quoque
700 4477 734 4534 de
750 4477 824 4533 trihu
836 4475 922 4534 [lariti
931 4491 1012 4534 mon·
1026 4491 1049 4546 ιι
1063 4490 1122 4538 erat
1132 4482 1161 4536 in
1175 4478 1282 4536 Christo
1293 4478 1422 4532 ntundnan
1432 4479 1606 4535 reconciliant
1618 4480 1670 4535 sibi
1681 4480 1726 4552 (11
1738 4480 1804 4537 Cor.
1824 4481 1863 4554 r).
1964 4470 1965 4535 J

218 4580 331 4635 stretur,
350 4571 424 4626 sicut
446 4570 581 4640 scriptum
599 4577 660 4626 est:
678 4567 763 4626 Neruo
778 4571 916 4639 copuletur
930 4570 1011 4626 acori
1060 4579 1126 4635 flaec
1140 4577 1233 4646 itaque
1246 4589 1310 4646 par,
1326 4588 1409 4645 quam
1428 4571 1494 4629 iecit
1511 4572 1667 4644 Augustus,
1689 4575 1867 4647 signillcahat
1964 4574 1965 4633 l

218 4663 270 4718 nisi
284 4661 316 4717 de
331 4661 401 4716 tritu
416 4677 465 4716 aaa
485 4659 579 4734 (Num.
602 4660 707 4733 xxxvi).

254 4753 331 4823 Qnod
346 4755 416 4810 eninr
427 4755 455 4810 in
465 4771 497 4810 co
508 4763 600 4809 aratum
614 4764 663 4821 eat,
677 4755 709 4810 de
720 4755 822 4825 Spiritu
837 4766 931 4814 sancto
943 4765 993 4814 est.

254 4849 312 4904 lloc
326 4855 378 4912 cst,
391 4847 464 4918 quod
475 4849 504 4902 in
518 4863 549 4903 ea
561 4857 723 4918 conceptum
732 4856 786 4913 est,
800 4851 933 4906 essancti
950 4849 1013 4921 Spi-

218 4941 461 5013 ritusoperationc
476 4947 528 4996 est.
544 4939 625 4996 Nasci
635 4941 662 4997 iu
672 4957 715 5008 ca,
731 4943 839 5014 concipi
856 4951 915 5010 cst;
935 4943 1012 4999 nasci

218 5049 285 5091 rcro
300 5035 335 5088 uh
349 5049 392 5098 ea,
408 5032 519 5104 prodire
534 5034 561 5088 in
573 5035 672 5089 luceru.
830 5041 834 5048 '

255 5125 346 5179 Pariet
367 5133 455 5178 atatem
478 5123 583 5194 filiurn,
605 5134 631 5178 et
655 5123 760 5181 uocalis
778 5126 944 5198 nomenoius
965 5125 1014 5182 Je-

219 5235 287 5272 stou.
305 5214 365 5286 lpse
379 5218 449 5272 euim
460 5217 562 5272 saluam
574 5218 652 5289 faciet
668 5218 793 5288 populoru
804 5236 882 5274 suunt
893 5237 909 5273 a
922 5235 1017 5275 necca-

221 5312 366 5366 uterorum.

255 5403 454 5476 Etymologiam
470 5403 590 5460 nominis
604 5404 727 5474 exponit.
750 5401 815 5460 ldeo
837 5404 911 5460 euim
933 5402 1018 5462 iesus
1067 5405 1163 5478 pelium
1179 5403 1501 5476 omnicreaturclllarc.
1521 5403 1590 5476 rur).
1964 5466 1965 5479 ἶ

221 5495 262 5566 (id
276 5503 328 5558 est,
347 5495 488 5568 Salvator)
504 5495 616 5560 «licitur,
632 5497 698 5567 qttia
718 5496 815 5552 salvat:
1097 5495 1169 5550 dcc
1180 5494 1322 5564 descriptio
1331 5497 1418 5563 priona
1428 5497 1550 5566 sactuert
1560 5514 1577 5548 u
1588 5495 1701 5565 preside
1713 5494 1801 5565 Sprioe
1812 5494 1870 5566 Cp-
1964 5496 1965 5563 l

257 5586 314 5640 lloc
325 5598 411 5641 ararent
423 5596 506 5642 tstnnr
519 5587 619 5657 {actam
630 5596 680 5646 est.
692 5595 721 5640 at
742 5586 932 5656 adimpleretur
947 5586 1018 5658 qnod
1068 5588 1141 5652 rino;
1155 5596 1181 5640 et
1198 5587 1273 5642 itant
1290 5604 1379 5643 omnes
1393 5596 1422 5641 at
1432 5589 1620 5658 profiterentur
1633 5587 1732 5658 rinpnli
1744 5588 1774 5642 in
1788 5603 1868 5641 saara

220 5676 319 5731 diction
338 5687 376 5732 est
391 5695 407 5732 o
424 5679 538 5734 Dorrtiao
555 5696 601 5750 per
615 5679 770 5750 prophetam
787 5678 934 5733 dicentem:
951 5668 1018 5733 Ecce
1069 5680 1212 5734 caritatem.

220 5770 291 5842 circo
306 5772 333 5824 io
345 5781 420 5828 attero
440 5771 556 5840 moetas,
577 5782 602 5828 et
622 5773 708 5844 pariet
722 5771 827 5844 filiatum
844 5779 869 5826 et
888 5770 1018 5828 uocabant
1097 5769 1170 5840 ¹llaec
1181 5772 1329 5844 descriptio
1340 5772 1429 5846 prima
1442 5773 1554 5841 dicitur,
1565 5775 1698 5845 quatriom
1708 5768 1745 5828 ud
1757 5777 1855 5846 tempo

1062 4771 1091 4819 et
1103 4775 1152 4833 per
1163 4758 1316 4828 discipulos
1330 4759 1403 4813 inter
1421 4757 1507 4813 ϋειιιιι
1520 4766 1548 4813 et
1563 4759 1700 4815 honriues.
1722 4761 1867 4831 Opportu-

1065 5138 1113 5187 tur
1123 5129 1261 5202 {uolessio
1275 5144 1377 5184 census
1389 5128 1424 5182 ab
1435 5129 1565 5185 orrirerso
1577 5131 1654 5192 orhe,
1671 5130 1740 5184 sica
1753 5129 1869 5185 Christo

1060 4684 1157 4743 pacem
1169 4681 1251 4739 quarn
1263 4665 1400 4721 mediator
1408 4672 1504 4722 noster
1515 4665 1639 4722 lactarus
1650 4675 1711 4722 erat
1721 4677 1750 4724 et
1760 4685 1812 4740 per
1822 4686 1865 4736 se,
1964 4700 1965 4733 ι

1062 4871 1129 4912 num
1140 4867 1250 4924 quoque
1264 4851 1327 4916 luit,
1339 4860 1369 4905 ut
1382 4851 1525 4907 tremenda
1534 4849 1651 4906 Rotnani
1665 4853 1789 4908 nominis
1805 4870 1869 4908 um-
1964 4860 1965 4863 ’

1063 4948 1113 5004 bra
1135 4952 1345 5017 protegerentur
1362 4945 1500 5015 discipuli,
1517 4959 1683 5015 quocumque
1704 4943 1739 4999 ad
1765 4946 1869 5017 praroli-
1964 4952 1965 4995 ξ

1064 5039 1184 5097 eandum
1205 5037 1366 5092 transirent.
1383 5035 1466 5103 llam,
1490 5039 1592 5092 sicuta
1609 5036 1719 5093 Caesare
1733 5038 1868 5109 exigcha-
1964 5042 1965 5075 l

1066 5221 1201 5292 exigenda
1216 5227 1276 5276 erat
1294 5219 1357 5274 lidci
1372 5221 1510 5290 professio
1528 5220 1557 5276 in
1571 5229 1629 5274 toto
1648 5221 1764 5277 nrtrrrdo.
1789 5221 1870 5278 iirrdc
1964 5244 1965 5283 3

1067 5313 1149 5370 illud:
1163 5311 1262 5366 Euolet
1274 5313 1302 5365 in
1313 5311 1440 5365 ntundnan
1453 5312 1612 5378 uniuersum,
1624 5312 1769 5382 predicate
1779 5311 1869 5368 ans·
1964 5318 1965 5369 l
