3967 6334
86 372 151 433 epit
544 361 609 421 lllt.
629 357 674 419 DE
690 358 807 419 RDBUS
825 356 859 415 nt
879 356 998 416 tobim
1019 356 1088 415 sbll
1107 355 1242 417 eosne.
1634 360 1718 422 'im

82 486 268 545 immanitmer
293 480 466 553 longevitate
490 484 645 549 temporum
678 474 871 548 premebatur,
887 470 1063 544 solentibus
1074 470 1178 529 domini
1192 470 1282 543 regis,
1298 485 1347 529 scu
1359 471 1479 537 nostris,
1494 470 1621 530 omnibus
1637 458 1742 532 mirsi

81 595 144 637 eum
158 579 235 635 nulla
257 574 321 630 allia
337 570 479 629 refellendi
493 571 654 627 succederet
675 584 738 634 ma,
760 567 875 640 contigit
924 564 1066 619 exuberat.
1086 561 1154 630 Qum
1174 578 1223 633 per
1240 562 1375 619 incuriam
1396 562 1580 621 habitatorum
1601 580 1665 621 roro
1677 566 1720 623 in·

81 672 288 730 advocationem
299 668 374 724 illam
385 666 420 721 ad
430 665 575 737 quamdam
586 665 703 737 puellam
716 664 798 720 iliam
813 662 875 718 illice
924 654 1000 709 culta
1017 654 1141 711 babitare
1160 654 1195 710 ad
1211 660 1317 711 tantam
1332 653 1517 712 declinauerat
1532 654 1668 728 inopium,
1688 665 1720 713 ut

81 768 147 823 ldae
163 762 340 837 Piguerensis
362 758 536 816 hereditario
554 758 618 830 jure
627 758 797 830 pertingere.
814 754 874 823 Quo
924 762 987 802 cum
1010 745 1045 803 ad
1067 760 1206 803 cameram
1228 746 1471 803 calciamentorum
1493 748 1619 807 ecciesiae
1637 748 1720 819 hujus

82 854 363 929 cognitc.amicorum
375 859 533 908 nostrorum
543 848 753 905 consiliomulto
764 854 875 918 sumptu
924 838 1093 908 pertineret,
1111 837 1187 893 nullo
1201 838 1283 893 modo
1296 852 1329 893 ca
1349 838 1505 909 persolvere
1529 840 1640 897 valeret.
1655 838 1720 897 lucc

81 968 143 1009 cam
167 950 374 1023 provoluntate
393 954 488 1003 nostra
512 944 609 1016 nuptui
624 945 734 1001 tradere
746 943 875 1014 quoesivi·
923 936 985 983 crtt
997 928 1145 1000 quodcum
1162 928 1190 983 in
1209 944 1292 985 monu
1314 930 1422 987 abbatis
1443 946 1493 1001 pro
1507 930 1616 987 delectu
1634 930 1732 1015 debiti

81 1058 154 1099 mus.
172 1038 214 1096 Ad
228 1038 364 1096 sedandas
377 1053 443 1109 ergo
462 1045 542 1093 terrm
558 1036 630 1092 illius
650 1032 872 1105 inquietudines,
924 1030 1088 1086 immiti.
1100 1020 1307 1093 siracusanus
1314 1022 1631 1093 servientibusejusdeox
1640 1017 1732 1081 tem}

81 1130 208 1191 nolentes
230 1146 307 1187 more
328 1129 409 1186 solito
431 1128 619 1200 indigenarum
648 1125 781 1181 molestiis
812 1140 873 1181 eam
924 1126 975 1182 ltro
987 1112 1100 1185 triginta
1117 1112 1195 1170 libris
1209 1114 1329 1170 totaliter
1345 1130 1405 1170 eam
1426 1116 1543 1171 locabat.
1557 1114 1720 1184 Quamcum

83 1219 175 1293 ²iiiiii,
184 1220 293 1277 cuidam
304 1220 455 1277 domestico
466 1228 562 1277 nostro
574 1217 667 1291 juveni
679 1216 797 1288 puellam
808 1230 872 1271 cum
923 1204 1101 1276 dissipatam,
1116 1212 1143 1262 et
1159 1220 1228 1278 pene
1243 1206 1271 1263 in
1283 1206 1459 1263 solitudinem
1473 1208 1612 1263 redactam
1621 1206 1656 1265 'in
1668 1224 1716 1265 uo
1731 1286 1734 1295 Ι

81 1311 311 1369 advocationibus
332 1312 392 1368 dari
413 1312 541 1376 fecimus,
557 1318 666 1368 centum
689 1310 775 1366 libras
792 1308 874 1365 deut-
922 1298 1009 1353 'iiiiii
1024 1297 1192 1369 prelationis
1205 1306 1307 1355 ⁰⁰⁸²?ae
1318 1300 1532 1370 reperissem·
1554 1303 1720 1361 cilitium

82 1404 187 1459 riorum
209 1404 282 1460 beau
305 1402 428 1477 btcnysn
447 1412 503 1459 carn
515 1401 691 1458 molummis
704 1416 785 1473 quam
801 1400 873 1471 paor
923 1389 1036 1446 domino
1050 1398 1146 1446 nostro
1160 1390 1218 1461 resi
1233 1388 1402 1447 truncorum
1416 1391 1568 1459 ludovico.
1580 1394 1661 1464 cuius
1673 1410 1721 1450 no

82 1498 190 1569 puellae,
207 1496 299 1553 lavore
310 1495 414 1552 domiui
429 1497 500 1567 tegis
518 1494 661 1558 Ludcrioi,
681 1491 805 1562 deeujus
817 1490 875 1547 seo·
922 1480 1024 1536 iiiiiitii
1038 1488 1094 1537 itm
1108 1482 1303 1554 devotentium
1324 1482 1439 1541 lideliter
1452 1485 1592 1543 deservire
1612 1498 1721 1560 salope-

82 1588 117 1643 dc
131 1588 274 1644 aduocatio
289 1588 451 1654 recusabat,
476 1589 524 1643 tali
539 1593 620 1658 pacto
639 1583 822 1650 contulimus,
841 1591 873 1641 ut
922 1574 1034 1639 bimus,
1051 1581 1158 1631 “nium
1170 1575 1296 1632 ecelesiis
1308 1576 1502 1633 detrimentum
1522 1578 1718 1656 exposuimus.

82 1695 131 1751 pro
144 1680 260 1752 meunia
276 1679 329 1737 ista
341 1686 371 1735 et
385 1679 449 1744 alia,
465 1678 591 1735 uidelicet
605 1676 717 1747 triginta
730 1674 872 1735 librarum.
924 1663 976 1733 Qui
990 1666 1073 1721 eiiam
1099 1666 1126 1722 in
1141 1666 1194 1723 ¹¹²0
1208 1674 1281 1723 itm
1296 1668 1499 1733 issivlfflbiiebs
1521 1678 1633 1742 etpene
1656 1687 1722 1729 tet·

82 1787 153 1843 quas
168 1773 297 1828 dominus
311 1770 368 1827 Rex
384 1770 447 1827 inde
459 1770 565 1836 babuit,
580 1779 637 1825 tam
652 1769 704 1841 ipsi
715 1783 797 1840 quom
812 1783 874 1825 suc-
924 1756 1077 1827 ⁸⁰¹⁰liiiiis
1092 1758 1311 1815 ⁰⁰ss8¹¹0i¹¹ii¹¹0⁵
1320 1760 1456 1827 hilm,
1471 1762 1597 1817 *Mitti
1614 1770 1671 1821 itt!
1691 1763 1721 1820 in

82 1880 208 1922 cessores
220 1878 316 1921 corum
327 1864 444 1921 occisor
456 1862 662 1919 socessoribus
672 1862 776 1919 nostin
788 1861 875 1917 nomi·
888 1860 911 1923 b
924 1862 998 1903 anno
1022 1851 1246 1920 imitationes.
1263 1866 1346 1905 uram
1366 1850 1514 1907 remorta
1534 1853 1718 1919 marcorum,

81 1958 174 2024 nium,
188 1964 216 2015 ct
229 1957 386 2021 seruitium,
401 1966 428 2013 et
439 1955 591 2027 justitium,
606 1954 874 2011 ubiecssubmone-
926 1940 1105 1999 illicientem
1128 1949 1184 1999 iim
1207 1942 1260 1998 fibi
1273 1958 1355 2015 quam
1369 1944 1430 1999 ⁸⁰5⁸
1444 1944 1718 2013 tdmissiimbiibuts

81 2062 191 2114 munus,
212 2055 437 2120 exsequeremur.
453 2046 569 2114 Quodsi
588 2046 623 2102 sd
638 2046 690 2101 hoo
707 2044 872 2111 delicerent,
925 2034 996 2092 dlttt
1016 2034 1051 2091 de
1074 2035 1196 2106 propriis
1217 2034 1370 2091 redditibus
1394 2034 1487 2091 Sentii
1511 2034 1643 2109 Dionysii.
1665 2054 1720 2111 qli&

80 2146 169 2195 totum
181 2140 368 2197 advocationis
384 2140 504 2206 iecdum,
516 2156 548 2196 ac
559 2140 583 2196 si
598 2140 738 2212 proprium
749 2146 874 2195 nostrum
924 2127 1081 2184 iiiimiiiiss
1093 2134 1166 2182 ‘0¹¹³
1177 2128 1286 2198 penitus
1300 2128 1523 2184 ⁰⁰ss⁸l¹¹¹¹⁰ii⁸¹¹l·
1537 2127 1600 2197 Quis
1616 2138 1647 2185 ut
1660 2138 1720 2187 emt

81 2235 170 2293 esset,
181 2245 288 2295 eorum,
304 2237 331 2287 ct
341 2237 485 2302 parentum
498 2230 620 2302 ipsorum
633 2229 826 2291 concessione,
842 2241 875 2281 ac
924 2220 1031 2275 eximite
1045 2218 1229 2283 liberalitatis,
1249 2218 1378 2276 Ecclesiae
1388 2226 1495 2275 tantum
1508 2221 1718 2289 detrimentum,

81 2322 185 2377 domini
199 2322 272 2395 regis
286 2319 393 2388 lurore,
414 2320 502 2378 donec
518 2321 599 2377 nobis
612 2318 820 2385 satisfacerent,
844 2316 874 2374 in
924 2318 953 2367 et
965 2328 1118 2386 pauperum
1133 2313 1262 2385 angarias
1276 2314 1442 2379 miseratus,
1457 2314 1560 2370 amoris
1572 2320 1600 2371 et
1614 2314 1720 2373 cervini

80 2414 253 2489 plenitudine
266 2414 384 2471 retinere
397 2412 502 2471 liceret.
924 2406 1012 2462 rostri
1027 2406 1181 2470 benivolus,
1192 2405 1415 2477 procurationem
1433 2406 1507 2461 illam
1520 2407 1555 2462 de
1567 2406 1721 2463 dominica-

115 2504 225 2564 Fecdos
237 2520 313 2572 vero,
328 2520 398 2579 quos
411 2521 446 2563 ex
456 2504 523 2562 lisco
530 2504 642 2577 proprio
652 2500 779 2567 emimus,
788 2499 821 2556 ad
832 2498 874 2556 ia·
924 2509 986 2554 tura
997 2500 1121 2557 ecclesiae
1135 2505 1163 2555 et
1178 2498 1258 2555 nobis
1271 2498 1300 2553 in
1313 2506 1474 2570 perpetuum
1486 2498 1628 2555 relaxarit.
1642 2497 1721 2555 lllom

81 2597 195 2655 ciendae
213 2599 347 2655 stationes
365 2596 480 2671 siugulis
504 2595 585 2652 annis
598 2609 649 2666 per
671 2592 752 2662 duosl
764 2606 874 2647 menses
923 2603 1005 2653 vero,
1016 2604 1077 2661 quse
1090 2590 1171 2646 llebat
1181 2590 1215 2646 de
1233 2590 1349 2647 collecta
1359 2589 1526 2647 rusticorum
1538 2630 1547 2655 ,
1561 2598 1626 2646 octo
1638 2591 1721 2647 libra·

80 2688 110 2745 in
123 2689 223 2747 eodem
240 2698 333 2747 castro
347 2689 499 2755 Tauriaco,
523 2688 617 2745 subter
637 2684 780 2741 intitulare
792 2697 875 2739 cura·
923 2695 986 2735 rum
999 2680 1091 2737 debito
1114 2681 1232 2753 singulis
1244 2682 1327 2737 aunis
1342 2682 1395 2738 sub
1407 2690 1544 2754 peropto
1556 2683 1640 2754 regie
1659 2698 1721 2738 ma-

80 2780 185 2839 vimus.
922 2772 1032 2843 jesratls
1054 2772 1182 2828 llrmovit.
1205 2772 1294 2845 Cujus
1306 2772 1452 2829 exhilarati
1471 2774 1621 2842 benellcio,
1637 2788 1721 2832 orsur-

376 2870 492 2930 corut
505 2869 576 2931 xllt.
924 2872 1004 2937 patas
1018 2870 1046 2921 et
1060 2865 1194 2923 alternatae
1205 2874 1260 2920 tam
1272 2878 1288 2921 a
1298 2866 1403 2937 maiore
1412 2880 1495 2937 quiam
1509 2866 1549 2921 ab
1556 2866 1618 2924 aliis
1629 2873 1720 2923 terras

355 2966 395 3023 De
409 2964 519 3021 Peioris
530 2964 603 3021 oilie.
924 2958 1006 3016 nobis
1024 2960 1206 3025 retraximus,
1219 2959 1329 3016 clausos
1343 2960 1487 3017 vinearum
1500 2959 1628 3017 videlicet
1647 2960 1720 3033 apud

116 3056 517 3123 SimiliteretPoicnlsrillam,
527 3070 609 3128 quam
621 3053 739 3111 babebat
750 3051 875 3111 Gaudre·
926 3048 1059 3109 Sanctum
1070 3050 1176 3124 Lupum
1192 3066 1208 3107 ιι
1222 3052 1318 3124 vlginti
1332 3054 1412 3109 annis
1429 3053 1528 3109 aratris
1538 3054 1661 3109 redditos
1674 3068 1719 3110 re-

80 3152 135 3208 dus
145 3149 244 3208 liutius
258 3166 275 3207 a
288 3158 405 3223 cognato
415 3166 466 3207 suo
481 3146 647 3207 Berardode
665 3143 831 3212 Essenuilla,
843 3153 875 3203 ut
924 3144 1046 3217 plantari
1064 3143 1195 3209 brimus,
1216 3143 1285 3200 alias
1307 3144 1402 3201 vineas
1415 3143 1495 3215 juxta
1518 3143 1629 3199 belnam
1650 3158 1720 3215 pens

80 3237 188 3294 anobis
196 3237 268 3295 idem
275 3236 550 3309 liemrdustanquam
558 3235 640 3291 bomo
649 3240 745 3291 noster
753 3233 782 3289 in
793 3232 874 3290 leudo
885 3213 908 3272 (ἶ
924 3237 1082 3293 destructas
1093 3235 1202 3292 restitui
1217 3234 1349 3302 lecimus,
1364 3235 1434 3292 alias
1446 3250 1463 3291 a
1476 3234 1596 3306 quodam
1609 3234 1721 3291 bonulus

79 3328 210 3398 baberet,
224 3329 417 3387 conduximus.
923 3336 1022 3387 nostro
1031 3328 1127 3402 viginti
1142 3328 1221 3385 libris
1232 3326 1439 3384 Aurelianensis
1453 3333 1569 3384 monete
1581 3326 1719 3396 emimus,

378 3419 494 3478 carbo
510 3418 580 3477 llll.
923 3422 1005 3479 villas
1019 3421 1132 3479 omuino
1146 3418 1252 3493 rapinis
1263 3419 1451 3491 exhospitatas
1469 3418 1637 3491 rebospitari
1651 3418 1719 3477 leci·

276 3512 317 3570 De
330 3511 411 3570 Deire
423 3526 451 3569 et
469 3510 676 3569 introsum.
924 3530 999 3573 mus.
1592 3518 1595 3527 '

114 3604 207 3661 Aliam
225 3604 307 3662 etiam
327 3606 547 3678 possessionem,
563 3618 625 3677 quae
637 3601 832 3661 dieituri'eins
845 3611 874 3659 et
1219 3604 1335 3665 corut
1353 3602 1424 3662 xil.

78 3695 298 3762 Vendmvillare,
307 3713 371 3754 cum
384 3698 447 3755 aliis
457 3698 657 3769 pertinentibus
670 3695 754 3762 villis,
768 3693 874 3751 aGale·
1149 3698 1188 3757 De
1198 3700 1300 3757 decimo
1310 3698 1342 3756 dr
1355 3696 1487 3755 Borrlilc.

32 3797 36 3804 '
77 3804 171 3848 rarum
184 3790 219 3848 de
233 3790 353 3847 Brctoilo
365 3798 393 3847 et
408 3806 493 3848 uxore
506 3788 704 3862 ojusiuditba,
718 3796 746 3847 et
758 3797 873 3847 mreouo
958 3791 1034 3850 lnter
1047 3792 1100 3849 aliu
1115 3792 1249 3850 decimam
1264 3791 1411 3865 quamdam
1431 3790 1466 3847 de
1481 3788 1617 3857 bervilla,
1634 3806 1718 3865 quam
1782 3772 1785 3779 ¹

77 3882 142 3940 viro
157 3882 213 3939 lilio
224 3884 286 3954 ejus
298 3882 431 3949 librardo,
446 3884 493 3956 qui
507 3883 536 3939 in
549 3882 722 3955 expeditione
740 3880 871 3940 lltercsc·
922 3884 1026 3941 milites
1039 3882 1155 3955 'quidam
1172 3898 1188 3939 a
1203 3890 1313 3941 centum
1329 3883 1410 3939 annis
1426 3881 1498 3938 sicut
1517 3881 1646 3939 dicebant
1665 3884 1720 3943 sub

76 3976 361 4049 lymitanacccubuit,
376 3976 463 4033 multo
480 3982 591 4048 sumptu
605 3975 662 4032 tere
672 3982 782 4031 centum
794 3972 875 4046 quin-
924 3990 1009 4033 oensu
1019 3976 1135 4032 duomm
1150 3976 1299 4033 solidorum
1315 3960 1462 4039 habebant,
1478 3988 1539 4046 quas
1553 3975 1718 4048 nobisquot·

76 4069 213 4143 quaginta
226 4082 381 4124 marcarum
395 4068 501 4140 argenti
512 4074 708 4139 compamtam,
723 4066 781 4123 sive
790 4066 874 4123 resti-
924 4069 1005 4125 annis
1027 4067 1123 4139 viginti
1134 4074 1181 4123 aut
1195 4068 1307 4141 triginta
1322 4082 1438 4125 annecte
1451 4066 1552 4125 modiis
1562 4068 1647 4137 valetr
1659 4067 1718 4124 sius

76 4168 170 4217 tutam
181 4160 335 4233 (dicebatur
347 4160 449 4232 quippe
458 4160 532 4231 quod
542 4158 617 4216 beati
625 4158 748 4232 Dionysii
758 4158 872 4231 antiquo
922 4174 1039 4231 quaeqm
1049 4160 1155 4231 perdita
1172 4168 1253 4232 prout
1267 4160 1366 4216 melius
1380 4158 1520 4231 potuimus
1534 4156 1568 4213 ad
1584 4172 1656 4229 opus
1669 4174 1718 4215 ec-

77 4260 205 4325 tempore
219 4269 254 4310 cx
272 4253 345 4310 dono
359 4251 472 4309 liuberti
486 4252 521 4309 de
535 4258 633 4308 sancto
648 4249 775 4307 Galaricc
787 4251 873 4308 exsti-
922 4252 1014 4308 elesiae
1033 4250 1208 4307 retraximus.
1225 4250 1349 4322 Cumque
1360 4248 1510 4307 Dominicae
1529 4250 1629 4307 domus
1646 4251 1717 4309 satis

76 4348 166 4419 terat)
179 4346 358 4419 eleemosynae
370 4346 442 4402 beati
456 4343 581 4418 Dionysii
600 4345 768 4401 contulimus
785 4361 792 4397 :
807 4360 872 4418 spe·
922 4342 1066 4400 vilissimae
1088 4356 1121 4398 ex
1135 4348 1195 4398 toto
1207 4340 1394 4404 corruissent,
1417 4340 1468 4397 lucc
1484 4340 1657 4412 potissimum
1681 4342 1717 4400 ad

75 4446 177 4494 mntes
190 4437 225 4495 de
238 4436 287 4494 Del
297 4436 503 4504 misericordia,
519 4436 592 4509 quod
605 4453 639 4494 ea
652 4436 819 4509 pauperibus
829 4444 872 4492 at·
922 4434 986 4500 bas,
1001 4449 1063 4506 qum
1082 4434 1164 4490 ruodo
1172 4439 1237 4489 suut
1252 4430 1346 4489 facetae
1362 4438 1390 4488 et
1403 4429 1632 4502 propugnabiles,
1648 4445 1717 4489 cor-

73 4533 186 4589 tributa
198 4532 383 4604 eleemosyna,
398 4531 497 4588 divinae
507 4530 695 4589 retributionis
708 4531 871 4588 benellcium
887 4525 1070 4619 „struendas
1083 4524 1213 4582 excitavit
1226 4544 1232 4581 :
1247 4523 1321 4597 quod
1335 4538 1398 4579 oum
1408 4522 1615 4579 emetituissem
1628 4522 1718 4579 deter-

75 4624 164 4682 ncbis
180 4624 214 4681 ab
222 4624 403 4696 omnipotenti
413 4623 469 4681 Dec
478 4625 692 4683 misericorditer
703 4624 869 4697 impetrabit.
922 4620 1029 4678 minare
1041 4634 1140 4678 causus
1157 4626 1267 4676 nostms
1284 4619 1313 4674 in
1326 4616 1422 4675 eadem
1434 4616 1516 4673 domo
1527 4630 1581 4671 una
1595 4616 1714 4680 dierum.

74 4719 158 4776 Dixit
174 4718 248 4775 euim
266 4718 339 4791 quod
357 4718 430 4775 sicut
447 4734 517 4790 aqua
536 4718 686 4792 exstinguit
704 4720 813 4791 iguem,
832 4718 871 4775 ita
921 4722 989 4770 nutu
1004 4712 1098 4769 divino
1109 4726 1154 4769 me
1171 4712 1285 4768 absente
1298 4720 1353 4767 tam
1377 4706 1572 4766 miserabiliter
1591 4706 1713 4776 comult,

74 4812 252 4885 eleemosyna
263 4810 413 4883 exstinguit
423 4820 563 4883 peceatum
574 4831 581 4867 z
593 4820 621 4869 et
634 4819 665 4869 ut
674 4810 871 4885 sempiternum
921 4813 952 4861 ut
964 4806 1046 4863 etiam
1056 4806 1156 4862 lectum
1168 4804 1197 4861 io
1210 4819 1264 4876 quc
1276 4804 1407 4875 iacerem,
1419 4804 1443 4859 si
1452 4802 1587 4867 adessem,
1596 4810 1623 4859 ei
1636 4802 1716 4876 pitin·

74 4904 292 4968 nscessitatibus
306 4919 455 4975 pauperum
465 4904 570 4961 innius
579 4901 725 4969 deserviat,
736 4910 872 4975 praecepto
921 4906 1014 4957 catum
1030 4900 1140 4965 solarii,
1155 4905 1182 4955 et
1202 4906 1301 4955 tonnus
1314 4897 1454 4955 interioris
1467 4896 1667 4970 promptuarii,
1687 4903 1716 4953 et

74 4998 156 5070 repis
169 4996 316 5063 ercvici,
329 4995 403 5069 quod
416 4996 444 5053 in
458 4996 577 5055 archivis
591 4996 708 5070 publicis
722 4996 871 5068 repositum
920 5008 987 5051 vasa
998 4992 1107 5049 uinaria*
1118 4991 1416 5063 omninoccnlregerit,
1430 4998 1458 5048 et
1472 4992 1608 5049 subtanta
1621 4989 1713 5052 ruina.

75 5088 251 5156 continetur,
266 5090 370 5147 llrmari
385 5087 509 5145 lecimus.
921 5084 995 5157 quod
1018 5084 1110 5140 divina
1135 5082 1293 5156 propitiatio
1308 5082 1375 5137 milri
1398 5082 1569 5153 pepercerit,
1585 5080 1714 5137 omnibus

383 5218 498 5280 CAPUT
512 5216 561 5277 xv
923 5176 1002 5233 tidem
1028 5175 1132 5233 lecerit.
1152 5173 1317 5231 Granebiam
1336 5176 1518 5247 peroptimam
1542 5172 1643 5229 ibidem
1666 5188 1715 5229 ex·

562 5263 571 5280 '
922 5266 1088 5331 struximus,
1099 5274 1128 5323 et
1137 5275 1233 5339 smgnn
1248 5266 1321 5332 duo,
1333 5264 1395 5337 que
1404 5266 1488 5323 multa
1501 5264 1618 5337 piscium
1634 5264 1714 5335 copia

59 5341 69 5375 '
400 5336 441 5392 θ’
456 5335 550 5393 ΜΝ·
876 5383 879 5387 ⁴
921 5359 1008 5415 multo
1024 5366 1148 5431 ternpore
1170 5358 1235 5415 illuc
1253 5357 1465 5415 adventantibus
1477 5356 1667 5414 sufficientiam
1688 5352 1713 5413 si

115 5445 192 5505 Sace
205 5448 278 5505 inter
290 5450 359 5507 alias
372 5464 426 5506 una
438 5448 473 5506 de
486 5448 647 5507 melioribus
659 5438 735 5505 beati
747 5446 871 5522 Dionysii
921 5452 991 5509 bene
1018 5462 1160 5510 serventur
1180 5448 1387 5509 ministrabunt.
1411 5450 1478 5519 Quae
1502 5448 1613 5523 quidem
1638 5456 1713 5504 terra

73 5541 869 5616 possesdombusinpsgcGuasrtnensiltelnadignoscitur,
921 5552 1054 5617 quantum
1067 5544 1169 5601 anxilio
1182 5543 1230 5601 Dei
1246 5544 1282 5601 sit
1293 5544 1444 5610 meliorata,
1459 5551 1488 5601 et
1502 5544 1537 5601 de
1546 5545 1649 5615 quauta
1660 5538 1714 5596 mi·

74 5649 146 5705 quae
162 5634 245 5691 etiarn
259 5636 380 5708 spatiosa
394 5638 451 5694 lere
467 5642 587 5708 quatuor
603 5635 744 5692 leucarum
763 5636 870 5707 spatio,
921 5636 992 5695 seria
1007 5638 1090 5695 luerit
1103 5636 1252 5702 suscitata,
1267 5642 1372 5693 certum
1390 5644 1499 5693 constat
1518 5640 1712 5708 augmentum,

75 5726 212 5785 frumenti
238 5735 266 5785 et
284 5728 340 5785 uini
364 5729 503 5801 opulentis
526 5727 619 5797 lerax,
644 5743 871 5801 quorumcunque
920 5731 994 5804 quod
1014 5746 1078 5787 cum
1098 5729 1177 5803 prius
1189 5728 1302 5802 triginta
1322 5728 1422 5795 libras,
1438 5744 1513 5787 nunc
1532 5728 1633 5801 sepius
1650 5722 1713 5800 pius

74 5818 222 5878 fructuum
241 5821 411 5909 mirabiliter
412 5835 520 5911 capax,
542 5822 567 5883 si
580 5837 638 5881 non
650 5828 765 5882 vexetur
782 5836 871 5881 aser·
921 5839 1003 5897 quarn
1018 5824 1266 5885 ducenusrmrum
1281 5822 1428 5897 persolvat.
