3967 6334
171 273 210 330 ιι
235 355 241 366 ¹
706 274 738 330 ιι
763 275 859 334 uuuu
879 275 927 333 ss
945 258 1115 348 ousruon
1134 280 1330 341 messuro.
1777 296 1814 355 su
1846 303 1850 310 ·

171 391 234 462 ipsc
254 391 380 464 genuerit
403 405 475 456 eam,
499 405 553 462 qun
580 391 690 462 sapiens
716 389 828 458 dieitur,
857 395 969 464 sapien·
983 403 1006 458 Α
1021 410 1084 452 eum
1099 397 1138 452 sit
1150 405 1177 453 et
1193 396 1314 470 Spiritus
1328 411 1442 454 sanctus
1457 405 1484 454 et
1496 398 1586 456 Pater·
1604 403 1750 475 sapientia,
1773 405 1812 462 ita

171 484 253 541 tiam.
278 505 289 538 ι
321 482 394 540 ldem
425 484 454 539 in
479 483 585 551 eodem,
611 483 700 555 cupite
725 485 833 540 decimo
860 493 966 542 sesto:
1022 486 1143 559 Spiritus
1154 497 1269 546 sanctus
1284 491 1396 562 proprie
1410 503 1584 563 utracupatur
1598 497 1733 565 uocabula
1744 498 1813 557 clre-

173 594 185 630 ι
203 575 279 633 lleus
301 575 424 632 omnium
446 591 507 646 quae
527 584 591 631 sunt
613 589 697 631 cerusa
715 583 767 632 est.
784 575 863 642 Quod
876 585 968 632 autem
1020 582 1121 646 citetis,
1137 597 1200 638 cum
1215 583 1252 638 sit
1264 581 1348 638 Pater
1361 591 1388 640 et
1404 581 1490 641 Filius
1505 585 1636 644 charitas.
1648 585 1813 646 Rectissime

170 669 299 724 emnium
314 668 967 739 rerumeausaest,etiamsapientiaesuaeceusa
1021 671 1142 744 Spiritus
1154 681 1268 733 sauctus
1283 683 1397 731 uocatur
1414 677 1499 731 etism
1524 676 1626 734 donum
1646 678 1705 736 liei.
1722 679 1813 738 »Eui-

170 769 226 817 est.
241 759 298 816 Nec
310 773 430 832 unquam
451 759 524 817 lleus
538 762 598 816 sine
609 761 742 832 sapientia
754 773 867 818 suaest.
882 759 968 834 igitur
1019 764 1082 835 pius
1101 780 1133 820 ex
1153 757 1236 822 dictis
1256 766 1403 837 Augustini
1422 783 1456 822 ex
1475 767 1603 840 Decologi
1619 771 1809 842 expositione:

171 854 349 924 sempiterne
370 853 511 924 sapientire
534 867 591 910 suoe
614 868 697 910 causa
720 862 762 911 est
788 854 965 925 sempiterne.
1022 875 1031 908 ι
1057 855 1245 914 sanctificatio
1259 858 1336 913 nulla
1348 859 1442 916 divine
1455 867 1482 915 et
1495 875 1560 916 uera
1580 872 1634 929 est,
1654 863 1734 918 nisia
1749 863 1811 937 Spi-

171 941 279 1000 lleinde
294 945 317 1000 si
332 943 442 1000 Patrem
455 960 517 1001 esse
527 946 724 1016 sempiternum
738 947 767 1001 in
780 945 835 1002 Deo
847 954 899 1012 est,
915 961 967 1002 nee
1017 950 1074 1007 ritu
1089 961 1196 1009 salicto.
1208 950 1269 1008 Non
1280 951 1354 1008 enim
1366 951 1471 1010 trustra
1484 953 1586 1009 dieitur
1597 956 1707 1027 proprie
1722 956 1812 1029 Spiri·
1917 940 1921 955 ¹

171 1035 226 1092 luit
240 1036 390 1109 aliquunde
408 1053 464 1092 non
479 1036 730 1109 Putem-nunquam
746 1039 805 1095 sine
818 1039 888 1093 Filio
904 1038 963 1094 luit.
1016 1051 1196 1109 wesenerus,
1211 1060 1274 1100 cum
1288 1045 1326 1099 sit
1336 1053 1364 1100 et
1374 1043 1458 1101 Pater
1469 1053 1592 1113 sanetus,
1606 1053 1634 1103 et
1647 1047 1734 1105 Filius
1749 1064 1811 1106 san-

169 1127 260 1188 Filius
279 1146 346 1202 ergo
369 1145 476 1201 semper
498 1137 581 1186 natus
599 1137 652 1196 est,
676 1132 740 1202 quia
759 1145 866 1202 semper
880 1130 965 1189 Filius
1017 1145 1090 1192 etus.
1106 1135 1212 1194 Nomen
1223 1137 1365 1209 proprium
1378 1137 1431 1193 lroc
1443 1136 1564 1208 Spiritus
1578 1140 1696 1212 accepit,
1709 1149 1739 1197 nt
1752 1149 1810 1198 ter-

169 1230 214 1279 est
227 1242 234 1280 :
246 1230 275 1277 et
288 1239 341 1278 non
353 1223 443 1279 solum
460 1221 649 1294 imagoPatris
663 1230 715 1286 est,
728 1223 962 1294 quiadeilloest:
1016 1226 1055 1280 tiu
1079 1226 1108 1281 in
1133 1225 1268 1282 Trinitate
1290 1243 1411 1298 persona
1432 1226 1552 1300 Spiritus
1569 1237 1682 1286 sanctus
1703 1229 1810 1287 dicere·

164 1323 198 1372 ¹et
219 1317 381 1383 similitudo,
398 1317 462 1390 quia
476 1318 566 1389 imago
582 1325 641 1373 est:
656 1318 703 1373 sed
721 1317 804 1373 etism
824 1319 964 1389 aequalitas
1015 1325 1071 1372 tur.
1087 1339 1097 1371 ι
1581 1357 1586 1368 .

169 1415 259 1472 tanta,
284 1417 313 1462 ut
342 1424 394 1464 nce
418 1409 549 1479 temporis
572 1409 746 1464 intervallum
769 1409 964 1481 impedimento
1049 1409 1220 1481 Augustinus
1234 1410 1262 1464 in
1284 1408 1462 1475 Ειιιιιιιιιιιο,
1484 1412 1573 1482 eapite
1586 1412 1694 1468 decimu
1714 1415 1808 1472 tertio:

169 1503 217 1559 sit.
236 1501 291 1558 Per
310 1503 461 1559 cumcuim
477 1504 587 1559 condita
608 1514 672 1560 sunt
692 1512 826 1576 tempora.
845 1525 855 1558 ι
871 1505 967 1577 Augu·
1018 1500 1134 1556 «Gratis
1147 1501 1196 1556 llei
1210 1509 1354 1573 propterea
1371 1518 1420 1572 per
1434 1501 1567 1573 Spiritum
1582 1513 1708 1560 sanetum
1720 1505 1810 1562 lueret
1864 1547 1869 1557 .

170 1597 260 1652 stinus
274 1601 302 1651 et
314 1593 423 1670 Alipius
438 1595 465 1650 in
478 1595 599 1668 Epistola
611 1597 645 1652 ad
660 1596 807 1653 llaximum
827 1599 963 1654 medicum
1014 1593 1214 1663 significanda,
1241 1593 1306 1664 quia
1329 1595 1388 1664 ipse
1413 1595 1455 1650 sic
1479 1606 1521 1652 est
1534 1594 1625 1663 Deus,
1647 1606 1678 1652 ut
1698 1597 1809 1654 dicatur

168 1683 343 1742 Terruitanum
354 1707 361 1742 :
374 1707 383 1738 ι
402 1685 480 1742 Sicut
489 1687 596 1743 flamma
606 1689 777 1760 splendorem
787 1706 867 1762 quem
876 1691 963 1762 gignit
1015 1686 1098 1742 etiam
1114 1685 1162 1742 ttet
1173 1686 1304 1741 donum.»
1799 1729 1803 1734 ,

166 1785 292 1849 tempore
307 1793 362 1832 non
373 1779 513 1848 precedit,
529 1779 566 1833 ita
577 1779 657 1836 Pater
668 1797 809 1852 nunquam
824 1783 883 1838 sine
893 1781 913 1835 F
915 1782 963 1837 ilio
978 1773 1000 1829 Β
1049 1774 1123 1832 Idem
1137 1777 1208 1831 libro
1220 1777 1318 1846 quillto
1330 1776 1364 1833 de
1377 1787 1472 1834 sancta
1486 1778 1638 1848 Trinitate,
1651 1783 1739 1852 eapite
1763 1790 1810 1838 sei

167 1867 231 1924 luit.
257 1868 316 1941 lpse
334 1876 376 1926 est
398 1871 499 1942 quippe
522 1870 661 1943 Sapientia
678 1873 726 1930 Dei
743 1875 842 1939 Patris,
859 1874 893 1932 de
906 1891 961 1947 qua
1012 1869 1119 1926 cundo:
1139 1868 1228 1924 «Aliae
1243 1871 1370 1927 essentiae
1387 1873 1430 1928 rel
1449 1872 1612 1928 substantiae
1631 1875 1745 1945 capiunt
1757 1891 1806 1930 ac-

168 1963 303 2034 scriptum
324 1969 385 2020 est:
399 1962 529 2032 Splendor
543 1974 583 2019 ert
600 1967 671 2020 enirn
686 1965 752 2021 lucis
766 1967 959 2040 eternoetsop.
1011 1962 1132 2018 sidentia
1143 1965 1268 2034 ,quibos
1291 1965 1320 2019 in
1343 1963 1384 2020 eis
1406 1963 1451 2020 liat
1465 1965 1600 2032 mutatio,
1623 1964 1697 2024 Deus
1714 1975 1806 2026 autem

168 2053 234 2125 mr).
250 2052 317 2108 Luci
334 2068 398 2125 ergo
409 2069 490 2124 curus
502 2056 631 2126 splendor
645 2064 698 2122 est,
715 2057 742 2112 id
757 2067 809 2122 est,
821 2058 877 2116 ileo
887 2059 961 2116 Petri
1011 2068 1079 2107 ¹1⁰1]
1085 2072 1094 2103 t

170 2145 494 2204 ειιιιιιιιιιιοιοιιιιιιιιιιΙ
509 2155 565 2212 ιιι,
582 2155 609 2204 ιι
625 2149 752 2205 ιιιοιιοιι
769 2151 961 2221 sicutinprin-
1046 2144 1119 2200 Idem
1135 2145 1354 2216 capitequinto:
1372 2144 1678 2212 ιθϋὶιῐῐιᾰῑιᾱῑιθιιιιπι
1698 2151 1734 2206 sil
1750 2150 1806 2206 Pt-

166 2235 236 2304 cipio
261 2236 360 2290 creauit
375 2235 446 2291 Deus
461 2237 592 2293 emtumet
604 2247 703 2294 terrant
718 2237 793 2313 (Gen.
806 2241 866 2314 ιιι),
879 2243 938 2295 itu
932 2259 960 2298 ιιι
1009 2242 1079 2290 item
1092 2250 1154 2292 esse
1167 2235 1384 2300 elftllllmsse
1399 2252 1454 2292 11⁰ss
1465 2237 1627 2294 esldlt'tlssss
1638 2241 1804 2304 substantia.

164 2327 304 2399 principio
319 2327 526 2396 fecitterbum,
537 2331 585 2388 sed
597 2335 624 2386 in
634 2334 763 2402 principio
773 2342 832 2388 erat
848 2333 960 2389 vertam
1010 2326 1074 2396 qnia
1089 2325 1147 2382 trec
1161 2342 1216 2382 non
1227 2327 1379 2384 secundum
1399 2328 1583 2383 substanttam
1597 2330 1743 2395 dicuutur.
1756 2333 1806 2388 sed

165 2416 258 2490 (loon.
272 2419 292 2493 r)
322 2419 436 2476 sltem
429 2438 457 2476 nn
471 2423 568 2479 eadem
583 2423 723 2495 Epistola:
736 2424 837 2480 Pater·
830 2433 868 2480 ns
882 2426 916 2481 de
930 2443 960 2483 sq.
1009 2419 1161 2474 secundum
1177 2419 1330 2476 relativum.
1342 2418 1421 2485 Quod
1431 2428 1525 2475 tamen
1537 2421 1681 2478 relaturum
1693 2440 1747 2479 uon
1762 2432 1807 2481 est

164 2509 385 2582 genuitFilium
407 2520 437 2567 ut
456 2520 530 2569 totus
553 2525 676 2571 maneret
695 2515 723 2570 ιιι
747 2532 791 2582 se,
807 2517 959 2573 etessetiu
1009 2513 1148 2579 accidens,
1165 2514 1230 2585 quia
1245 2514 1525 2572 nonestmutabile.»

163 2601 235 2660 mun
249 2613 343 2662 tantus
357 2613 477 2677 quantus
494 2614 522 2662 et
543 2608 629 2663 solus.
651 2607 783 2664 Srnulrter
796 2617 823 2663 et
840 2607 959 2682 Spiritus
1045 2605 1119 2662 {dent
1139 2607 1541 2679 libronottmcepltequttlo:
1561 2606 1668 2664 silens
1685 2613 1806 2665 clausor

163 2698 723 2770 sanctusprocedeudononminuitenm‚
740 2709 886 2772 nocuuget
903 2703 958 2757 ιιι-
1009 2699 1366 2770 etnotitiuejustriasunt
1386 2699 1490 2756 Ethec
1509 2701 1662 2756 triennum
1679 2708 1755 2758 suut.
1770 2698 1806 2758 Et

162 2791 259 2847 rende.
277 2790 364 2846 Tanta
388 2799 430 2848 est
449 2791 533 2863 igitur
547 2800 605 2848 tota
624 2794 734 2850 trinitas
749 2795 778 2850 in
794 2797 852 2853 solo
864 2794 957 2861 Patre,
1009 2807 1072 2848 cum
1088 2791 1208 2863 perlecta
1227 2799 1302 2858 sttnt,
1313 2793 1429 2864 aequalia
1443 2799 1518 2848 sunt.
1531 2793 1587 2848 Nec
1598 2809 1676 2849 emor
1688 2802 1716 2849 et
1730 2795 1805 2851 noti·

162 2883 206 2938 ιιι
228 2883 257 2938 ιιι
276 2883 335 2939 solo
349 2881 431 2947 Filio,
451 2884 493 2939 rel
506 2884 534 2938 in
546 2885 606 2939 solo
622 2883 726 2955 Spiritu
738 2894 843 2952 sancto,
856 2892 957 2956 quanta
1009 2883 1046 2936 tia
1062 2879 1110 2938 seu
1134 2882 1256 2953 cognitio
1270 2890 1402 2953 tanquam
1418 2884 1444 2938 in
1458 2883 1583 2952 subjecto
1597 2885 1692 2940 insuut
1705 2887 1802 2950 menti,

162 2975 249 3030 simul
272 2975 301 3030 iu
325 2973 407 3031 Patre
430 2985 457 3032 et
479 2974 549 3031 Filio
569 2984 596 3032 et
618 2975 723 3048 Spiritu
744 2985 848 3034 sancto.
867 2977 957 3045 Quare
1008 2976 1055 3032 sed
1080 2977 1298 3033 substantialiter
1310 2976 1393 3034 etiam
1408 2977 1461 3032 ista
1481 2985 1547 3032 suut
1570 2979 1642 3034 sicut
1662 2988 1689 3035 et
1713 2995 1802 3045 mens,

161 3070 239 3126 nullo
252 3070 335 3125 modo
346 3071 447 3140 triplex
458 3069 592 3126 dicendus
605 3077 647 3126 est
660 3069 743 3128 Deus.
1008 3067 1073 3136 quia
1087 3083 1165 3123 mens
1180 3082 1242 3122 cum
1264 3082 1294 3123 se
1308 3072 1394 3122 tutam
1408 3067 1486 3122 norit
1498 3108 1505 3132 ,
1519 3066 1639 3138 perlecte
1654 3069 1753 3137 norit;
1775 3079 1803 3126 et

197 3159 383 3234 {lieronymus
406 3163 434 3216 in
458 3160 621 3232 Quicunque
645 3162 703 3225 nult
720 3182 726 3217 :
746 3181 757 3214 ι
781 3159 854 3218 lteus
875 3127 990 3218 PaterC
1007 3173 1070 3214 eum
1092 3175 1122 3215 se
1142 3156 1262 3230 perlecto
1282 3165 1374 3224 amat,
1400 3175 1449 3229 per
1470 3164 1560 3214 totum
1578 3158 1639 3230 ejus
1657 3167 1701 3216 est
1725 3175 1804 3216 aruer

163 3236 248 3312 Ιιιιιιιι
270 3251 373 3309 Filium
393 3255 498 3325 genuit,
512 3269 568 3309 non
581 3253 723 3309 volumtate
738 3252 957 3323 nequenecessi-
1007 3251 1093 3322 ejus.»

163 3353 227 3411 tate,
249 3345 299 3402 sed
315 3353 426 3401 natum.
443 3343 614 3416 »Gregorius
631 3341 715 3397 xxttt
731 3343 759 3398 in
772 3341 842 3398 lob:
858 3361 868 3393 ι
882 3340 911 3398 ln
922 3358 956 3400 ec
1043 3341 1115 3398 ldem
1131 3342 1158 3396 in
1174 3357 1301 3400 sermone
1312 3342 1347 3399 de
1361 3343 1508 3415 seripturis
1524 3345 1664 3401 ueteribus
1678 3353 1706 3400 et
1721 3347 1803 3403 nouis

160 3439 236 3511 quod
249 3437 332 3494 Pater
342 3437 463 3494 Verbum
478 3436 629 3509 perlectum
641 3437 751 3509 genuit,
774 3435 882 3492 loctrtus
896 3445 954 3504 est;
1006 3439 1104 3488 centra
1127 3431 1279 3489 Arrianus:
1301 3451 1311 3484 ι
1325 3431 1355 3488 tu
1371 3434 1495 3490 saletris
1514 3441 1580 3490 sunt
1603 3451 1664 3506 quae
1678 3439 1801 3507 seperari

160 3532 191 3587 iu
210 3546 242 3587 eo
265 3529 338 3602 quod
351 3545 459 3602 semper
472 3529 569 3601 gignit,
585 3529 718 3600 loquitur,
733 3526 820 3584 Filius
834 3527 882 3584 llei
897 3529 956 3584 uni-
1005 3525 1117 3583 omniuo
1126 3541 1182 3580 uon
1193 3534 1318 3597 possunt,
1331 3525 1383 3592 sel,
1393 3526 1532 3598 splendor,
1543 3527 1628 3582 calor.
1641 3526 1706 3582 Tria
1717 3528 1801 3584 etium

158 3624 269 3696 genitus
283 3639 334 3696 pro
349 3621 515 3694 perfectione
526 3628 608 3677 natus
621 3620 732 3681 dicitur.
744 3635 794 3690 pro
804 3621 954 3676 mtemitate
1005 3615 1087 3674 habet
1101 3616 1173 3689 ignis
1183 3617 1371 3684 indivisibilia,
1384 3625 1501 3682 motum,
1513 3619 1601 3673 lucem
1612 3626 1640 3676 et
1651 3619 1797 3676 servorem.

160 3731 270 3787 semper
282 3716 359 3772 nasci
371 3713 540 3786 periclitetur.
557 3713 750 3784 »Augustinus
763 3712 834 3767 libro
848 3713 954 3769 decimo
1006 3705 1034 3762 Si
1049 3723 1114 3778 ergo
1126 3716 1279 3763 creaturam
1295 3707 1421 3764 heretice
1431 3710 1553 3765 dividere
1563 3725 1618 3764 non
1632 3721 1720 3781 potes,
1730 3727 1801 3784 quo-

161 3806 292 3864 sextulis
320 3807 432 3862 civitate
446 3804 514 3860 Dei:
530 3823 540 3856 ι
560 3803 608 3860 Dei
623 3805 723 3876 quippe
738 3811 801 3860 ante
816 3821 894 3860 suum
913 3804 954 3860 la·
1004 3800 1086 3855 modo
1099 3800 1201 3870 poteris
1211 3800 1335 3856 dividere
1345 3801 1522 3859 Creatorem?
1537 3803 1566 3857 ιιι
1577 3801 1685 3860 Psalmo
1700 3804 1797 3861 habes:

161 3907 236 3955 ctum
250 3898 353 3954 locutio
371 3897 469 3968 ipsius,
486 3897 530 3953 sui
545 3895 610 3952 lacti
625 3905 667 3952 est
679 3896 859 3952 immutabilis
871 3897 951 3963 ratio,
1008 3891 1092 3947 Verlo
1108 3890 1215 3945 Domini
1229 3891 1288 3946 citii
1307 3892 1410 3961 firrteti
1430 3903 1493 3947 sunt
1504 3933 1512 3959 ‚
1524 3902 1548 3948 ct
1566 3894 1661 3963 spiritu
1675 3896 1729 3978 nqis
1740 3895 1799 3964 ejas

160 4009 222 4064 quae
237 3991 387 4048 nonhabet
407 4005 505 4047 sonum
530 3996 696 4060 strepentem
713 3995 740 4044 et
748 3979 951 4055 transeuntem,
1004 3984 1088 4037 omnio
1101 3983 1184 4036 virtut
1198 3999 1289 4036 eorum
1304 3983 1400 4056 (Ptol.
1417 3984 1517 4057 utu).

160 4085 208 4141 sed
222 4085 277 4140 rim
289 4083 455 4155 sempiterne
467 4088 633 4147 manentem,
649 4087 676 4136 et
691 4082 877 4151 temporaliter
887 4097 952 4151 ope-
1038 4075 1111 4131 ldcm
1122 4084 1219 4131 curttra
1232 4074 1346 4132 Arium:
1372 4097 1381 4128 ι
1395 4076 1580 4149 intelligamus
1607 4078 1691 4134 Deum
1710 4095 1799 4150 qusu-

158 4186 276 4234 rantem.
294 4197 303 4228 ι
321 4176 494 4248 Augustinus
504 4173 543 4228 lle
552 4173 643 4229 veritis
658 4171 776 4237 Domini,
788 4187 849 4244 cap.
865 4171 950 4238 XXX,
1002 4176 1060 4224 tum
1076 4185 1242 4241 possumus,
1257 4172 1316 4226 sine
1330 4171 1462 4241 qualitate
1474 4172 1596 4236 bunum,
1616 4172 1674 4228 sine
1688 4174 1799 4243 quanti-

156 4287 218 4342 csp.
243 4268 265 4323 ll
286 4268 442 4325 toanntsn
462 4266 540 4323 Sicut
561 4267 650 4322 solum
672 4264 780 4322 Patrem
799 4281 907 4337 semper
924 4275 952 4323 et
1002 4271 1058 4319 tate
1072 4278 1219 4334 magnum,
1236 4263 1295 4319 sine
1308 4263 1457 4333 indigentia
1477 4263 1654 4328 Creatorem,
1670 4265 1730 4320 siue
1741 4265 1797 4320 situ

157 4362 223 4420 Sine
234 4364 314 4418 initio
326 4363 477 4435 ingenitum
489 4359 627 4424 norimus,
640 4359 678 4415 lta
693 4357 791 4414 Filium
803 4375 911 4431 semper
924 4369 951 4416 et
1002 4361 1181 4425 presentem,
1198 4354 1258 4409 sine
1272 4353 1328 4408 situ
1348 4361 1530 4424 presentem,
1545 4355 1605 4410 sine
1622 4354 1683 4410 loco
1697 4355 1797 4427 utrique

155 4459 216 4514 sine
236 4457 317 4512 initio
330 4472 364 4511 ex
378 4453 460 4509 Patre
475 4452 595 4524 genitum
613 4449 783 4506 eonfitemur.
803 4449 859 4506 Nec
876 4451 950 4507 aliud
966 4483 988 4538 D
1004 4454 1090 4502 tutum
1105 4487 1112 4510 ‚
1133 4445 1192 4502 siue
1205 4452 1327 4517 tempore
1341 4447 1555 4516 sempiternum,
1570 4447 1631 4503 sine
1643 4455 1796 4503 commuta·

155 4549 222 4606 lacit
239 4548 404 4605 divisionem
423 4559 615 4618 personarum,
632 4541 685 4598 nisi
695 4540 767 4611 quod
780 4539 862 4597 Putcr
874 4543 951 4616 inge·
1002 4540 1077 4594 tione
1090 4539 1133 4594 sul
1145 4538 1286 4594 mutabilia
1300 4537 1454 4602 facientem,
1467 4539 1533 4593 uilril
1544 4540 1702 4610 partientem.
1717 4540 1795 4607 Quod

154 4641 230 4698 nitus
250 4647 305 4706 cst,
325 4637 412 4694 Filius
433 4637 556 4707 genitus;
579 4635 624 4690 ille
646 4633 738 4697 Pater,
755 4635 806 4690 iste
819 4633 916 4693 Filius.
937 4657 947 4690 ι
1001 4631 1025 4688 sl
1040 4631 1102 4702 quis
1116 4629 1252 4687 italicum
1266 4629 1378 4701 cogitat,
1392 4638 1420 4686 et
1434 4631 1555 4688 numium
1571 4633 1795 4703 potestinrenire

154 4729 240 4794 idem.
255 4729 327 4784 libro
342 4726 448 4783 decimo
463 4726 560 4797 quinto
575 4723 612 4779 Dc
626 4731 721 4780 sancta
743 4723 886 4792 Trinitate,
903 4740 950 4781 cs·
1000 4724 1066 4796 quid
1082 4723 1135 4788 sit,
1153 4729 1245 4778 ιιιιιιιιι
1255 4721 1300 4792 pie
1312 4730 1419 4789 caveat,
1428 4731 1563 4793 quantum
1579 4731 1678 4795 potest,
1691 4723 1793 4795 aliquid

153 4823 210 4895 pite
227 4821 363 4893 vigesimo
380 4826 459 4876 sexto
473 4837 480 4873 :
496 4836 505 4868 ι
522 4815 593 4873 ιιιιιι
609 4826 716 4874 constat
734 4815 867 4888 Spiritum
885 4833 949 4874 san·
1001 4817 1102 4874 sentire
1112 4813 1204 4872 de'illo
1214 4813 1289 4885 quod
1304 4828 1360 4869 non
1375 4815 1438 4870 sit.»

154 4913 324 4970 (tumetium
340 4927 355 4966 a
369 4909 439 4965 Filio
455 4909 619 4981 procedere,
638 4909 711 4981 qdod
724 4907 873 4980 Apostolus
885 4911 922 4964 ait
939 4929 946 4966 ι
1035 4909 1076 4964 Er
1088 4907 1226 4980 praedictis
1241 4914 1269 4962 et
1278 4905 1487 4977 quampluribus
1495 4907 1558 4962 aliis
1568 4915 1725 4963 sanctorum
1740 4905 1793 4962 Pa·

154 5005 229 5062 tttstt
240 5004 447 5073 [leucopetram
460 4999 525 5055 Filii
536 5001 701 5056 tuiincordo
711 5011 803 5056 nostra
814 4999 945 5074 (Galam).
999 5011 1072 5058 trum
1084 4999 1208 5063 sancitis,
1224 5005 1288 5054 sunt
1299 4998 1347 5069 qui
1365 4993 1461 5061 dicunt
1472 4997 1562 5054 Patris
1575 4999 1685 5054 nomine
1701 4998 1797 5071 desig·'

151 5098 186 5152 Et
205 5113 268 5153 cum
292 5094 492 5152 resurrexisset
507 5101 534 5149 et
548 5093 721 5164 apparuisset
735 5093 888 5165 discipulis,
905 5096 948 5150 in·
998 5098 1059 5153 nari
1073 5098 1173 5154 divinae
1189 5100 1342 5170 maiestatis
1356 5099 1525 5171 potentiam,
1553 5113 1607 5168 qua
1622 5111 1793 5168 quecunque

155 5188 276 5247 strillsrit
295 5195 322 5245 et
344 5186 531 5256 ait:1lccipite
553 5185 686 5256 Spiritum
709 5197 830 5241 sonetum
854 5185 944 5257 (donn.
998 5191 1063 5245 velit
1078 5191 1192 5257 efficere,
1204 5193 1302 5264 pessit.
1317 5193 1461 5248 Nouenim
1471 5198 1562 5261 potest
1578 5191 1681 5260 injusta
1701 5189 1792 5248 lacere

153 5283 211 5354 xx).
229 5303 240 5336 ι
256 5279 331 5338 idem
346 5278 443 5336 eodem
459 5279 597 5350 capitulo:
613 5299 622 5330 t
642 5279 710 5335 Cum
726 5279 858 5351 Spiritum
882 5295 946 5336 san·
980 5281 1069 5340 ‘Deus
1081 5287 1168 5363 ..quia
1182 5287 1240 5356 ipse
1251 5301 1358 5341 summa
1377 5285 1485 5354 justitia
1496 5290 1525 5338 et
1537 5284 1647 5340 bonitas
1657 5289 1709 5341 est.
1728 5283 1790 5339 Filii

149 5385 227 5432 ctum
242 5374 366 5446 genitum
378 5389 433 5428 non
443 5373 580 5437 dicamus,
594 5371 684 5428 dicere
694 5379 785 5429 tamen
797 5388 851 5428 non
863 5373 946 5430 aude·
996 5390 1063 5429 vero
1077 5390 1125 5431 seu
1135 5377 1211 5431 veriti
1225 5376 1358 5431 vocabulo
1372 5374 1495 5430 sentiunt
1515 5374 1665 5446 significari
1683 5376 1790 5446 sapien·

150 5485 215 5524 mus
230 5467 394 5540 ingenitum,
405 5479 439 5522 ne
449 5467 492 5522 uel
507 5465 577 5522 diros
588 5474 680 5537 patres
701 5465 729 5521 in
748 5463 944 5532 illa'lrinltate,
996 5467 1062 5522 tiam
1085 5467 1142 5530 Dei,
1157 5483 1212 5539 qua
1231 5468 1272 5524 sic
1293 5475 1391 5522 cuncta
1417 5466 1574 5523 discernere
1596 5468 1688 5533 ualet,
1711 5474 1740 5522 ut
1759 5468 1788 5524 in

149 5563 193 5615 sel
205 5562 276 5617 duos
286 5560 333 5630 qui
346 5575 400 5615 ιιοιι
413 5559 518 5616 suntde
530 5558 594 5622 alio,
606 5558 741 5629 quispiam
753 5559 915 5630 suspicetur.
933 5579 942 5612 ι
996 5559 1072 5613 nullo
1085 5560 1194 5629 penitus
1208 5559 1296 5630 decipi
1308 5566 1400 5630 queat.
1412 5559 1600 5630 Appellutlone
1619 5567 1709 5616 ιιιιιιιι
1725 5557 1789 5630 Spi-

150 5649 224 5708 tuen
238 5651 347 5716 eodem,
367 5652 456 5723 capite
471 5650 578 5707 decimo
591 5658 704 5706 octavo:
718 5667 727 5700 ι
746 5649 822 5706 Sicut
832 5651 944 5706 tunicum
995 5653 1066 5707 ritus
1081 5653 1169 5707 suncti
1182 5652 1241 5723 ipsa
1256 5649 1303 5708 [ιιι
1317 5650 1438 5707 charites
1457 5653 1499 5706 sel
1518 5651 1671 5724 berrignitns
1687 5650 1787 5706 intelli-

151 5742 200 5801 llei
226 5743 346 5800 l'erlrum
370 5744 479 5816 proprie
503 5759 633 5802 vocamus
658 5744 768 5801 nuntius
792 5743 942 5817 sapienties,
994 5745 1078 5819 gitur,
1088 5761 1140 5818 qua
1151 5745 1255 5801 scilicet
1266 5744 1356 5800 omnia
1372 5745 1538 5816 vultoptime
1552 5744 1610 5800 lieri
1622 5759 1654 5800 oe
1666 5741 1783 5813 disponi.
