3967 6334
722 353 909 412 zlellanim
929 355 1229 418 cantsorotitarti
1245 355 1404 416 crisconi
1842 357 1876 416 'tt

245 461 386 526 ditissimis
402 467 466 532 Deo,
477 475 501 522 ει
522 468 549 521 ia
575 474 646 520 terra
659 483 712 536 pue
727 467 875 525 bominibus
899 471 973 526 iente
988 488 1033 525 oo·
1046 478 1070 536 Α
1121 473 1154 528 iit
1166 491 1254 529 ornnes
1268 474 1313 544 qui
1324 470 1475 535 audierunt,
1491 469 1583 523 mirati
1596 475 1667 534 suat,
1681 478 1707 522 ct
1719 469 1751 524 de
1761 471 1803 526 itis
1817 488 1877 542 pute

247 561 367 616 latitatis.
1085 564 1156 619 dictu
1170 573 1244 619 erum
1259 581 1276 618 tt
1288 561 1439 633 pastoribus
1450 559 1485 614 uti
1499 560 1581 630 ipsos.

211 668 214 678 ·
283 653 343 708 Uno
354 653 556 724 evangelizante
569 653 674 721 angeio,
689 651 835 707 multitudo
849 653 1036 709 inconsonam
1122 652 1229 726 [Dana]
1248 653 1381 707 Mirantur
1395 656 1422 704 et
1435 648 1610 721 dcmysterio
1625 648 1835 714 incarnationis,
1850 657 1878 706 ct

245 742 353 798 laudem
365 743 527 813 prorumpit,
544 751 571 798 ει
587 741 703 798 officium
715 759 794 799 suum
807 744 861 801 Deo
875 745 1036 816 impendens
1085 747 1119 802 de
1142 753 1282 817 pastorum
1301 742 1476 798 attestatione
1495 748 1580 804 tanta,
1600 740 1647 811 qui
1666 738 1760 798 lucare
1784 742 1879 797 audita

245 839 273 888 et
297 849 348 889 nos
362 833 519 897 instituens,
547 840 576 887 ut
598 833 705 904 quotics
730 850 836 890 sacram
855 835 1036 892 cruditionem
1085 839 1234 903 nescirent,
1251 837 1299 895 scd
1311 835 1429 906 simplici
1439 833 1574 889 iucundia
1597 847 1660 888 vera
1685 831 1878 904 praedicarent.

245 941 278 980 ex
301 925 393 980 iratris
414 939 461 980 ore
491 925 628 988 audimus,
657 925 713 981 Deo
742 927 838 984 laudes
862 929 954 994 corde,
977 943 1035 995 ore,
1064 931 1133 1004 ‚Sic
1148 932 1279 987 Dominus
1293 945 1349 985 non
1360 929 1494 991 rhetores,
1516 926 1564 981 scd
1576 925 1729 997 piscatores
1744 924 1776 980 ad
1793 941 1876 981 evan·

244 1031 327 1088 opere
340 1017 495 1074 reddamus.
514 1016 585 1074 Bene
599 1011 703 1074 militie
725 1020 844 1077 coelestis
868 1021 972 1077 dictum
994 1027 1037 1077 est
1086 1024 1255 1096 gelizandum
1273 1020 1430 1080 destinarit.
1454 1017 1500 1073 Sic
1512 1026 1539 1074 et
1553 1017 1582 1072 in
1596 1017 1687 1073 Veteri
1702 1016 1879 1074 Testamenta

245 1109 311 1180 quia
326 1109 364 1166 iiii
388 1109 552 1176 militabant,
577 1110 625 1182 qui
647 1119 744 1168 contra
765 1113 899 1185 malignos
923 1113 1037 1184 spiritus
1086 1131 1142 1172 suae
1156 1113 1368 1186 dispensationis
1378 1111 1501 1177 nuntios,
1511 1118 1638 1182 pastores
1647 1109 1879 1166 ordinavit:idco

246 1201 281 1256 ad
295 1201 407 1256 tutelam
422 1207 544 1257 nostram
558 1202 717 1274 angelorum
733 1205 876 1261 ordinabat
890 1205 1035 1264 exercitus.
1086 1227 1141 1268 non
1151 1219 1193 1266 cst
1207 1209 1283 1281 parvi
1298 1206 1441 1280 pendenda
1450 1213 1592 1277 pastorum
1607 1205 1756 1260 attestatio.

245 1293 315 1363 Quia
330 1311 394 1351 vcro
404 1294 475 1351 Deus
490 1295 614 1351 ethome
637 1304 718 1352 natus
738 1305 790 1363 est,
816 1297 973 1355 hominibus
984 1314 1035 1370 par
1121 1299 1212 1355 diaria
1226 1309 1313 1354 eutem
1325 1296 1494 1354 conterrebat
1516 1295 1604 1350 ommia
1618 1295 1696 1350 uerba
1708 1295 1772 1361 bec,
1787 1293 1853 1363 corti
1869 1322 1880 1334 ·

245 1395 273 1444 ει
288 1387 343 1444 Deo
357 1387 443 1459 gloria
459 1387 578 1453 canitur,
593 1389 639 1460 qui
651 1389 685 1444 ab
699 1388 802 1461 angelis
824 1405 874 1461 pro
885 1399 979 1446 nostra
993 1404 1038 1444 re-
1087 1408 1147 1447 rem
1164 1392 1192 1445 ia
1208 1389 1284 1446 corde
1294 1406 1352 1445 mc.

245 1480 402 1552 demptione
415 1481 593 1552 glorificatur.
607 1480 641 1536 Et
654 1482 719 1554 quia
736 1497 824 1553 neque
837 1480 934 1548 iudaei,
948 1497 1039 1553 neque
1124 1483 1218 1548 liaria,
1227 1482 1381 1538 nonmiuus
1391 1495 1439 1537 ore
1452 1479 1552 1552 pudica
1565 1493 1647 1551 quam
1654 1492 1779 1550 corpore,
1789 1478 1879 1533 tacita

208 1575 210 1580 “
246 1572 362 1642 gentiles
377 1588 470 1644 pacem
484 1572 596 1640 habent,
612 1589 666 1628 nou
677 1579 719 1630 cst
729 1573 801 1630 enim
815 1589 868 1646 pax
878 1573 980 1646 impiis,
997 1573 1038 1628 di·
1088 1574 1194 1630 conicrt
1208 1589 1311 1645 eaque
1323 1573 1429 1629 rideret
1449 1572 1644 1636 circaseaeta,
1659 1576 1755 1642 etquae
1772 1571 1881 1642 legerat

246 1662 283 1716 cit
295 1661 425 1720 Dominus
436 1663 505 1736 (isa.
522 1665 620 1737 ruunt)
646 1665 710 1720 idco
723 1665 903 1721 determinate
925 1665 1037 1731 dicitur,
1087 1665 1117 1721 in
1130 1664 1279 1736 Scripturis
1302 1664 1416 1737 agenda.
1432 1663 1547 1734 Legerat
1569 1661 1598 1716 in
1613 1660 1683 1718 isaia
1696 1681 1704 1716 z
1717 1660 1783 1716 Ecce
1803 1662 1879 1732 uirgo

247 1753 395 1810 immimbus
410 1755 484 1811 boatu
499 1756 653 1822 voluntatis,
669 1757 716 1828 qui
735 1757 840 1814 scilicet
852 1764 947 1812 natum
961 1755 1039 1812 Gbri·
1089 1758 1214 1828 concipiet
1225 1766 1250 1812 et
1263 1758 1349 1828 pariet
1360 1757 1445 1826 fitium
1458 1755 1525 1829 (ise.
1541 1755 1602 1827 vu).
1618 1752 1749 1826 Legerat:
1765 1753 1817 1808 Bos
1830 1771 1881 1809 co·

247 1855 320 1904 stum
331 1848 646 1924 suscipiunt.[Gnruon.]
654 1849 787 1918 Quoniam
798 1850 937 1922 peccando
945 1858 1036 1906 extra·
1050 1829 1073 1887 Β
1085 1852 1173 1923 puerit
1186 1867 1361 1922 possessorem
1373 1866 1460 1914 suum,
1485 1857 1510 1903 et
1527 1849 1618 1903 esiam
1641 1863 1757 1917 presepe
1776 1846 1882 1902 damaim

245 1942 291 1997 nei
307 1957 416 1998 eramus
427 1957 441 1996 a
454 1937 521 2007 Deo,
534 1949 679 1998 extrancos
692 1957 743 1998 nos
755 1942 844 2013 angeli
858 1941 1034 2012 deputabant.
1086 1945 1128 1998 sui
1147 1943 1215 2015 (lte.
1229 1943 1260 2016 ι).
1280 1941 1395 1999 Videbat
1414 1942 1442 1996 in
1464 1956 1586 2012 praesepe
1609 1939 1656 1996 Dei
1676 1940 1760 1995 tilium
1782 1956 1879 2006 suum,

247 2033 302 2089 Sed
316 2033 380 2104 quia
393 2033 604 2104 recognovimus
613 2047 704 2103 regem
719 2039 843 2086 nostrum
858 2031 946 2102 angeli
959 2045 1036 2086 reco-
1085 2035 1170 2090 iiliunt
1186 2051 1281 2102 unttnt,
1292 2036 1454 2107 vagientem.
1468 2030 1583 2088 Videbat
1602 2048 1632 2088 se
1650 2031 1684 2088 de
1697 2032 1781 2102 stirpe
1789 2031 1880 2086 David

245 2129 398 2194 gnorerunt
407 2138 459 2178 nos
472 2123 547 2178 eires
562 2138 645 2190 suos;
660 2130 688 2178 et
708 2123 785 2178 timet
799 2123 911 2193 angelus
926 2122 1034 2177 adorari
1085 2137 1185 2195 ortam,
1201 2129 1229 2184 jn
1244 2128 1378 2183 Nazareth
1393 2127 1427 2182 de
1442 2127 1541 2197 spiriru
1554 2125 1725 2197 concepisse,
1744 2125 1773 2179 51,
1793 2123 1880 2180 perh.

246 2215 280 2269 ab
294 2215 412 2270 bttmana
432 2223 542 2278 natura,
565 2231 648 2287 quam
675 2215 704 2271 in
730 2232 781 2272 suo
804 2230 867 2286 rege
880 2215 1037 2270 considerat
1085 2222 1174 2277 lehem
1184 2221 1465 2293 peperissezquorum
1475 2220 1597 2274 omnium
1608 2216 1764 2273 testimonia
1775 2216 1801 2270 in
1811 2231 1882 2286 pro·

246 2305 339 2377 (dpec.
356 2307 425 2378 mx).
437 2306 507 2362 ilinc
521 2307 571 2362 Lot
594 2305 670 2376 (Gen.
681 2308 739 2380 xm)
758 2315 786 2364 et
807 2307 890 2364 iosue
905 2305 973 2378 (ies.
990 2306 1035 2379 xv)
1086 2314 1176 2386 plactis
1194 2315 1306 2385 legerat.
1320 2312 1466 2384 Comparat
1490 2327 1555 2382 ergo
1571 2310 1654 2366 verba
1679 2309 1881 2381 prophetarunt

245 2414 300 2454 non
325 2398 455 2470 prohibiti
473 2406 537 2455 sunt
560 2398 673 2454 adorare
688 2400 809 2470 angelos,
828 2399 947 2455 ioannes
970 2415 1036 2455 vcro
1087 2404 1176 2470 iactis,
1207 2411 1234 2460 et
1263 2403 1292 2458 iu
1313 2402 1440 2458 omnibus
1463 2401 1545 2457 habet
1574 2406 1733 2471 argumenta
1753 2399 1823 2454 iidci.
1847 2398 1881 2453 Si

246 2492 401 2564 prohibitus
411 2501 453 2548 est
462 2491 490 2546 in
499 2490 663 2564 Apocalypsi
675 2512 681 2547 :
695 2491 769 2560 Vide,
778 2491 877 2564 inquit,
889 2509 920 2548 ae
931 2493 1034 2563 iecerit,
1086 2496 1171 2553 biacia
1195 2512 1211 2551 a
1229 2493 1386 2568 pastoribus
1408 2492 1514 2560 didicit,
1540 2492 1716 2549 discamuset
1737 2505 1787 2546 nos
1800 2505 1816 2544 a
1830 2504 1881 2546 sa-

246 2600 384 2640 consertus
398 2583 467 2638 caim
483 2591 542 2638 tuus
557 2599 616 2638 tum
632 2593 658 2637 ει
676 2582 792 2653 [rutrum
818 2593 923 2638 tuorum
942 2582 1034 2655 (ripae.
1086 2589 1254 2646 cerdotibus,

246 2677 327 2749 ¹¹¹0·
1122 2681 1156 2736 itt
1167 2682 1263 2737 reversi
1276 2690 1338 2735 suat
1351 2689 1481 2751 pastores,
1506 2678 1687 2750 glorificantes
1696 2686 1722 2733 et
1735 2675 1880 2732 laudentes

283 2768 317 2824 Et
331 2769 431 2837 iactam
445 2777 484 2824 cst
506 2776 536 2822 ttt
551 2766 726 2822 discesserunt
740 2767 772 2821 ab
785 2768 822 2822 et't
836 2767 922 2838 ampeli
941 2767 968 2821 itt
983 2783 1037 2821 αι·
1086 2772 1170 2827 Deum
1185 2773 1212 2826 itt
1229 2771 1350 2826 ommibus
1367 2787 1425 2843 quie
1454 2770 1593 2825 audierunt
1615 2777 1639 2824 et
1661 2767 1792 2833 viderunt,
1807 2768 1881 2822 sicttt

247 2863 312 2928 turm,
334 2869 452 2930 pastores
468 2858 641 2932 loquebantur
655 2859 689 2913 uti
704 2859 832 2914 invicem:
860 2859 1036 2914 Trumeumttr
1086 2864 1185 2918 dictum
1198 2873 1238 2918 est
1249 2863 1283 2916 ed
1297 2861 1368 2918 ilios.

248 2969 330 3024 usquc
341 2952 499 3017 iictitieitem,
508 2949 728 3006 eteitieumttrboc
740 2949 925 3023 Veriumquod
935 2951 1036 3020 [aetram
1121 2953 1159 3011 De
1168 2955 1279 3026 hisquae
1293 2953 1436 3011 audierant
1451 2955 1485 3011 ab
1500 2954 1603 3026 angelis
1616 2952 1765 3008 laudabant
1777 2952 1885 3036 Deum,

244 3055 295 3110 est,
315 3044 384 3117 quoti
399 3043 458 3114 fecit
474 3043 600 3098 Dominam
613 3055 639 3098 ct
654 3041 766 3097 ostendit
780 3042 864 3100 mobis.
1085 3055 1113 3103 et
1141 3046 1176 3102 de
1195 3047 1240 3103 bis
1250 3062 1312 3118 quae
1326 3047 1450 3102 uiderant
1460 3045 1489 3100 iu
1507 3043 1664 3102 lietbleitcm
1686 3043 1883 3117 glorificabant

284 3135 391 3210 [neuin
404 3134 610 3201 Noudixerunt,
623 3134 765 3192 videamus
777 3149 902 3207 puerum,
912 3133 1035 3191 sediler-
1086 3155 1159 3195 eum.
1182 3137 1235 3195 Sed
1248 3146 1275 3194 et
1285 3137 1411 3210 magistri
1422 3137 1606 3209 spiritualium
1619 3151 1732 3208 gregum
1745 3136 1829 3192 modo
1842 3135 1879 3190 ii-

246 3231 328 3298 bum;
340 3245 373 3285 ac
388 3229 410 3286 si
421 3230 553 3285 dicerent:
566 3227 685 3284 Verbum
696 3227 979 3299 eratinpriucipio,et
996 3225 1037 3281 ia·
1087 3229 1186 3286 delium
1194 3240 1284 3288 castra
1295 3231 1422 3293 lustrant,
1432 3229 1576 3300 probitatis
1586 3231 1709 3301 exempla
1719 3228 1879 3300 quaerendo,

247 3330 370 3380 ctumest
384 3337 460 3390 caro;
475 3322 548 3393 quod
558 3320 691 3379 Dominus
705 3320 743 3393 (tt
754 3327 806 3386 est,
817 3319 899 3377 Pater
906 3329 932 3377 et
946 3321 1037 3391 ipsum
1085 3323 1167 3380 modo
1181 3323 1215 3378 ad
1228 3324 1365 3395 pastorale
1374 3321 1492 3378 officium
1507 3322 1766 3379 redeuntdooendo.

246 3417 408 3474 verbumst
423 3415 541 3487 Spiritus
560 3413 684 3485 sanctus)
707 3412 781 3476 iecit,
799 3413 826 3469 id
841 3422 882 3470 est
897 3413 1036 3467 incarnari
1384 3413 1500 3470 catur
1517 3405 1576 3472 itii.

247 3507 401 3573 constituit,
415 3515 442 3564 et
456 3507 497 3564 sic
521 3504 624 3562 iactum
638 3504 768 3570 ostendit,
789 3501 862 3575 quod
886 3504 914 3558 in
936 3503 1036 3559 deitate
1121 3505 1156 3561 Et
1166 3516 1303 3578 postquem
1318 3506 1494 3560 consummati
1512 3513 1573 3560 sunt
1583 3507 1639 3560 dies
1654 3513 1712 3560 octo
1728 3507 1882 3561 utciream·

247 3599 333 3656 videri
344 3614 401 3655 non
414 3605 530 3670 poterat.
1086 3598 1214 3653 rideretur
1222 3614 1297 3668 puer,
1313 3607 1433 3653 vocatum
1454 3606 1493 3652 est
1508 3615 1602 3653 nomem
1620 3598 1677 3668 ejus
1690 3596 1781 3653 iesus.
1799 3598 1880 3666 Qum

285 3691 319 3747 m
332 3700 456 3748 renerent
483 3690 647 3756 (estimantes,
667 3697 691 3744 et
715 3690 865 3743 intererunt
881 3684 998 3740 diarium
1012 3694 1038 3740 et
1085 3699 1204 3745 cocetum
1221 3699 1260 3745 est
1277 3689 1309 3744 at
1338 3688 1448 3760 ampelo,
1467 3690 1622 3760 priusquam
1645 3690 1673 3743 in
1689 3697 1767 3744 utero
1789 3692 1880 3744 cumci-

247 3784 355 3856 Josepit,
373 3782 538 3852 etirfuntem
559 3781 674 3852 positum
700 3781 728 3835 ia
751 3779 885 3850 presepio.
915 3776 1037 3834 trientes
1085 3791 1198 3851 peretur.

248 3889 336 3936 eutem
345 3882 517 3950 cognorerunt
526 3873 558 3930 de
573 3873 667 3942 Verbo,
679 3870 748 3945 qaod
762 3872 928 3928 dictumemt
940 3871 995 3926 iilis
1005 3871 1038 3927 de
1055 3889 1067 3930 r
1121 3875 1201 3930 iiitus
1225 3873 1446 3930 circumcisionis
1462 3874 1497 3929 ab
1513 3871 1650 3928 dbraltam
1669 3874 1881 3938 sumpsitexor·

247 3988 328 4043 ptero
342 3971 400 4026 bec.
1087 3965 1173 4028 diunt,
1190 3964 1302 4036 quando
1324 3971 1352 4019 ct
1365 3964 1484 4019 nominis
1499 3962 1739 4036 amplificationem
1758 3965 1877 4036 accepit.

282 4062 412 4120 Nonnulli
437 4067 592 4134 querentes
615 4058 776 4124 Christum,
800 4070 856 4112 nou
884 4056 1036 4123 inveniunt,
1086 4053 1126 4109 Ad
1142 4054 1221 4124 cujus
1231 4053 1411 4111 imitationem
1421 4069 1520 4108 nomen
1531 4054 1721 4125 imponebatur
1737 4055 1833 4125 pueris
1848 4056 1879 4112 iu

247 4153 312 4228 quia
325 4153 463 4211 desidiose
474 4157 609 4225 querunt.
625 4148 754 4208 Pastores
765 4152 856 4202 autem
863 4146 1036 4212 invenerunt,
1087 4147 1131 4204 die
1144 4147 1363 4204 circumcisionis
1375 4162 1481 4203 corum.
1498 4143 1543 4202 Sic
1552 4148 1635 4203 etiam
1650 4146 1752 4203 iactum
1767 4155 1812 4205 est
1824 4149 1879 4221 ipsi

246 4246 311 4320 quia
325 4244 377 4302 lide
390 4260 446 4302 non
457 4244 519 4300 licta
539 4247 730 4300 cucurrerunt.
747 4236 1038 4309 Sicilcelesimpasto-
1087 4239 1162 4296 iesu.
1178 4239 1250 4295 Bene
1273 4245 1364 4294 autent
1386 4245 1481 4294 octava
1496 4237 1541 4295 die
1561 4239 1777 4305 circumciditur,
1798 4248 1880 4298 utet

246 4355 303 4404 res,
332 4338 387 4392 imo
410 4335 525 4408 quilibet
543 4333 646 4398 fideles,
673 4329 779 4388 emlesti
797 4327 923 4385 doctrina
954 4323 1039 4384 erecti
1088 4331 1148 4400 eius
1162 4329 1329 4387 resurrectio
1342 4337 1440 4385 octava
1449 4329 1493 4386 dic
1507 4329 1678 4396 celebranda,
1697 4336 1724 4385 ct
1738 4330 1881 4386 nostrati-

247 4431 328 4506 quasi
336 4438 429 4502 portas
437 4428 595 4486 Betblcberu
604 4425 762 4489 subeuntes,
770 4420 912 4493 reperiunt
924 4420 1039 4476 catholi-
1088 4432 1234 4497 guraretur
1244 4431 1340 4479 octava
1353 4429 1433 4478 etate
1446 4421 1546 4477 lutura.
1561 4420 1615 4478 Sex
1623 4421 1799 4478 etenimsunt
1812 4429 1879 4478 anta-

247 4540 308 4580 eam
320 4521 471 4578 Ecclesiam
493 4518 573 4591 quasi
593 4514 716 4581 uariam,
736 4521 763 4570 et
781 4520 882 4571 eoetum
896 4512 1037 4568 d⁰⁰2⁰tttt¹t
1053 4543 1075 4598 Ι)
1089 4527 1142 4583 tes,
1167 4518 1195 4572 in
1213 4517 1313 4589 quibus
1326 4531 1377 4588 pro
1390 4514 1505 4573 Domino
1525 4514 1684 4572 laboratur:
1702 4515 1819 4586 septima
1835 4524 1878 4573 est

246 4616 327 4688 quasi
340 4613 452 4684 ioseph,
465 4621 546 4682 atque
561 4607 691 4663 humilem
705 4605 864 4662 llodiatoris
879 4605 1036 4671 adrentum,
1089 4609 1242 4664 animarum
1255 4624 1342 4680 usque
1355 4607 1389 4664 ad
1407 4617 1514 4678 tempus
1532 4607 1755 4675 resurrectionis;
1779 4617 1879 4664 octava

248 4706 396 4778 scripture
410 4702 518 4776 paginis
534 4701 667 4756 insertum
689 4697 768 4770 quasi
782 4697 810 4752 in
825 4696 968 4768 praesepio.
990 4694 1039 4750 vi·
1087 4710 1130 4758 est
1144 4700 1320 4766 resurrectio,
1336 4699 1447 4773 quando
1459 4699 1546 4772 gloria
1556 4696 1677 4769 perlecta
1691 4697 1880 4755 circumcisio-

246 4802 342 4858 dcntcs
364 4805 454 4854 autent
477 4807 603 4865 puerum,
618 4797 804 4862 θθιῐιθιθιυιῑῑ
817 4787 850 4845 de
863 4786 952 4844 Verbo
964 4788 1038 4860 quod
1088 4795 1131 4852 nis
1139 4793 1305 4860 coruscabit,
1320 4802 1348 4849 ει
1367 4801 1441 4850 totus
1452 4793 1534 4849 bomo
1552 4791 1651 4848 visioni
1671 4790 1825 4847 conditoris
1835 4791 1880 4847 in·

247 4891 350 4948 dietum
365 4897 435 4953 erat,
451 4894 478 4942 ει
489 4901 540 4941 nos
555 4900 602 4955 per
618 4883 698 4938 iidem
727 4883 925 4940 incarnationis
946 4883 1038 4938 venie·
1088 4887 1209 4945 haerebit,
1234 4886 1312 4942 Nune
1331 4894 1422 4942 autem
1434 4887 1522 4941 „seem
1537 4886 1673 4940 ,patrarem
1695 4883 1730 4938 aa
1752 4885 1879 4945 compr.

164 4961 167 4970 *
246 5000 309 5040 mus
325 4982 359 5037 ad
374 4979 488 5052 gioriam
500 4975 582 5032 Verbi
597 4973 789 5030 contuendam.
805 4972 960 5030 Notandum
974 4974 1039 5046 qttia
1087 4979 1279 5036 scendemeem
1294 4974 1456 5050 (liuttici,
1481 4976 1704 5032 incircumcisum
1718 4975 1809 5031 risum
1824 4976 1878 5030 ha·

247 5077 314 5148 ipse
333 5070 478 5142 resdignm
499 5069 585 5124 relatu
606 5075 687 5138 atquc
699 5067 774 5122 dictu
798 5066 934 5123 interdum
955 5068 1038 5122 verba
1088 5074 1141 5128 bct.
1158 5070 1342 5127 incircumcisi
1352 5076 1415 5124 sunt
1429 5069 1660 5141 auribus,quibus
1671 5067 1779 5123 Veritas
1789 5066 1876 5123 dicit:

248 5149 435 5226 nominantur.
448 5163 525 5220 Unde
542 5163 570 5218 in
583 5160 676 5217 isaia:
702 5159 763 5216 lion
792 5162 843 5232 [uit
866 5161 980 5226 verium,
1010 5162 1038 5216 id
1089 5163 1314 5232 Quiexiieeest,
1329 5163 1408 5219 certa
1424 5162 1474 5219 Dei
1493 5162 1578 5218 audit.
1598 5161 1742 5232 Propterea
1758 5177 1804 5215 oct
1824 5178 1879 5216 noa
1971 5232 1972 5237 ἵ

247 5268 300 5328 esi,
319 5239 485 5316 res-nomine
498 5255 591 5326 digna,
604 5253 673 5326 quod
687 5270 738 5308 nort
753 5253 898 5309 ostenderet
910 5253 1037 5309 Ezechias
1088 5257 1197 5322 auditis,
1214 5258 1276 5327 quia
1293 5273 1325 5312 ea
1348 5256 1402 5311 Deo
1425 5275 1476 5312 aem
1503 5257 1564 5312 estis
1589 5253 1679 5327 (doun.
1695 5250 1768 5329 viti).
1787 5249 1880 5308 inctr-

248 5351 382 5410 ciuitati
396 5350 464 5424 (ise.
480 5347 585 5418 xxxta).
598 5345 729 5402 Similiter
738 5346 832 5402 dieunt
842 5345 886 5400 liic
896 5353 1035 5416 pastores:
1088 5351 1203 5406 cumcisi
1217 5357 1282 5406 sunt
1293 5349 1384 5420 lingua
1396 5357 1424 5405 et
1434 5349 1569 5416 manibus,
1585 5363 1697 5419 quoram
1712 5363 1741 5401 ot
1757 5344 1879 5401 locutam

248 5443 395 5501 Videamus
407 5427 460 5498 iton
469 5441 589 5498 Verbum
599 5439 672 5510 quod
686 5437 787 5494 iactum
798 5445 849 5502 est,
858 5439 884 5494 id
895 5446 947 5502 est,
963 5439 1038 5492 iilam
1087 5452 1126 5497 est
1141 5443 1291 5505 venitatem,
1307 5450 1331 5495 et
1350 5441 1457 5496 dextere
1475 5457 1575 5504 eoram,
1600 5438 1709 5495 dexteru
1726 5439 1878 5509 iniquitatis
1971 5422 1972 5455 Ὗ

249 5553 307 5593 tem
333 5535 416 5592 verbo
444 5533 612 5591 narrationis
635 5532 756 5604 dignam,
786 5546 867 5602 quam
896 5529 959 5586 iecit
980 5531 1038 5600 ipse
1089 5532 1293 5606 (Paetorum).
1319 5531 1506 5588 incircumcisi
1531 5539 1595 5587 sunt
1610 5540 1701 5603 gustu,
1718 5545 1789 5601 quos
1809 5546 1879 5602 pro·

248 5627 379 5684 Dominus
397 5627 664 5692 excellentissimam,
677 5634 704 5680 et
720 5623 882 5696 signiiicavit
897 5623 976 5679 nobis
989 5639 1038 5695 per
1087 5628 1168 5700 plicta
1195 5629 1344 5702 redarguit,
1359 5628 1453 5684 dicens
1469 5647 1476 5684 :
1493 5627 1538 5683 Vm
1559 5628 1603 5699 qui
1620 5634 1735 5696 potentes
1754 5623 1818 5679 ertia
1840 5619 1878 5676 ad
1971 5654 1972 5701 l

250 5721 369 5792 angelos.
388 5718 440 5776 libi
463 5735 529 5791 ergo
549 5719 649 5774 dicitur
665 5717 877 5788 :cognorerunt
896 5715 929 5770 dc
946 5713 1037 5772 terno
1088 5717 1226 5774 iibcrutum
1247 5721 1346 5786 cirtam,
1370 5727 1395 5773 et
1410 5720 1459 5773 viri
1470 5719 1550 5789 sortes
1565 5718 1599 5772 ed
1614 5715 1774 5772 miscendam
1789 5713 1879 5768 ebrie·
1971 5736 1972 5753 ι

249 5813 321 5884 rpuoti
336 5815 435 5870 dictruu
451 5823 519 5882 erat,
536 5812 627 5885 accipe
641 5810 751 5867 scritum
767 5825 818 5880 pro
831 5808 978 5866 locutione.
1089 5818 1166 5866 tutem
1183 5810 1251 5882 (ise.
1272 5811 1308 5882 r).
1338 5810 1523 5867 incircumcisi
1548 5818 1612 5868 sunt
1632 5809 1876 5872 oiiactuettactu,
1971 5836 1972 5843 ,
