3967 6334
232 317 284 382 ddi

235 447 284 508 tia,
300 445 432 517 qnia-non
451 443 478 496 in
492 440 656 496 abundantio
676 439 833 508 cujusquam
855 437 908 491 uitu
922 435 979 505 ejus
994 445 1033 489 cst
1047 441 1072 496 Α

235 551 268 590 rx
285 538 326 593 itit
337 552 397 608 qrroe
406 536 532 606 possidet.

275 627 338 684 Non
354 630 380 683 in
392 628 526 697 sclopano
539 626 598 680 aicit
613 623 700 686 tronto,
717 622 761 677 sed
774 623 800 675 in
812 621 886 676 ucrlro
901 619 968 674 Dei:
979 633 1031 674 ncc

237 729 361 790 tempora
372 717 434 773 vitat
447 716 605 770 divitiarum
625 712 799 767 multitudine
815 709 1027 781 protendantur.

237 807 392 872 Ριοιιιιειε,
407 807 505 878 iuquit,
518 806 598 862 oculo
607 805 712 860 scilicet
725 805 851 867 rationis,
866 811 894 858 et
906 818 961 856 uon
972 801 1027 855 ait:

237 901 337 956 Cavete
352 901 387 954 alr
409 901 539 962 avaritia,
553 898 601 956 sed
615 898 690 952 omni
705 897 848 966 adjunxit:
870 894 938 962 Quia
960 909 1029 948 non-

236 989 311 1044 nulla
325 987 485 1059 simpliciter
501 987 658 1042 lrominilrus
672 987 732 1058 geri
753 985 890 1051 ridentur,
906 999 967 1054 qum
986 983 1029 1037 in-

236 1088 332 1136 ternus
347 1081 450 1136 arbiter
462 1080 550 1136 cernit
565 1095 619 1150 qua
637 1078 788 1133 intentione
802 1076 877 1131 daut.
889 1075 956 1142 Quis
964 1089 1028 1129 cum

236 1172 322 1227 tratre
346 1169 531 1226 haereditatem
550 1168 645 1232 dir-idi,
672 1166 778 1222 fructus
803 1166 861 1237 agri
884 1165 912 1220 in
930 1165 1029 1220 lrorrea

236 1264 359 1328 recondi,
375 1279 425 1334 pro
441 1260 556 1316 crimine
570 1259 731 1330 deputaret?
746 1257 798 1313 Sed
810 1258 868 1327 ipse
891 1258 969 1312 testis
985 1263 1029 1312 εει

236 1354 321 1420 Deus,
331 1354 396 1424 quia
412 1368 466 1406 non
482 1351 554 1405 lrorra
570 1351 722 1406 intentione
736 1349 788 1403 lroc
803 1347 870 1420 [iric]
897 1347 1025 1404 faciebat.

236 1446 314 1502 Unde
327 1453 354 1502 et
368 1444 521 1515 exemplum
532 1443 655 1499 stultitiae
669 1457 725 1498 sure
739 1442 868 1513 proponit
882 1441 918 1497 ei.

269 1537 345 1592 Dixit
362 1547 448 1591 nutent
467 1536 669 1590 similitudinem
697 1535 817 1599 editior,
838 1534 949 1589 dicens:
970 1533 1027 1589 lio-

233 1631 313 1683 rninis
334 1627 473 1698 cujusdam
489 1629 579 1683 diuitis
597 1629 689 1683 uteros
710 1627 811 1697 fructus
834 1644 897 1698 uper
919 1623 1026 1691 attulit,

223 1709 256 1774 'it
274 1718 405 1790 copitnirut
421 1720 492 1774 iutra
507 1736 534 1774 se
546 1718 656 1774 dicens:
674 1719 743 1786 Quid
759 1719 871 1788 socium,
891 1717 960 1790 quod
974 1736 1027 1773 non

232 1811 313 1866 troico
327 1827 377 1883 quo
392 1827 544 1882 conpreqcm
557 1811 659 1882 [ructus
674 1811 768 1866 tereos?

268 1903 338 1959 Ecce
356 1903 440 1958 nimia
456 1904 611 1959 sollicitudo
631 1919 666 1958 cx
680 1890 794 1958 avaritia
809 1902 935 1958 studente
954 1901 1027 1956 bona
1071 1950 1073 1953 .

227 2007 283 2050 'sua
297 1996 325 2050 in
340 1995 460 2050 futurum
474 1996 748 2061 luxuriareserrnrc,
763 2003 790 2050 et
800 1993 1028 2050 exsollicitudinc

233 2091 357 2159 sequitur
371 2089 540 2144 deliberatio.

262 2180 304 2234 -u't
319 2181 408 2234 dinit:
433 2177 490 2234 lloc
510 2177 776 2250 {ucionrrdertruonr
795 2178 890 2232 itorreu
911 2193 980 2242 tneo,
1000 2185 1025 2231 et

232 2273 334 2337 tuciora
349 2273 446 2343 {acione
467 2281 492 2326 et
510 2271 578 2325 iiiuc
595 2269 755 2342 conpropodo
777 2271 865 2326 outniu
884 2285 943 2340 qrrae
964 2278 1026 2324 sunt

231 2374 296 2420 trata
307 2363 381 2426 uuiti,
391 2373 415 2418 et
427 2365 607 2427 bonaiacum
619 2363 707 2416 dicant
718 2363 814 2416 orrirnoe
826 2376 904 2415 ntem:
916 2361 1023 2427 Aninio,

231 2453 310 2510 troies
324 2454 409 2509 multu
422 2453 489 2508 bonu
499 2455 586 2522 posito
597 2455 624 2508 in
638 2470 720 2508 aranos
734 2451 872 2520 plurimos,
883 2453 1022 2522 requiesce,

231 2546 345 2612 comedo,
357 2545 424 2612 tlte,
436 2546 552 2616 epulare.

267 2636 447 2708 ConprepaDm
480 2638 578 2709 inquit,
604 2653 662 2708 queo
685 2645 749 2690 nuto
772 2644 833 2690 sunt
855 2635 917 2706 plus
942 2635 1024 2690 solito

230 2730 306 2795 mitri,
322 2730 407 2786 idest
427 2745 488 2786 meo
504 2730 607 2793 labore,
623 2729 665 2784 rel
678 2735 791 2799 propter
805 2743 848 2783 mc
862 2727 961 2781 solum.
977 2725 1025 2778 Di·

230 2838 307 2890 cens,
330 2823 469 2893 requiesce,
490 2822 560 2892 pesti
582 2821 703 2875 avaritiae
723 2826 826 2888 pestem
839 2819 929 2888 jungit
950 2817 1024 2872 desi-

229 2913 292 2978 diae,
309 2919 339 2967 ut
353 2927 403 2967 racc
418 2925 468 2981 pro
476 2910 678 2980 temporalibus
692 2908 776 2963 Deum
792 2907 953 2976 interpellet.
970 2904 1024 2960 Co·

231 3001 304 3059 mede
324 3018 356 3058 nc
376 3002 443 3066 iiie,
459 3010 554 3056 contra
578 2999 697 3055 esuriem
712 3005 740 3054 et
761 2998 846 3062 sitim,
871 3004 898 3052 et
916 2993 1023 3065 epulare

230 3095 370 3150 luxuriose
385 3107 483 3164 triagno
494 3092 653 3147 deliciarum
667 3095 774 3160 paratu.

265 3186 340 3240 Dicit
359 3195 447 3239 autent
459 3183 500 3236 ilii
514 3181 585 3236 Deus
600 3196 609 3234 :
625 3180 721 3244 Sinite,
746 3179 796 3233 troc
808 3187 881 3234 nocte
901 3179 1020 3232 unitnom

229 3289 302 3336 tuom
317 3286 430 3347 repetent
442 3294 458 3330 α
470 3285 505 3339 te,
519 3291 577 3345 nutu
592 3283 679 3328 nutem
691 3272 806 3342 parasti,
822 3271 1008 3340 coiecerunt?

263 3370 324 3426 Non
339 3378 403 3426 sunt
417 3367 537 3423 hominis
551 3367 632 3432 ltona,
654 3380 715 3436 quae
734 3379 826 3420 secum
842 3362 950 3420 auterre
963 3378 1020 3418 non

227 3470 328 3535 potest,
349 3463 396 3518 sed
419 3461 477 3516 sola
497 3458 687 3513 misericordia
701 3471 793 3511 comes
814 3462 857 3510 est
877 3454 1020 3510 doluneto·

228 3569 300 3610 rum.
310 3552 370 3608 Non
380 3561 471 3605 tamen
487 3550 514 3603 in
524 3565 556 3604 co
569 3547 777 3619 reprehenditur
789 3547 840 3602 iste
848 3546 935 3611 diros,
946 3547 1018 3618 quod

227 3655 330 3702 terram
345 3642 461 3699 coluerit
472 3650 498 3697 ει
509 3640 615 3696 fructus
626 3655 737 3695 serrare
750 3637 876 3702 vuluerit,
887 3638 934 3694 sed
946 3638 1018 3709 quod

228 3751 337 3792 omnem
368 3735 430 3790 ritae
463 3749 519 3790 sum
549 3731 675 3787 fiduciam
709 3731 736 3786 in
770 3745 820 3786 sua
852 3730 1020 3786 abundantia

228 3827 369 3899 posuerit,
393 3832 421 3882 et
437 3825 477 3881 nil
498 3823 664 3896 pauperibus
687 3837 801 3894 crogare
823 3823 1018 3889 constituerit,

226 3921 304 3990 irrata
326 3919 469 3989 imperium
493 3916 600 3972 Domini
621 3916 738 3971 dicentis
762 3933 769 3970 :
796 3913 872 3981 Quod
891 3923 1018 3985 superest,

227 4009 290 4065 dote
299 4011 490 4080 eleemosynam
501 4003 577 4078 (Luc.
594 4007 644 4079 ιιι),
656 4009 684 4061 in
699 4013 779 4062 nocte
793 4005 916 4060 anicrlur
929 4007 1019 4060 anima

228 4103 313 4168 illius,
328 4103 375 4173 qui
385 4099 616 4157 considerationis
632 4100 719 4154 lucem
735 4099 836 4153 habere
850 4097 974 4169 negligit,
990 4104 1020 4152 ut

226 4192 300 4265 quod
314 4198 404 4262 potest
418 4190 473 4261 pati
489 4188 645 4260 praerideat.
659 4187 736 4243 Unde
746 4187 847 4243 Paulus
862 4186 947 4241 dicit:
968 4186 1019 4241 Vos

227 4293 324 4347 nutem,
334 4282 443 4352 tratres,
452 4281 575 4336 nonestis
584 4282 611 4334 in
620 4279 779 4344 terreirir‚ut
788 4295 830 4334 uos
840 4277 953 4332 diesiitu
964 4287 1020 4331 ton·

717 315 903 376 zlcttautdt
924 309 1227 375 cttntsorontrnut
1246 312 1403 372 eetscurt

1380 427 1495 488 CAPUT
1514 427 1583 490 cll.

1241 545 1296 630 n.
1334 523 1378 636 'l'
1413 544 1477 630 u.
1514 523 1560 575 ¹⁹³
1593 542 1646 629 ι.
1701 523 1748 583 ²²⁹

1118 667 1152 724 Et
1166 687 1224 725 cum
1242 686 1362 740 opressus
1376 679 1444 724 essct
1462 670 1489 723 iu
1508 671 1569 734 siu,
1588 685 1745 739 procurrens
1768 671 1872 740 quirion

1080 763 1218 833 penufleuo
1230 771 1291 815 uate
1304 777 1364 814 eum
1377 759 1489 831 ropuiut
1497 777 1556 814 eum
1567 777 1577 816 .·
1588 759 1718 832 diupister
1726 758 1801 826 ione,
1812 763 1873 832 quid

1080 855 1141 910 boni
1155 854 1254 925 [ocimu
1264 862 1292 907 ut
1302 851 1414 906 troicum
1430 852 1510 905 ritum
1524 854 1674 907 eternam?
1688 851 1742 918 Qut
1754 851 1871 909 dixitci:

1081 944 1152 1012 Quid
1167 961 1208 999 me
1225 946 1374 1014 interropor
1388 942 1421 997 de
1435 943 1523 1000 dono?
1542 942 1627 998 Nemo
1642 943 1725 998 tonas
1738 945 1792 998 ruisi
1807 961 1873 1000 saar

1078 1037 1162 1092 Deus.

1117 1127 1262 1203 [iocosa]
1295 1127 1388 1186 Potuit
1414 1139 1561 1199 utrumque
1583 1127 1638 1184 dici
1665 1135 1693 1183 et
1721 1129 1870 1185 secundmn

1079 1217 1246 1285 hiartharum,
1267 1219 1331 1290 quid
1351 1237 1392 1275 rue
1411 1221 1559 1292 interropos
1581 1219 1613 1274 de
1634 1219 1727 1278 bono?
1748 1227 1777 1276 et
1794 1221 1872 1290 jnxu

1079 1309 1159 1372 alios,
1172 1309 1236 1381 quid
1251 1327 1292 1365 rue
1306 1310 1373 1365 dicis
1389 1311 1505 1367 ionum?
1515 1318 1546 1365 ot
1559 1311 1676 1366 alterum
1689 1309 1826 1366 reseratur
1837 1310 1872 1366 ad

1079 1401 1145 1457 illud
1163 1403 1322 1473 quaerentis,
1342 1386 1486 1475 quidboni
1508 1404 1629 1474 sociumt
1650 1404 1768 1459 alterum
1786 1404 1821 1459 ad
1843 1403 1872 1459 id

1078 1492 1214 1563 «produit,
1229 1496 1356 1566 irrupister
1370 1494 1445 1550 tone.
1472 1493 1580 1567 [Dana]
1596 1493 1665 1562 Quia
1679 1510 1745 1566 crgo
1756 1510 1872 1552 vocare·

1078 1591 1121 1638 ιιι
1135 1585 1297 1654 magistrum
1310 1587 1422 1650 lonnnr,
1436 1594 1464 1642 et
1478 1602 1533 1641 non
1548 1586 1634 1642 Deum
1647 1587 1689 1642 rel
1700 1586 1748 1644 Dei
1759 1587 1870 1654 Filium,

1078 1674 1145 1730 dicit
1159 1679 1282 1746 qucmris
1305 1686 1430 1733 sanctum
1445 1677 1582 1732 hominem
1596 1679 1804 1748 comparatione
1823 1678 1872 1734 Dei

1041 1785 1064 1842 D
1078 1782 1134 1823 uon
1147 1784 1208 1824 esse
1222 1770 1335 1826 bonum.
1349 1768 1387 1824 De
1400 1769 1491 1839 quoin
1503 1770 1610 1840 psalmo
1621 1789 1628 1824 ε
1639 1769 1872 1840 Contikmiru‘Do·

1080 1863 1161 1926 mino,
1176 1864 1300 1933 quereiam
1310 1861 1393 1917 bonus
1404 1861 1491 1933 (Psoi.
1503 1861 1601 1932 ιιιιι).
1618 1861 1699 1918 Solus
1712 1865 1787 1918 enim
1797 1861 1871 1920 Deus

1078 1961 1177 2008 natura
1189 1961 1232 2010 est
1248 1955 1347 2017 bonus,
1359 1969 1422 2008 narn
1437 1953 1482 2007 alii
1497 1952 1562 2008 boni
1583 1968 1637 2008 non
1648 1954 1749 2010 halrent
1761 1955 1872 2010 boniu-

1078 2055 1133 2103 tem
1149 2062 1165 2102 ι
1180 2063 1220 2112 εε,
1237 2046 1285 2102 sed
1299 2045 1391 2101 aDeo.
1413 2044 1472 2100 Non
1486 2045 1571 2116 igitur
1584 2045 1713 2102 Christus
1722 2062 1753 2102 se
1766 2048 1871 2103 bonum

1078 2146 1167 2210 negat,
1182 2137 1230 2193 sed
1248 2151 1310 2211 esse
1329 2135 1413 2191 Deum
1428 2137 1574 2206 signifieat,
1589 2151 1641 2192 nec
1656 2153 1687 2192 se
1707 2137 1870 2208 magistrum

1076 2231 1179 2285 bonum
1190 2245 1246 2284 non
1256 2242 1327 2292 esse,
1341 2226 1389 2283 scd
1402 2228 1505 2297 absquo
1514 2225 1571 2282 Deo
1580 2227 1684 2282 nullum
1694 2227 1797 2282 bonum
1808 2243 1871 2284 esse

1077 2329 1202 2378 testatrrr.

1113 2411 1144 2468 Si
1167 2422 1254 2466 eutem
1275 2413 1312 2466 uis
1333 2412 1369 2465 ud
1392 2411 1472 2465 citum
1491 2408 1604 2481 inpredi,
1629 2425 1705 2465 terro
1728 2409 1869 2468 mundata.

1076 2504 1152 2559 Dixit
1166 2505 1207 2558 ilii
1220 2508 1299 2576 meet
1311 2502 1391 2558 dorus
1402 2513 1490 2558 nutem
1503 2502 1594 2557 diets:
1611 2501 1674 2556 Nou
1687 2502 1802 2568 occider,
1819 2520 1871 2557 uos

1077 2596 1251 2663 adulterabis,
1269 2613 1321 2651 non
1340 2597 1440 2666 furtum
1458 2596 1550 2665 socies,
1571 2610 1623 2650 non
1636 2595 1736 2665 tusum
1750 2596 1871 2652 testimo·

1076 2690 1149 2743 nium
1159 2689 1238 2745 dicos.
1257 2687 1367 2743 Honora
1384 2697 1486 2756 putrem
1502 2696 1527 2742 et
1541 2698 1652 2743 matrem
1665 2697 1752 2754 tuom,
1767 2697 1793 2744 et
1806 2687 1871 2742 dili·

1075 2795 1119 2849 ρει
1129 2779 1280 2848 proximum
1293 2787 1367 2832 tuum
1380 2779 1447 2832 siout
1458 2779 1581 2849 teipsum.

1109 2869 1364 2942 Notaquiajustitia
1374 2870 1442 2941 legis
1456 2885 1506 2925 suo
1519 2885 1639 2941 tompore
1650 2871 1800 2937 custodita,
1813 2887 1871 2927 non

1075 2961 1163 3017 solum
1174 2962 1246 3016 lrona
1256 2971 1346 3026 terra,
1361 2963 1408 3017 sed
1422 2969 1449 3016 et
1458 2962 1540 3016 ritaru
1554 2962 1715 3019 conterebat
1724 2953 1869 3020 eteniam.

1073 3052 1231 3108 Notandum
1239 3055 1321 3109 etiam
1333 3054 1397 3124 quia
1409 3052 1511 3110 Paulus
1519 3056 1642 3126 precipit
1655 3057 1732 3123 riris,
1747 3065 1779 3112 ut
1792 3061 1872 3129 quis-

1034 3133 1126 3222 Cque
1144 3149 1241 3220 diligat
1261 3165 1375 3205 uxorem
1399 3165 1477 3206 suam
1499 3153 1572 3207 sieut
1591 3153 1724 3222 seipsum.
1747 3152 1778 3210 Si
1800 3169 1870 3224 ergo

1071 3241 1261 3311 unusquisque
1276 3243 1348 3297 sicut
1357 3241 1478 3312 scipsum
1490 3240 1602 3312 diligere
1616 3243 1697 3298 debet
1710 3245 1868 3314 proximum

1070 3339 1098 3386 et
1116 3347 1240 3397 uxorem,
1264 3334 1339 3388 nulla
1359 3335 1412 3390 erit
1433 3334 1586 3390 ditierentia
1607 3336 1679 3391 inter
1702 3337 1824 3408 proximi
1842 3347 1871 3394 ct

1070 3424 1166 3479 uxoris
1178 3423 1363 3491 dilectionem,
1384 3426 1456 3496 quod
1474 3427 1552 3483 valde
1569 3427 1721 3483 absurdum
1733 3438 1787 3486 εει
1812 3427 1868 3486 Sed

1071 3516 1099 3570 in
1114 3517 1250 3586 proximo,
1272 3518 1351 3581 sicut,
1371 3517 1531 3573 adverbium
1551 3526 1594 3574 cst
1611 3519 1815 3577 similitudinis.
1836 3521 1870 3578 ln

1070 3617 1270 3674 nauseantem,
1293 3610 1370 3673 sicut,
1392 3625 1446 3664 non
1464 3611 1681 3677 similitudinem,
1703 3614 1753 3670 sed
1767 3629 1871 3685 appro-

1069 3700 1210 3755 bationem
1233 3709 1260 3756 et
1281 3701 1490 3757 alllunationem
1516 3717 1579 3757 curn
1602 3702 1722 3774 quodam
1746 3708 1872 3775 pondero

1071 3799 1160 3856 sonat,
1174 3785 1450 3866 qu'omododicimus,
1466 3793 1546 3864 quasi
1560 3795 1603 3850 rit·
1616 3795 1690 3851 lecit.
1712 3796 1747 3852 Et
1761 3797 1871 3854 deSal-

1070 3890 1164 3938 ratore
1175 3902 1183 3940 r
1203 3883 1323 3939 Vidimus
1334 3884 1446 3955 pluriam
1456 3886 1513 3973 eius
1524 3866 1637 3956 plurium
1647 3889 1728 3956 quusi
1737 3891 1873 3961 uniprniti

1071 3992 1087 4028 u
1102 3973 1285 4046 Deuotionis.
1299 3977 1330 4047 ι),
1342 3991 1396 4031 non
1407 3993 1462 4047 quo
1475 3973 1601 4031 Salvator
1610 3978 1729 4047 gloriam
1739 3980 1871 4038 habuerit

1070 4065 1105 4120 ad
1116 4067 1347 4138 comparationem
1362 4068 1475 4124 alterius
1485 4068 1628 4139 unigeniti.

1106 4157 1178 4212 Dicit
1196 4159 1239 4212 itti
1259 4157 1432 4213 adolescens:
1451 4158 1548 4215 Omnia
1561 4160 1618 4214 trec
1632 4161 1767 4218 custodiri
1783 4179 1801 4220 a
1814 4163 1868 4234 Ju-

1070 4257 1172 4304 oerrtutc
1184 4267 1252 4305 meu.
1269 4249 1345 4316 Quod
1355 4248 1441 4304 adhuc
1451 4250 1515 4304 milti
1525 4249 1618 4306 deest?

225 4389 305 4446 quum
317 4374 361 4444 [ur
371 4371 579 4442 comprehendat.
591 4370 687 4427 Omnes
698 4371 768 4424 eninr
782 4386 824 4423 uos
835 4370 886 4438 filii
900 4368 966 4422 tucis
978 4385 1021 4423 es-

227 4468 272 4532 tis,
286 4475 311 4521 st
322 4466 373 4536 fiili
384 4465 436 4518 dici
448 4462 474 4537 (l
486 4463 577 4518 Tirers.
592 4462 630 4532 v).
647 4460 793 4518 Psalrnista
805 4460 887 4516 etiarn
899 4473 961 4515 cum
980 4460 1018 4516 de
1032 4485 1056 4540 D

1230 4400 1284 4488 R·
1320 4383 1366 4492 ίῗιθ
1399 4401 1461 4490 Μ.
1499 4384 1545 4434 tet
1580 4403 1631 4491 L·
1668 4387 1717 4438 291

227 4571 311 4612 auaro
323 4554 639 4627 quolibetpraemisisset,
658 4551 703 4607 sed
720 4561 745 4606 ot
757 4551 859 4620 trustra
875 4548 1018 4604 conturba·
1103 4545 1182 4602 Jerus
1193 4556 1281 4602 autom
1294 4549 1488 4616 intuitorum,
1500 4549 1594 4606 ditexit
1604 4569 1675 4620 eum,
1686 4563 1714 4608 et
1725 4553 1797 4611 dicit
1806 4557 1871 4612 itti:

227 4658 281 4712 tur,
295 4645 436 4717 adjunxit:
451 4643 623 4699 Titesauriaot
642 4652 667 4698 et
680 4643 837 4714 iquorutcui
851 4641 1018 4714 couprrpodit
1072 4634 1158 4693 Ursum
1175 4631 1319 4694 tiii'deest.
1336 4637 1366 4696 Si
1378 4641 1417 4695 uis
1430 4643 1561 4712 perlectus
1575 4661 1631 4700 csse
1647 4646 1726 4713 uode,
1743 4659 1771 4703 et
1786 4649 1872 4706 mdc

226 4756 259 4794 eu
273 4737 359 4810 (Psoi.
380 4735 506 4807 ιιιιιιι).
526 4736 622 4791 Dicere
632 4742 723 4790 autem
745 4734 792 4790 Dei
808 4733 842 4788 ad
861 4749 1016 4805 perversos,
1068 4729 1215 4800 orchades
1230 4740 1255 4785 et
1268 4730 1304 4785 da
1322 4732 1491 4803 paupertim,
1504 4744 1530 4789 et
1544 4734 1650 4792 teletis
1667 4737 1826 4794 tltesorrnra
1841 4746 1873 4796 in

226 4837 269 4886 εει
281 4843 380 4899 pravas
399 4841 493 4882 eorum
509 4826 724 4882 machinationes
740 4825 831 4880 subita
845 4823 1018 4880 animaduer-
1068 4821 1131 4875 celo
1144 4831 1169 4876 et
1179 4823 1245 4887 uerri,
1260 4839 1365 4893 sequere
1375 4841 1425 4879 me.

226 4921 304 4976 sione
318 4932 501 4988 compescere.
1103 4909 1163 4966 lion
1178 4922 1222 4968 est
1241 4917 1379 4984 putandus
1399 4916 1446 4970 iric
1468 4915 1504 4972 de
1524 4917 1648 4974 custodia
1668 4921 1875 4980 mandatorum
1970 4899 1971 4929 Ξ

261 5011 307 5067 stc
327 5020 367 5065 est
387 5010 433 5081 qui
451 5008 502 5063 riti
524 5008 696 5072 thesaurizat,
722 5013 747 5062 ot
767 5021 819 5060 non
835 5014 875 5060 est
890 5006 917 5060 in
932 5004 1017 5059 Deum
1068 5017 1129 5059 esse
1140 5006 1282 5073 mentitus,
1298 5007 1346 5062 sed
1362 5008 1524 5078 simpliciter
1540 5026 1600 5066 esse
1614 5010 1781 5080 confessus,
1799 5016 1878 5087 quia

224 5101 305 5157 sum,
1068 5095 1092 5150 si
1103 5096 1238 5152 mendacii
1252 5113 1324 5153 noxa
1339 5114 1404 5155 reus
1420 5108 1569 5166 teneretur,
1585 5115 1762 5174 nequaquam
1778 5106 1877 5162 intui·

258 5191 367 5257 siccet,
383 5190 508 5246 videlicet
518 5190 628 5254 stultus,
640 5196 666 5244 et
681 5188 709 5244 in
720 5194 801 5243 nocte
810 5201 826 5240 a
836 5185 936 5242 divinis
946 5184 1018 5256 judi·
1067 5195 1111 5242 tus
1122 5202 1223 5242 arcana
1233 5188 1324 5245 cordis
1334 5189 1406 5258 ejus,
1417 5205 1479 5246 eum
1491 5189 1602 5262 diligere
1617 5193 1756 5250 diceretur
1767 5195 1873 5254 tosus.

224 5283 275 5339 ciis
293 5281 454 5353 rapiendus,
473 5281 553 5352 cujus
571 5279 738 5350 exspectatio
753 5294 809 5333 non
820 5285 862 5334 est
872 5275 1015 5344 Dominus,
1067 5275 1159 5348 Diligit
1170 5279 1244 5334 enim
1257 5295 1305 5336 eos
1324 5279 1372 5350 qui
1388 5281 1518 5336 mandata
1532 5281 1601 5354 legis
1616 5285 1796 5352 custodiunt,
1815 5289 1875 5344 sed

223 5375 272 5445 qui
285 5373 445 5429 transitoria
458 5387 515 5427 non
527 5372 667 5427 distribuit
679 5369 856 5441 pauperibus,
875 5378 906 5424 ut
926 5370 961 5424 alr
974 5370 1016 5426 eis
1066 5372 1139 5443 quod
1154 5371 1190 5426 ibi
1207 5372 1299 5428 minus
1310 5379 1362 5437 est,
1379 5373 1423 5428 lris
1434 5373 1482 5443 qui
1497 5373 1611 5444 perlecti
1624 5391 1686 5431 esse
1696 5378 1804 5442 volunt.
1819 5381 1877 5434 ad-

223 5465 392 5536 reciperotur
405 5463 433 5518 in
446 5463 556 5519 uternis
570 5461 766 5518 tabernaculis.
782 5457 812 5516 ln
823 5460 908 5516 Deum
923 5469 1016 5516 autem
1063 5458 1165 5531 jungit.
1177 5459 1229 5527 Qui
1245 5462 1301 5517 vult
1314 5476 1380 5533 ergo
1393 5460 1531 5533 perlectus
1540 5478 1612 5531 esse,
1628 5467 1730 5522 tendat
1741 5483 1808 5539 quse
1818 5469 1878 5524 lra-

223 5556 364 5619 dinoscet,
379 5554 458 5625 cuius
473 5552 628 5609 substantia
650 5551 689 5626 (td
702 5560 745 5612 est
760 5551 938 5610 conscientie
949 5566 1021 5626 pos·¹
1065 5550 1121 5616 het,
1132 5567 1187 5607 non
1200 5567 1234 5608 ex
1246 5559 1324 5624 parte
1333 5562 1364 5608 ut
1375 5554 1497 5610 Ananias
1508 5562 1536 5610 et
1547 5552 1676 5627 Saphira,
1689 5565 1719 5614 es
1731 5558 1779 5614 dot
1790 5575 1875 5631 pau·

224 5646 322 5708 rosato,
338 5659 392 5716 qua
403 5651 572 5702 sustentatur
585 5653 612 5702 et
629 5645 762 5720 pasoitur)
776 5641 1013 5717 esronitarum,
1066 5642 1177 5714 peribus
1189 5640 1259 5715 (Act.
1273 5643 1311 5716 r).
1331 5642 1389 5700 Noc
1403 5645 1455 5701 hoo
1475 5645 1510 5700 ad
1529 5645 1725 5717 perlectionem
1745 5651 1875 5720 suffieit,

223 5750 279 5792 non
290 5752 319 5791 ιιι
330 5735 437 5792 saeculis
451 5743 541 5792 terras.
1066 5733 1121 5792 nisi
1133 5733 1302 5793 Salvatorem
1319 5743 1460 5807 sequatur,
1473 5736 1501 5793 id
1518 5738 1632 5807 cstuisi,
1644 5741 1751 5798 relictis
1764 5745 1877 5816 mulis,
