3967 6334
265 328 336 388 mi
829 340 965 400 §occult
981 345 1127 402 anseris
1147 346 1175 402 S.
1196 348 1344 406 erexisti
1824 347 1893 404 Μ

266 445 406 502 eotidtano
428 446 541 505 comitio
563 448 656 506 altaris
679 453 932 523 assignaveramus,
954 459 1054 515 ibidem
1067 467 1092 526 Α
1106 481 1191 535 puero
1205 465 1296 522 ollerri
1309 465 1405 529 voluit,
1420 463 1493 520 unde
1504 463 1532 520 ei
1543 463 1694 519 honorilice
1710 461 1892 528 reruiremos,

263 538 448 606 reposuimus.
1105 558 1216 628 copiose
1229 557 1322 629 largiri
1336 571 1391 612 non
1409 555 1510 612 renuit.

297 626 354 684 Nec
370 631 460 687 minus
475 631 689 705 porphyriticam
708 651 757 692 vas
775 638 924 710 sculptoris
941 650 969 698 et
985 644 1056 714 poli-
1139 649 1209 716 Quia
1231 663 1296 719 ergo
1317 647 1411 704 divina
1432 643 1563 702 beneficia
1585 659 1641 698 non
1661 642 1822 706 occultare,
1845 642 1895 698 aed

260 727 333 776 toris
358 736 440 776 manu
462 721 623 781 admirabile
644 725 765 795 lactum,
789 745 852 786 cum
881 737 1054 803 permultos
1103 742 1260 811 praedicare,
1274 741 1380 796 utileet
1393 739 1538 794 hernestum
1547 736 1736 808 cognorimus,
1747 735 1895 806 palliorum

260 821 350 866 annos
369 812 397 868 in
414 814 517 870 scrinio
538 825 681 884 vacasset,
703 818 739 876 de
753 822 884 892 amphora
904 825 933 879 iu
953 828 1053 897 aquilae
1101 833 1515 905 quoddivinamanustempore
1532 827 1897 884 administrationianostre

261 898 378 958 formam
401 905 614 975 transferendo,
647 910 708 966 auri
737 914 895 984 argentique
920 918 1056 1008 materia,
1105 924 1170 980 buie
1183 931 1285 979 sanctae
1304 921 1555 979 ecclesiaecontulit
1569 927 1745 990 augmentum
1761 917 1894 987 designa·

259 993 356 1050 altaris
375 997 486 1054 seruitio
508 998 714 1071 adaptavimus,
734 1011 762 1058 et
781 1019 877 1061 versus
897 1005 1053 1076 huiusmodi
1104 1015 1214 1071 rimus:
1237 1015 1412 1085 implorantes
1437 1021 1469 1067 ut
1487 1013 1515 1067 in
1535 1009 1723 1066 anniversario
1744 1010 1783 1064 ad
1801 1009 1898 1078 propi-

259 1085 346 1140 erdcm
361 1087 419 1144 rasi
434 1090 548 1147 inscribi
570 1089 685 1148 fecimus
702 1112 707 1147 :
926 1099 930 1105 '
1102 1107 1227 1162 orandam
1242 1105 1341 1162 dirirsae
1354 1105 1506 1177 maiestatis
1519 1103 1718 1166 excellentiam,
1732 1110 1762 1156 et
1778 1100 1896 1156 trarrun

295 1197 401 1256 includi
415 1206 524 1274 gemmis
540 1205 608 1275 lapis
621 1207 670 1261 irre
684 1219 811 1274 meretur,
825 1221 851 1264 et
865 1227 941 1278 euro,
1101 1200 1274 1257 devotionem
1295 1197 1493 1270 amlffiffldffl·
1507 1206 1535 1253 ⁰²
1548 1210 1741 1252 ⁵¹¹⁰oe⁵⁸⁰¹¹¹¹¹¹
1763 1194 1895 1248 'mu'

330 1271 451 1328 Morinor
465 1285 537 1340 erat,
552 1275 597 1332 secl
616 1278 643 1332 in
658 1278 700 1333 liis
713 1297 843 1336 rummare
858 1285 946 1338 carior
962 1295 1012 1340 est.
1098 1293 1266 1362 exemplum,
1282 1299 1462 1362 exponantur.
1478 1289 1533 1346 lieo
1548 1290 1621 1346 enim
1635 1303 1686 1361 pro
1700 1295 1745 1342 tot
1765 1293 1796 1344 et
1809 1287 1895 1340 uncis

294 1359 348 1416 Pro
367 1365 467 1434 quibus
487 1368 614 1424 omuibus
635 1367 691 1424 Deo
710 1371 889 1444 omnipotenti
905 1385 932 1431 et
945 1378 1051 1434 sanetis
1098 1382 1270 1447 commissis,
1283 1383 1329 1440 rel
1344 1383 1508 1439 enormitate
1525 1382 1658 1439 scelerum
1672 1395 1822 1442 meorum,
1837 1387 1894 1432 tan

259 1443 423 1524 llartyribus
436 1465 528 1528 grates
545 1459 707 1528 referimus,
726 1466 799 1535 quod
817 1467 991 1524 sanctissimo
1009 1470 1050 1524 al·
1098 1488 1160 1530 sera
1173 1489 1254 1545 qoam
1267 1487 1331 1528 rara
1351 1471 1512 1530 satisfacere
1535 1469 1696 1543 paenitentia
1711 1468 1830 1530 ΝΜ.
1841 1467 1896 1523 ῠὶἱί

256 1543 327 1608 tari,
350 1547 394 1602 cui
417 1549 470 1606 sub
490 1551 671 1624 preceptione
698 1565 800 1614 sancte
824 1557 933 1632 Regula
956 1575 1009 1618 nos
1030 1577 1046 1616 a
1099 1565 1261 1622 universalis
1274 1563 1404 1621 Ecclesia
1422 1562 1731 1635 suffragiisinnitamur

839 1927 1282 2136 suounrr
1347 1941 1350 1945 ’

666 2275 1003 2410 ABBATIS
1050 2280 1114 2410 S.
1166 2281 1518 2413 DIONYSII
1578 2429 1583 2438 ‚

891 2537 1229 2654 LIBELLUS

303 2786 430 2940 DE
488 2786 1274 2956 CONSECRATIONE
1346 2790 1837 2951 EGCLESIAE

795 3077 829 3168 Α
862 3077 927 3168 stt
962 3079 1324 3172 AEbtrtolrm

505 3269 550 3326 ET
568 3265 836 3326 raaltstnrtortrt
854 3269 1047 3329 concendat
1066 3270 1097 3327 S.
1115 3269 1266 3328 utortrstt
1283 3270 1328 3326 AC
1349 3267 1527 3327 sectarunt
1545 3267 1632 3326 ΗΠΒ

881 3427 974 3492 Facta
1000 3443 1085 3490 anno
1100 3427 1224 3491 rrcxt.

303 3595 385 3671 (bom
398 3595 542 3663 retinas,
561 3596 680 3653 Histoire
689 3596 722 3652 de
736 3595 858 3667 iablope
871 3593 1194 3736 repobpdecffxoxirxrtvsstinis
1212 3611 1245 3650 en
1259 3593 1374 3659 Fronte,
1384 3591 1484 3659 Paris,
1500 3593 1581 3662 tras,
1596 3595 1693 3651 ira-iol.
1711 3593 1832 3657 Prema..

280 3927 439 3985 Divinarum
453 3927 688 3999 humanorumque
697 3927 898 3999 disparitatem,
915 3927 998 3982 unius
1009 3932 1036 3984 et
1050 3933 1072 3988 B
1086 3926 1178 3993 modo,
1192 3935 1220 3983 et
1232 3933 1340 3982 aeternat
1352 3925 1530 3982 beatitudinis
1541 3927 1694 3990 consortio,
1705 3931 1888 3998 pronu'ttenze

246 4023 405 4094 singularis,
420 4036 585 4092 summeque
598 4021 713 4077 rationis
727 4021 769 4076 uis
793 4018 959 4075 admirabilis
974 4035 1037 4074 eon·
1085 4017 1284 4090 unigenitobei
1294 4016 1374 4083 Filio,
1389 4016 1565 4090 inpatientia
1579 4017 1754 4088 possidebitis
1776 4022 1883 4076 ninas

244 4115 421 4185 temperando
435 4120 575 4184 coaequat:
590 4121 618 4168 et
632 4129 692 4184 quae
705 4111 820 4183 originis
842 4111 1034 4176 inferioritate,
1084 4123 1184 4168 cestros
1199 4111 1274 4183 (Lae.
1289 4127 1348 4178 nr,
1360 4111 1416 4182 le),
1429 4126 1459 4167 se
1477 4111 1605 4182 gloriosa
1617 4112 1803 4168 conscientie
1826 4131 1884 4168 me·

244 4213 273 4263 et
286 4214 391 4262 naturae
405 4205 599 4261 contrarietate
608 4205 725 4260 invicem
737 4217 889 4274 repugnare
896 4204 1033 4270 ridentur,
1084 4205 1137 4260 rito
1146 4205 1219 4260 uniri
1227 4205 1408 4276 gratulantur.
1421 4202 1596 4270 Quodtamen
1605 4204 1778 4264 conditionis
1789 4207 1883 4276 prim

245 4297 304 4369 ipsa
319 4299 377 4354 sula
393 4299 474 4354 unius
485 4296 637 4368 superioris
648 4299 794 4353 moderatae
807 4297 956 4352 barmoniae
968 4312 1036 4352 con·
1083 4296 1259 4367 corruptione
1270 4296 1412 4366 depressa,
1426 4300 1454 4350 et
1467 4294 1588 4366 graviter
1599 4296 1726 4352 sauciata
1752 4296 1882 4351 bomani·

243 4389 380 4444 venientia
394 4396 471 4460 grata
482 4389 653 4457 concopulat.
668 4386 754 4456 Cujus
774 4385 896 4458 prolecto
921 4403 1035 4444 summae
1083 4395 1136 4452 tas,
1150 4387 1293 4458 presentia
1305 4386 1397 4458 potius
1410 4387 1588 4456 amplectens,
1603 4402 1686 4458 qnam
1709 4387 1807 4443 lotura
1835 4405 1881 4444 ex-

243 4486 392 4536 etaeternae
406 4480 519 4535 rationis
533 4480 740 4550 participatione
761 4480 808 4550 qui
828 4477 939 4548 gloriosi
965 4477 1034 4533 ellici
1083 4486 1223 4550 spectans,
1239 4481 1317 4534 nullo
1331 4478 1413 4535 morlo
1427 4478 1595 4546 sustineret3
1616 4479 1640 4534 si
1655 4495 1711 4534 non
1734 4481 1822 4536 etiam
1836 4498 1881 4536 ra-

244 4573 407 4635 lnnituntur,
422 4572 555 4629 crebroin
570 4573 639 4628 solio
652 4572 753 4628 mentis
766 4579 868 4644 argutae
890 4571 969 4642 quasi
983 4586 1035 4641 pro
1082 4572 1166 4627 tionis
1176 4579 1204 4628 et
1222 4571 1406 4643 intelligentie
1420 4571 1547 4627 humanae
1568 4572 1742 4629 rationabilis
1764 4589 1880 4630 samma

242 4663 372 4718 tribunali
387 4663 549 4726 residentes,
565 4662 599 4718 de
613 4663 815 4718 concertatione
838 4662 968 4718 continua
992 4663 1032 4717 si·
1082 4672 1110 4719 et
1123 4663 1222 4719 utrina
1235 4662 1379 4718 eharitatis
1394 4663 1506 4734 eopiosa
1514 4662 1715 4718 administratio
1723 4663 1780 4720 boe
1789 4668 1878 4736 ipsam

242 4755 348 4810 milium
363 4761 390 4810 et
400 4754 585 4819 dissimilium,
608 4761 635 4810 et
657 4756 858 4812 contrariorum
881 4754 1033 4810 inventioni
1082 4753 1189 4810 effectui
1199 4753 1357 4825 mancipare
1366 4752 1792 4824 misericorditersuppeditaret.
1802 4753 1878 4810 tate

241 4847 385 4918 etjudieio
412 4848 552 4912 insistunt,
579 4848 607 4903 in
630 4855 738 4904 aeternae
756 4848 897 4918 supientia>
916 4848 1036 4903 rationis·
1081 4844 1878 4918 legitur,liiserieordioejussaperomnioopersejas(Pul.

242 4935 328 5012 lapte,
345 4936 478 4992 charitate
488 4938 669 5002 ministrante,
685 4939 757 4994 unde
771 4938 842 4994 bello
858 4938 990 4994 intestino
1004 4945 1031 4993 et
1080 4953 1171 5002 crura,
1185 4935 1223 5009 a).
1240 4933 1280 4990 Er
1294 4952 1349 5007 quo
1363 4936 1474 5007 quidem
1486 4951 1550 4991 cnm
1560 4937 1622 4992 aliis
1635 4937 1772 4993 audacter
1789 4947 1819 4994 ct
1833 4955 1879 4992 re·

241 5027 369 5084 seditioni
386 5029 510 5084 interiori
520 5029 667 5095 obsistant,
682 5031 828 5086 salubriter
854 5031 1029 5093 exhauriunt,
1080 5029 1181 5084 rariter
1194 5028 1363 5100 profitemur,
1377 5029 1452 5101 quod
1470 5038 1574 5100 quanto
1603 5029 1663 5084 sola
1685 5031 1877 5088 misericordis

240 5120 393 5189 spiritualia
405 5123 603 5193 corporalibus,
627 5131 727 5179 aeterna
750 5123 939 5180 delleieutibus
958 5139 1030 5195 prm-
1080 5123 1171 5178 salros
1184 5137 1235 5176 nos
1246 5121 1311 5176 lacit
1324 5138 1372 5193 per
1382 5122 1523 5176 lavacrum
1533 5122 1768 5192 regenerationis,
1791 5131 1821 5178 et
1834 5141 1876 5178 re·

240 5221 393 5282 ponentes:
407 5229 545 5286 corporeae
571 5215 757 5272 sensualitatis
778 5216 944 5271 exteriorum
967 5231 1031 5271 sen·
1080 5217 1234 5270 noratiouis
1249 5213 1370 5286 Spiritus
1383 5216 1483 5278 sancti,
1496 5223 1573 5270 tanto
1586 5231 1639 5271 nos
1648 5217 1814 5286 gratissimo
1827 5233 1877 5286 pn-

240 5315 322 5356 suom
337 5303 476 5360 molestias
486 5305 696 5375 etgrarissimas
706 5303 1023 5376 angariaspostponunt:
1039 5292 1060 5349 C
1076 5307 1188 5364 nificatm
1196 5308 1297 5365 mentis
1311 5307 1472 5363 holocausto
1480 5323 1530 5379 pro
1539 5315 1598 5363 toto
1607 5308 1676 5363 relle
1686 5313 1715 5362 ct
1729 5323 1815 5378 posse
1821 5309 1866 5378 jas

239 5389 275 5444 ab
289 5405 381 5446 earum
396 5393 572 5462 oppressione
584 5395 690 5466 seipsos
711 5395 894 5462 subleuantes,
918 5395 1030 5451 solidis·
1077 5399 1167 5454 titiam
1182 5407 1304 5456 nostram
1318 5407 1563 5470 quantumcunque
1571 5407 1598 5454 et
1613 5399 1672 5471 ipse
1686 5397 1799 5456 dederit
1811 5378 1877 5470 sup¹

240 5481 339 5537 simam
355 5485 454 5540 mentis
470 5486 555 5542 aciem
570 5487 599 5542 in
618 5503 693 5558 spem
708 5495 816 5544 aeternae
829 5487 970 5560 infigentes
983 5505 1029 5544 re·
1078 5491 1143 5562 plici
1156 5492 1182 5547 ei
1195 5491 1450 5549 devotioneolierre
1474 5493 1668 5549 elaboremus:
1685 5501 1718 5546 ut
1746 5491 1808 5564 ipse
1828 5491 1874 5562 qui

239 5572 450 5639 munerationis,
465 5577 609 5633 aeternitati
621 5585 726 5634 tantum
739 5580 860 5637 studiose
867 5582 1025 5652 obsequun-
1078 5591 1168 5655 potest
1181 5594 1210 5639 ut
1225 5584 1307 5652 Deus,
1319 5586 1367 5656 qui
1381 5585 1461 5641 debet
1477 5592 1507 5640 ut
1520 5584 1635 5641 Creator
1645 5585 1671 5639 si
1694 5599 1753 5640 non
1767 5585 1875 5640 resisti·

238 5662 435 5718 turzcarnalia
448 5665 584 5722 desideria
599 5668 627 5723 in
643 5669 850 5728 admirationem
871 5682 898 5729 et
920 5682 1027 5744 specta-
1079 5691 1152 5740 mus,
1163 5674 1350 5745 disparitatem
1365 5675 1447 5732 istam
1457 5675 1640 5746 periculosam
1654 5675 1685 5730 in
1707 5675 1872 5746 nobispari-

242 5748 334 5804 calum
347 5751 462 5810 aliorum
476 5755 684 5826 obliviscuntur,
700 5777 813 5819 summm
833 5765 946 5822 rationis
974 5767 1026 5822 hoe
1081 5765 1152 5834 ticet,
1179 5768 1382 5826 contrarietatis
1400 5768 1538 5826 intestinae
1558 5767 1730 5836 iuimicitias,
1753 5783 1826 5846 qaas
1845 5767 1876 5823 ἵι
