3967 6334
256 286 324 344 toti
664 286 711 343 hu
728 284 881 342 boucart
897 284 1000 343 PUle
1017 284 1287 344 sshtshrlnttdtt
1305 289 1429 349 LIBROS
1810 290 1868 345 tttt

252 404 341 459 solum
363 409 440 459 extra
462 401 608 467 mosenum
628 401 683 457 imo
699 400 893 472 dispositiones
914 416 976 457 esse
1004 400 1038 455 ad
1053 405 1076 463 Α
1090 416 1198 473 aquam,
1215 403 1302 475 inquit
1314 402 1482 477 Augustinus
1494 411 1522 463 ln
1536 406 1605 479 psal.
1621 422 1674 462 uxr
1684 404 1833 463 educamm
1844 407 1871 463 iii

250 474 366 544 gratiam
375 488 438 528 cum
453 479 625 529 sacramento
637 472 845 543 impetrandam.
854 471 889 525 ht
900 472 974 542 quis,
983 472 1038 527 nisi
1089 473 1280 545 refrigerium?

251 547 332 625 plane
351 542 471 608 diuinus,
486 544 549 597 hinc
565 541 666 599 iiilerre
691 544 790 598 audeat
821 542 855 597 de
874 542 997 613 proxima
1011 549 1039 597 et
1125 542 1184 598 Non
1196 545 1279 615 igitiir
1292 562 1324 602 ex
1340 548 1463 619 eoquod
1479 549 1602 605 timorem
1621 564 1655 603 ex
1669 546 1872 617 plenarum-in-

246 613 410 669 immediata
417 613 597 684 dispositione
611 614 732 669 locutum
747 612 904 675 concilium,
919 620 966 666 aut
981 627 1039 667 ser·
1089 611 1158 669 terni
1173 616 1392 673 consideratione
1410 629 1513 681 natum,
1529 620 1563 674 ad
1580 616 1788 689 iustificationis
1798 632 1873 689 nego-

244 684 299 740 'rili
310 684 402 740 timori
411 700 459 741 eas
469 684 641 741 concessisse
651 684 739 750 dotes,
751 697 820 753 quas
833 684 884 737 soli
893 682 968 737 filiali
976 683 1041 753 jure
1089 685 1158 739 tium
1168 687 1334 743 elevaverint
1350 688 1445 746 Patres
1456 688 1619 753 Tridentini,
1645 688 1817 744 censendum
1835 696 1874 745 est

244 755 366 809 :ascribit
382 755 429 809 illo
444 754 550 826 capital
565 753 599 809 Ut
614 755 687 810 enim
702 755 740 808 ait
758 753 959 809 tamosissimus
974 769 1038 824 gra·
1089 770 1137 811 cos
1151 757 1281 811 statuisse
1295 766 1324 813 ut
1339 775 1388 829 per
1407 774 1436 815 se
1459 760 1534 817 solus
1553 758 1688 815 subiceret
1703 774 1769 814 cuin
1789 773 1875 813 sacra·

245 826 297 879 tiae
310 825 409 881 uindex
422 824 603 908 Augustinus,
615 826 696 895 epist.
709 824 777 879 itt:
792 823 920 878 lainiicus
923 824 1039 894 justitie
1089 833 1192 891 merito,
1207 827 1350 885 exsulante
1372 829 1516 886 charitatis
1530 840 1603 893 actu,
1622 830 1786 912 caterisque
1796 830 1876 885 comi·

248 904 291 949 est
306 896 439 966 quipiena
453 905 546 951 timore
561 913 612 951 aaa
625 904 722 965 peceat.
735 894 905 950 lleindecsto
917 895 1041 951 declara·
1090 896 1173 964 tibus;
1190 898 1237 953 sed
1257 900 1344 954 solum
1369 899 1523 957 declarasse
1545 908 1640 956 cantra
1656 900 1811 962 haereticos.
1825 916 1876 955 non

251 966 289 1019 rit
303 966 450 1021 concilium
465 982 525 1022 eam
536 966 722 1036 imperfectam
736 965 931 1021 contritionem
943 967 1038 1038 (quain
1090 980 1151 1021 eum
1167 968 1334 1038 pmniteatiae
1348 970 1450 1025 larram
1465 985 1536 1035 esse,
1548 971 1597 1027 sed
1615 970 1775 1043 genuinam,
1786 986 1876 1041 quain·

252 1035 420 1091 attritionem
438 1038 591 1107 nominant)
612 1051 807 1107 nonnunquam
828 1038 941 1106 propius
962 1051 1041 1092 acce·
1089 1036 1132 1093 vis
1145 1046 1289 1103 remotam,
1306 1040 1340 1095 ad
1359 1054 1419 1095 eam
1435 1039 1654 1111 dispositionem.
1670 1040 1800 1112 Nihilque
1821 1048 1877 1097 toto

252 1104 318 1162 dere
331 1106 366 1161 ad
377 1108 471 1178 gratiae
489 1122 595 1162 cunas:
618 1116 645 1161 at
665 1122 725 1163 eam
741 1107 827 1161 noluit
846 1110 906 1163 solo
921 1107 983 1178 igne
998 1107 1040 1161 iii-
1090 1108 1189 1177 capitis
1201 1110 1275 1164 illius
1288 1110 1380 1180 quarti
1397 1120 1536 1175 contextu,
1552 1119 1599 1167 aut
1613 1112 1689 1175 alibi,
1705 1111 1826 1184 prudens
1842 1112 1878 1165 le-

251 1176 322 1233 ierni
337 1178 444 1241 ardere,
465 1178 512 1235 sed
535 1178 661 1231 nonnihil
680 1178 824 1235 charitatis
841 1178 913 1248 (quae
926 1179 985 1233 sola
999 1178 1040 1233 ri·
1090 1185 1152 1232 ctor
1169 1178 1301 1243 advertet,
1328 1181 1402 1252 quod
1422 1182 1487 1237 liuic
1510 1192 1605 1239 nostro
1621 1183 1820 1237 commentario
1838 1184 1878 1237 rel

251 1262 314 1301 runi
333 1248 433 1302 bonum
450 1246 531 1319 parit)
556 1248 702 1303 admistum
728 1248 824 1310 voluit,
845 1248 947 1303 dumei
966 1248 1041 1303 velut
1090 1249 1233 1303 minimum
1241 1251 1376 1307 obsistere
1389 1260 1481 1322 queat,
1499 1253 1579 1308 modo
1595 1252 1678 1325 (quod
1688 1252 1879 1323 efflagitamus)

251 1318 368 1373 comites
382 1318 521 1383 adsciscit,
536 1319 722 1373 exclusionem
731 1317 1003 1389 odiumquepeccati‚
1014 1326 1041 1373 et
1091 1321 1211 1388 seposito
1231 1322 1366 1394 tantisper
1380 1323 1499 1394 partium
1513 1324 1604 1379 studio
1619 1330 1647 1379 et
1668 1322 1822 1393 praejudicii
1835 1338 1878 1378 ra·

249 1388 332 1460 352
347 1404 423 1459 spem
433 1388 528 1451 reniae,
541 1404 602 1458 quae
616 1388 752 1444 neminem
764 1389 823 1445 sine
835 1388 982 1445 dilectione
991 1388 1041 1445 uei

250 1459 399 1514 conciliare
413 1458 466 1514 sibi
479 1474 570 1529 passe,
586 1459 774 1514 concesserint
788 1474 894 1515 omues.

290 1577 424 1625 rraeterea
438 1586 484 1641 qui
500 1572 668 1627 suliirientiae
677 1573 824 1628 attritionis
835 1572 1042 1643 patrocinantur
1093 1601 1099 1613 ·

246 1643 375 1703 uberius,
390 1654 445 1696 iion
472 1643 552 1699 aliter
572 1642 737 1713 loquendum
751 1644 846 1698 solunt
861 1643 895 1698 de
906 1644 1043 1713 justifica·

247 1712 325 1767 tione
339 1712 424 1766 adulti
436 1727 484 1783 per
499 1713 676 1783 baptismum,
692 1728 774 1783 qnam
794 1714 828 1768 dc
844 1714 1041 1782 justificatione

252 1782 327 1853 impii
339 1784 367 1837 in
383 1783 550 1854 pmiiitentiae
571 1790 753 1846 sacramento,
771 1783 852 1854 idque
867 1785 1040 1853 potissimum

247 1863 362 1927 propter
378 1855 570 1911 auctoritatem
585 1854 694 1909 concilii
709 1852 871 1918 'irideiitinh
883 1855 931 1910 sed
948 1870 1040 1925 parem

252 1925 396 1994 utrobique
407 1926 540 1980 rationem
554 1940 625 1987 esse,
643 1934 672 1979 ut
693 1925 764 1979 inter
781 1924 849 1981 alios
864 1925 1040 1981 doctissimus

250 1992 554 2052 Nicolauslsumbertus
568 1996 602 2050 ad
612 2010 659 2065 qu.
674 1994 709 2049 68
719 1996 752 2051 dc
768 1996 912 2066 baptismo.
927 1996 999 2065 disp.
1012 1992 1039 2063 6,

250 2074 304 2122 art.
321 2065 404 2121 bnon
419 2066 502 2122 semel
520 2066 654 2121 concedit.
666 2065 700 2119 dt
716 2066 920 2122 evidentissime
931 2076 1041 2121 consta·

251 2135 292 2191 bit
305 2135 440 2208 synodum
454 2137 528 2190 illam
550 2137 647 2207 legenti
667 2152 737 2191 sess,
753 2136 781 2200 6,
807 2151 867 2207 cap.
882 2136 898 2191 6
913 2143 938 2191 et
955 2135 1041 2207 'liubi

245 2205 461 2278 dispositionum
479 2206 513 2260 ad
531 2206 754 2275 justificationem
769 2207 868 2262 seriem
879 2207 976 2279 texuit)
992 2224 1040 2263 ve-

250 2292 310 2333 ram
325 2276 373 2332 Dei
392 2276 576 2339 dilectionem,
593 2285 622 2333 ut
660 2278 768 2331 raeriam
788 2276 822 2332 ad
837 2286 1040 2334 sacramentum

244 2348 459 2419 dispositionem
474 2363 581 2417 sempor
606 2294 735 2403 infuisse.
763 2346 816 2403 Sed
837 2356 867 2403 ut
885 2350 1040 2407 evidentius

251 2433 330 2474 mens
343 2417 452 2474 concilii
482 2424 555 2472 ateat
567 2434 600 2473 ex
616 2419 742 2490 ipsomet,
765 2419 829 2473 darn
845 2418 975 2488 praedicto
989 2436 1038 2476 ca·

245 2489 342 2560 pitel,
359 2504 428 2544 sess.
442 2434 481 2542 tf
499 2487 621 2544 dolorem
645 2505 678 2543 cx
692 2500 764 2544 inetu
787 2488 917 2559 gehenne
938 2505 1038 2547 corice-

251 2566 341 2629 ptum,
358 2568 389 2614 ut
402 2559 494 2613 utilem
510 2574 573 2613 cum
588 2566 759 2615 sacramento
773 2557 981 2629 dispositionem
996 2577 1041 2617 as·

252 2629 337 2686 sumit
358 2630 392 2685 ad
408 2636 580 2700 peccatorem
602 2628 817 2700 justificandum,
835 2629 889 2685 dici
914 2632 994 2686 debet
1008 2648 1041 2689 eo

251 2700 448 2757 modoibiesse
458 2700 579 2755 locutum
592 2715 647 2770 qno
657 2700 691 2755 de
700 2701 767 2755 eode
776 2701 918 2756 mdisserit
932 2703 959 2756 in
971 2718 1041 2773 prce·

253 2770 323 2827 senti
334 2786 359 2825 c.
371 2770 398 2835 6,
416 2786 485 2826 sess.
500 2770 555 2825 diii
570 2786 625 2841 qim
639 2770 673 2825 de
691 2771 896 2828 conditionibus
910 2772 944 2827 ad
956 2773 1041 2843 justi-

250 2840 407 2897 ficationem
420 2841 560 2911 requisitis
575 2849 676 2895 tractat
695 2857 729 2896 ex
745 2843 878 2912 professo.
900 2842 951 2898 Ubi
966 2851 1041 2899 certe

252 2911 322 2966 nihil
336 2912 384 2967 tali
394 2911 487 2966 timori
501 2912 610 2967 videtur
619 2910 756 2982 affingere,
769 2914 822 2968 nisi
844 2923 872 2968 ut
895 2930 927 2969 eo
943 2929 1041 2985 pecca·

250 2989 296 3035 tor
310 2983 493 3045 concutiatur,
507 2982 601 3052 sicque
621 2983 745 3047 territus,
768 2984 802 3038 ad
816 2999 896 3039 veras
905 2984 1041 3055 preniten-

251 3053 297 3106 tiae
307 3063 410 3123 partes,
426 3068 502 3123 spem
526 3054 621 3116 reniae,
647 3053 739 3109 odium
753 3055 859 3124 peccati
871 3062 900 3110 et
913 3056 1041 3111 dilectio·

251 3138 314 3178 nem
335 3123 382 3179 Dei
403 3138 464 3179 sese
488 3122 614 3193 disponat
635 3124 789 3194 elevetque:
805 3140 859 3179 non
874 3142 940 3181 iero
959 3134 989 3180 ut
1012 3112 1075 3182 inC

251 3194 569 3264 ipsamjustiiicstionem
580 3195 703 3265 proxime
716 3202 744 3250 et
764 3196 920 3251 immediate
933 3195 1040 3261 induat,

250 3264 336 3318 inulto
351 3264 442 3319 minus
456 3279 504 3335 per
516 3280 546 3319 se
561 3264 700 3320 solitarius
710 3281 773 3320 cum
787 3274 969 3321 sacramento.
988 3266 1043 3323 Sed

251 3348 363 3389 sensum
376 3333 487 3390 Petrum
503 3335 613 3389 concilii
629 3351 679 3405 pro
699 3336 748 3393 riis
766 3351 926 3405 expressum
951 3338 1042 3395 uerbis

250 3404 331 3461 liceat
344 3406 478 3475 inspicere
491 3404 573 3459 citata
591 3422 660 3462 sess.
673 3352 700 3470 g
716 3422 777 3478 cap.
792 3406 838 3461 tt«
854 3406 1042 3477 Disponiiiitur

251 3481 342 3530 autem
356 3475 390 3530 ad
401 3476 488 3546 ipsam
500 3475 647 3542 iustitiam,
665 3476 729 3531 doru
740 3477 851 3533 excitati
866 3478 960 3533 divina
976 3494 1041 3551 gra·

249 3545 289 3599 tia
303 3552 331 3601 et
351 3546 447 3615 adjuti,
474 3545 553 3601 ddem
573 3562 607 3602 cx
629 3547 722 3603 auditu
739 3548 936 3618 concipientes,
957 3548 1042 3605 libere

250 3623 394 3671 moventur
407 3617 435 3671 iu
449 3615 544 3680 bearn,
561 3617 704 3674 credentes
713 3633 777 3673 vera
793 3633 854 3674 esse
867 3635 928 3690 qnae
941 3618 1043 3675 diuini·

247 3691 296 3741 tus
310 3686 429 3743 revelata
450 3695 477 3742 et
496 3687 634 3812 promissa
655 3696 738 3744 sunt:
757 3697 836 3758 atque
858 3690 924 3744 illud
941 3691 967 3745 in
983 3693 1041 3761 pri-

251 3756 315 3821 mis,
331 3771 346 3811 a
361 3756 416 3813 Deo
425 3757 493 3826 justi
514 3758 571 3811 cari
584 3758 697 3829 iuipimn
719 3774 768 3829 per
781 3760 897 3831 gratiam
908 3760 980 3830 ejus3
991 3776 1041 3831 per

243 3827 463 3897 'redemptionem
475 3845 537 3898 quae
547 3836 589 3884 est
601 3830 629 3883 iii
643 3828 752 3885 Christo
764 3827 841 3893 iesu,
858 3837 886 3887 et
899 3830 963 3885 dum
980 3846 1041 3902 pec-

250 3907 360 3953 catores
374 3914 403 3955 se
414 3914 475 3955 esse
489 3900 673 3970 intelligentes
684 3900 806 3955 adiuinre
819 3901 935 3971 justitia
947 3902 1040 3956 timore

244 3969 412 4037 quautititer
424 3971 618 4034 roncabuntur,
634 3971 669 4025 ad
685 3969 912 4027 considerandam
928 3970 974 4027 Dei
988 3972 1040 4026 mi-

246 4038 430 4095 sericordiam
443 4056 472 4096 se
490 4040 675 4097 convertendo
698 4042 726 4095 iii
740 4057 817 4111 spem
837 4042 990 4111 eriguntur,
1007 4042 1040 4097 ii-

1091 1404 1170 1450 cous,
1183 1393 1314 1448 attentius
1329 1394 1410 1449 libret
1425 1392 1481 1449 litis
1496 1393 1578 1464 hujus
1592 1402 1727 1449 momenta

1126 1459 1205 1531 353
1234 1461 1269 1516 ht
1284 1478 1347 1518 vero
1381 1466 1616 1535 supernaturalem
1653 1471 1745 1518 actum
1779 1461 1879 1517 amaris

1092 1528 1151 1593 bei,
1172 1532 1215 1585 cui
1237 1533 1361 1602 proxime
1380 1533 1518 1590 adhereat
1533 1535 1625 1590 odium
1643 1534 1758 1605 peccati.
1774 1550 1881 1603 semper

1092 1616 1120 1655 in
1142 1602 1340 1670 justificatione
1363 1604 1439 1675 impii
1463 1604 1567 1676 primas
1591 1606 1725 1671 obtinere,
1750 1620 1802 1659 nec
1831 1621 1881 1661 un·

1093 1685 1175 1741 quam
1201 1674 1296 1729 abesse
1310 1672 1419 1737 dehere.
1435 1691 1491 1731 non
1514 1676 1597 1732 semel
1611 1676 1703 1732 docuit
1727 1676 1801 1731 idern
1817 1690 1881 1731 con·

1056 1743 1195 1815 geiliuin.
1213 1752 1242 1798 ut
1255 1746 1338 1799 citato
1354 1745 1400 1801 illo
1415 1748 1570 1817 sepiusque
1583 1746 1727 1803 decantato
1749 1744 1841 1815 eapite
1853 1748 1881 1809 i.

1091 1828 1160 1868 sess.
1177 1813 1222 1877 ll,
1238 1815 1284 1869 ubi
1299 1816 1434 1872 delineata
1446 1818 1631 1880 contritionis,
1646 1832 1727 1888 quam
1742 1825 1773 1872 ut
1786 1832 1883 1873 ncces·

1091 1884 1192 1937 sariam
1210 1884 1255 1939 hic
1270 1886 1428 1951 suademus,
1449 1887 1539 1943 indole
1564 1896 1731 1957 naturaque,
1755 1886 1821 1955 ejus
1835 1904 1866 1943 aa

1091 1955 1247 2009 cessitatem
1269 1956 1310 2011 sic
1333 1957 1515 2013 edicit2Fuit
1540 1968 1626 2013 autem
1668 1958 1741 2011 uatis
1767 1967 1882 2027 ternpore

1091 2023 1126 2077 ad
1141 2026 1332 2094 impetrandam
1348 2029 1450 2082 ueniam
1459 2042 1636 2099 peccatorum,
1650 1976 1693 2081 riis
1712 2030 1882 2083 contritionis

1091 2102 1177 2151 motus
1193 2098 1365 2153 necessarius.
1385 2098 1419 2152 ht
1433 2100 1605 2169 potissimum
1627 2114 1719 2155 amore
1735 2098 1782 2153 bei
1800 2116 1883 2170 super

1091 2166 1184 2220 oinnia
1206 2168 1277 2239 viget
1301 2169 1440 2225 contritio.
1458 2170 1586 2241 Eiusdem
1611 2176 1689 2225 actus
1710 2170 1829 2235 amoris,
1855 2180 1883 2225 nt

1090 2237 1221 2307 proximae
1234 2238 1424 2308 dispositionis
1444 2243 1478 2297 ad
1492 2241 1618 2312 gratiam,
1641 2240 1769 2310 superius
1783 2241 1881 2295 memi-

1090 2315 1170 2363 nerat
1183 2324 1244 2380 cap.
1263 2308 1290 2374 6.
1306 2325 1376 2365 sess.
1393 2312 1421 2377 6,
1437 2312 1533 2382 utiam
1547 2312 1681 2376 ridinius;
1696 2318 1722 2365 et
1736 2324 1841 2365 maon.
1866 2312 1882 2367 s

1090 2378 1213 2448 ejusdem
1229 2380 1362 2437 sessionis
1381 2382 1505 2438 eamdem
1525 2380 1571 2437 Dei
1586 2382 1760 2437 dilectionem
1782 2388 1815 2435 ut
1838 2398 1884 2435 ne·

1090 2451 1242 2505 cessarium
1269 2450 1475 2519 justificationis
1500 2452 1693 2524 praeambulum
1716 2451 1813 2521 signat
1834 2452 1885 2507 hoa
1964 2472 1965 2509 i

1091 2520 1329 2576 anathematismo.
1355 2520 1385 2577 Si
1410 2524 1469 2593 quis
1499 2523 1595 2578 dixerit
1617 2522 1674 2578 sine
1699 2522 1885 2592 proeiunirirtis

1091 2586 1206 2659 Spiritus
1241 2594 1327 2646 soracti
1360 2593 1531 2663 inspiratione
1556 2601 1633 2675 atque
1652 2594 1710 2663 ejus
1736 2591 1884 2661 adjutoria,
1964 2582 1965 2631 i

1089 2660 1220 2717 bominem
1248 2662 1371 2729 credere,
1397 2680 1522 2733 sperare,
1548 2664 1656 2733 dilipere
1684 2671 1732 2718 aut
1760 2666 1887 2731 pirriitere
1964 2692 1965 2699 ι

1090 2746 1166 2799 passe
1181 2731 1250 2787 sicut
1275 2742 1385 2856 oportet,
1402 2743 1430 2787 ut
1449 2736 1475 2790 ei
1497 2734 1699 2805 justificationis
1716 2734 1809 2804 pratia
1824 2750 1887 2789 cas·

1091 2801 1205 2870 seratur,
1220 2812 1284 2857 unat
1294 2821 1361 2859 terna
1374 2804 1409 2857 tit

1127 2871 1189 2928 llaee
1203 2873 1314 2943 quidem
1328 2874 1464 2945 pluribus.
1480 2874 1527 2931 sed
1550 2890 1605 2930 nnn
1628 2875 1662 2930 ad
1677 2885 1805 2931 saturam
1821 2876 1886 2932 inihi

1090 2944 1237 2999 novitatem
1253 2960 1360 3015 semper
1375 2960 1460 3002 eroso
1483 2964 1490 3000 ε
1506 2945 1588 3016 idque
1602 2944 1812 3001 concedendurn
1828 2954 1886 3002 tuni

1091 3012 1232 3085 languenti
1256 3015 1399 3071 stomacho
1412 3014 1527 3071 crudum
1542 3032 1622 3073 omne
1646 3031 1697 3071 uec
1723 3017 1796 3073 hene
1824 3033 1886 3087 pra·
1964 3056 1965 3075 2

1090 3084 1155 3140 hiim
1182 3087 1356 3155 aspet·nanti;
1380 3094 1438 3141 tum
1459 3086 1621 3155 ingratiam
1644 3086 1781 3149 annonis.
1804 3102 1887 3157 quein
1964 3130 1965 3137 ,

1092 3155 1187 3210 amicae
1207 3157 1317 3211 veritati
1339 3157 1478 3221 litantem,
1500 3157 1600 3226 placuit
1616 3158 1699 3212 etiarn
1714 3156 1887 3213 Tridentinis
1964 3170 1965 3187 ³

1092 3224 1229 3287 Patribus,
1242 3228 1313 3299 apud
1328 3241 1398 3297 quos
1412 3228 1619 3297 praeclarissime
1644 3226 1733 3282 audiit
1747 3228 1807 3291 itta,
1822 3245 1887 3283 con-
1964 3266 1965 3291 2

1092 3297 1196 3351 ciliare.
1213 3294 1276 3353 llaec
1292 3305 1383 3353 tamen
1400 3300 1441 3353 sic
1454 3298 1528 3353 dicta
1543 3308 1633 3359 sunto,
1649 3305 1680 3351 at
1700 3300 1783 3369 piane
1800 3300 1887 3355 nolin
1964 3316 1965 3337 ³

1091 3367 1284 3422 contritionem
1306 3366 1454 3439 perlectam
1478 3376 1649 3423 sacramento
1671 3370 1837 3441 praerequiri
1860 3380 1888 3423 ut

1092 3438 1216 3493 absolute
1231 3438 1425 3494 necessariam.
1448 3436 1513 3492 liam
1529 3436 1602 3493 enim
1621 3438 1814 3508 imperfectam
1830 3440 1887 3497 sui-

1093 3504 1181 3571 dcere,
1199 3508 1247 3563 sed
1262 3522 1322 3578 quse
1337 3522 1457 3563 anioreni
1472 3507 1520 3563 Dei
1534 3524 1589 3563 non
1600 3508 1740 3574 excludat,
1753 3522 1887 3569 constans

1091 3592 1211 3648 agnosco
1226 3588 1287 3649 post
1299 3578 1398 3634 concil.
1416 3577 1538 3633 Trident.
1555 3579 1588 3634 de
1609 3594 1641 3633 ea
1659 3580 1755 3636 solum
1776 3582 1887 3637 locutas

1091 3662 1151 3719 quae
1164 3648 1268 3705 nullum
1283 3650 1385 3704 amoris
1400 3650 1514 3721 gradum
1530 3648 1696 3705 admitteret.

1350 3760 1464 3817 CAPUT
1484 3760 1615 3817 xxxvii.

1088 3892 1090 3897 -
1128 3851 1199 3908 Fons
1219 3863 1258 3908 est
1281 3855 1307 3908 in
1323 3872 1374 3926 pito
1390 3856 1492 3911 alienus
1509 3872 1559 3909 non
1577 3858 1769 3913 communicat.
1785 3856 1887 3913 (imm

1091 3924 1570 3995 anctorisaequalessimilitercitant,
1583 3925 1665 3983 utllu
1686 3943 1704 3981 o
1723 3926 1887 3983 liutharien-

1091 3996 1140 4058 sis,
1162 3993 1260 4050 Petrus
1277 3994 1457 4061 liotnbardiis,
1476 3995 1641 4058 liichardus,
1698 3998 1817 4053 sibertus
1838 3999 1886 4053 hli-

1089 4065 1258 4134 ledunensis,
1268 4066 1364 4122 Petrus
1378 4065 1545 4131 Pictaiinus,
1556 4075 1610 4123 etc.
1622 4068 1759 4123 hliudunt
1769 4068 1805 4122 ad
1816 4070 1888 4125 lisine

248 4107 346 4189 {lenm
357 4109 440 4167 ⁰⁰⁰¹ss
452 4112 504 4167 Sibi
521 4120 640 4195 ΡΓΟΡῑΡΓ,
655 4110 795 4195 (ῙΙΞΓῙΒῑἮΠ
806 4113 954 4196 ΡΓΟΡῙῈῙΨ
968 4112 1037 4197 Ῑθΐθ·
1090 4136 1180 4191 locum
1196 4136 1326 4193 Prorerb.
1335 4154 1363 4201 v,
1375 4138 1410 4191 lli
1423 4156 1430 4191 :
1444 4136 1601 4192 Derituntur
1619 4138 1710 4209 [antes
1720 4140 1856 4209 tuiiaraa.
1865 4152 1887 4195 rr

250 4178 376 4262 ‘ilim‘lffss
387 4190 512 4251 ‘animm
534 4191 742 4251 ⁰⁰¹²²¹⁸J¹⁸⁸¹³l¹oe
762 4182 860 4252 smum
872 4181 980 4251 mim
997 4201 1040 4237 m·
1089 4207 1116 4260 in
1128 4206 1221 4275 plateis
1236 4224 1318 4278 aquius
1334 4207 1505 4272 utiaminide:
1518 4207 1666 4264 hahetoeas
1681 4213 1770 4273 solur,
1782 4214 1888 4265 msim

249 4259 408 4317 66166630
431 4260 575 4322 limi)terea
602 4260 746 4307 ¹¹¹⁰Ve¹¹2¹¹l
770 4252 904 4309 adversus
927 4262 1038 4324 lesem
1090 4278 1171 4331 alieni
1186 4278 1326 4347 participes
1340 4279 1389 4331 tui.
1408 4278 1499 4335 Secuti
1512 4286 1577 4335 sunt
1590 4287 1683 4335 tamen
1700 4280 1887 4353 hugristinuin

251 4334 300 4389 W
322 4321 414 4405 ⁰djl¹¹¹l
436 4323 545 4406 36611οἓ1
570 4329 597 4377 el
620 4321 862 4404 dilefflfiffllefnst
888 4322 1039 4404 Exilflss'fls
1089 4356 1185 4402 contra
1205 4348 1348 4413 Crescon,
1367 4364 1427 4419 cap.
1444 4350 1489 4412 ll,
1506 4350 1552 4419 qui
1567 4350 1631 4406 lieet
1649 4350 1744 4407 locum
1765 4352 1840 4407 liunt
1855 4354 1888 4407 de

287 4398 325 4446 tet
346 4390 549 4461 justificationis
564 4400 674 4462 negotio
689 4395 740 4448 bac
754 4408 825 4447 serie
841 4392 989 4450 deservire.
1007 4396 1038 4450 l⁰
1089 4418 1226 4541 baptism„
1242 4419 1384 4489 intelligat,
1401 4420 1525 4475 similiter
1538 4420 1613 4475 „pap

274 4461 345 4517 idem
359 4462 482 4518 inneum
498 4462 742 4533 illi'fflffifflmem·
756 4462 788 4516 ²⁰
802 4460 941 4518 Tim‘ffem
953 4481 986 4519 ⁰¹
997 4466 1078 4525 (Μ)
1139 4488 1201 4543 llius
1222 4497 1312 4543 anterii
1336 4489 1475 4545 elicritotis
1497 4500 1609 4544 maturae
1629 4491 1756 4551 nomine,
1781 4490 1816 4547 de
1836 4506 1887 4561 qna

251 4532 322 4586 sinac
336 4533 519 4603 epusjusiniae
534 4534 751 4605 apprehensione
764 4542 934 4603 conceptum.
951 4536 982 4589 5⁰
995 4534 1040 4591 Fi·
1091 4557 1144 4612 noe
1164 4560 1253 4627 capite
1268 4558 1372 4626 eutius,
1389 4561 1456 4614 nihil
1477 4561 1549 4615 arina
1565 4560 1600 4616 an
1614 4576 1647 4615 eo
1661 4562 1783 4633 intelligi
1798 4564 1889 4617 creri-

251 4600 360 4656 ‘lssfflffl
379 4609 406 4658 θῑ
426 4620 500 4674 siem
513 4608 599 4659 lenlae
622 4603 829 4673 c⁰¹¹Si³¹ll¹⁰¹¹d³i
846 4604 878 4658 ⁴⁰
898 4602 1040 4661 silwim
1090 4644 1152 4684 mus
1175 4644 1257 4699 quam
1279 4630 1365 4700 ipsam
1388 4631 1635 4701 praedestinationis
1655 4633 1790 4701 gratiam,
1807 4634 1888 4687 tene

249 4669 299 4794 3⁰1
317 4673 499 4729 dimum·
511 4671 651 4755 5⁰⁰dl¹¹¹¹¹
663 4685 689 4730 ⁰²
704 4674 912 4755 de¹e⁵m¹i⁰¹¹9¹¹¹
922 4678 1037 4758 imin·
1090 4699 1152 4753 licio
1167 4700 1256 4769 cujus,
1272 4700 1335 4755 lieet
1346 4699 1413 4769 justi
1425 4718 1620 4772 nonnunquam
1637 4703 1752 4767 radant,
1769 4705 1888 4758 haalim

274 4750 395 4799 ostremo
409 4744 520 4810 realem,
535 4753 621 4800 autin
635 4753 699 4801 rota
712 4752 1039 4817 sacrariientisusceptio-
1091 4780 1181 4825 [amen
1201 4777 1358 4841 resurgunt,
1375 4783 1404 4827 „2
1419 4773 1471 4827 sup,
1486 4774 1565 4827 finem
1580 4788 1605 4827 c·
1623 4770 1658 4826 59
1680 4772 1785 4829 immig-
1801 4774 1887 4843 Cup„

250 4828 323 4868 Μ’·
691 4906 697 4916 ,
1090 4840 1169 4895 etiam
1184 4841 1284 4911 capitis
1299 4842 1378 4896 initio
1398 4843 1479 4898 aliam
1501 4844 1631 4913 suggerit,
1649 4842 1801 4901 charitatis
1815 4846 1888 4899 illics

286 4903 343 4960 llac
357 4907 398 4961 sic
413 4905 549 4963 delineata
572 4906 785 4976 dispositionum
808 4907 889 4970 serie,
905 4906 969 4977 quis
980 4906 1038 4976 jani
1089 4926 1150 4981 quie
1165 4927 1302 4981 nunqiiaiii
1318 4911 1428 4976 excidit,
1446 4916 1642 4984 acceptionem,
1657 4928 1745 4982 quani
1759 4932 1812 4970 nos
1826 4934 1887 4969 cas-

250 4988 345 5044 sequus
358 4977 467 5041 dixerit,
491 4985 611 5033 mentem
628 4976 738 5031 concilii
761 4975 857 5044 luisse,
876 4985 906 5030 iit
926 4978 1039 5033 semotis
1089 4982 1248 5050 firmationis
1272 4984 1387 5050 pruriant
1407 4984 1533 5039 dicimus.
1559 4983 1624 5045 illa,
1650 4985 1754 5054 inquit,
1775 5003 1888 5057 perpas-

251 5044 313 5101 aliis
333 5047 532 5111 vicinioribus,
559 5049 635 5103 salus
655 5046 748 5108 timor,
774 5048 821 5117 qui
841 5048 898 5103 iere
916 5049 1038 5102 omnium
1089 5066 1179 5106 corum
1192 5062 1241 5116 est,
1257 5064 1282 5107 et
1295 5052 1409 5122 fortasse
1430 5055 1498 5108 inter
1519 5054 1697 5125 religiosiores
1714 5056 1888 5127 religiosissi-

247 5118 451 5174 remotissimus
470 5128 521 5177 est.
536 5118 564 5171 in
581 5117 805 5188 justificationem
819 5116 932 5173 induere
945 5125 1039 5187 posset
1089 5139 1202 5179 marani.

252 5202 313 5241 curn
328 5192 520 5245 sacramento?
539 5187 609 5242 Num
624 5186 724 5243 fidncia
738 5188 772 5243 do
787 5188 934 5243 obtinenda
958 5188 1038 5244 venia
1504 5234 1511 5245 .

250 5272 306 5311 iiiia
318 5267 360 5313 est
372 5274 408 5313 ex
430 5258 571 5329 requisitis
585 5274 602 5311 a
616 5258 734 5313 concilio
757 5256 995 5328 dispositionibus,
1010 5267 1038 5314 et
1354 5232 1468 5290 CAPUT
1491 5233 1612 5289 mlx·

248 5336 291 5393 tui
305 5328 395 5385 vertis
409 5337 466 5383 utar
485 5344 518 5384 eii
532 5330 615 5384 citato
630 5345 691 5399 cap.
707 5330 735 5395 l,
747 5344 815 5385 sess.
837 5329 881 5393 li,
919 5338 1038 5386 uaesunt
1126 5326 1199 5382 Unde
1221 5325 1308 5382 Dauid
1329 5335 1406 5397 atque
1431 5326 1610 5391 Salomonem,
1635 5325 1749 5381 Petrum
1772 5342 1885 5398 quaque.

248 5404 360 5457 unicum
370 5398 494 5457 adversae
506 5399 649 5455 sententiae
662 5400 883 5471 lirmameutuin):
897 5346 963 5466 {aar
976 5416 1037 5469 pec·
1088 5415 1151 5469 qrtas
1157 5398 1216 5468 jain
1227 5398 1302 5451 illurn
1311 5396 1449 5452 charitatis
1463 5398 1576 5468 pradum
1591 5398 1800 5466 apprelierids'sre
1812 5398 1885 5463 nefas

246 5482 363 5528 satorem
391 5486 423 5527 aa
441 5470 493 5529 Dei
511 5470 625 5539 gratiani
644 5470 671 5522 in
692 5479 856 5525 sacramenta
880 5471 1038 5541 poenitentia
1087 5469 1192 5524 eredere
1206 5486 1257 5523 uon
1270 5480 1324 5531 εει·
1339 5466 1383 5522 sed
1403 5484 1449 5523 nee
1473 5468 1515 5536 ias
1533 5468 1718 5523 indubitanter
1739 5469 1885 5538 affirmare.

244 5542 439 5611 impetrarsdarn
462 5542 604 5613 dispensati
625 5540 693 5606 Quis
712 5549 803 5595 tamen
826 5551 931 5597 asserat
949 5543 1036 5596 solam
1087 5549 1191 5595 coarctat
1222 5542 1291 5594 ciras
1317 5539 1428 5608 optimos
1454 5541 1564 5607 pessime
1592 5538 1750 5609 deliquisse.
1778 5540 1886 5605 uirens

248 5626 298 5680 per
313 5628 353 5675 se,
376 5629 439 5669 cam
461 5617 645 5673 sacramento,
671 5610 860 5667 remissionem
880 5611 1035 5682 negotiari;
1083 5612 1217 5681 uariaque
1235 5616 1325 5681 potest
1345 5624 1408 5665 esse
1429 5608 1482 5663 loci
1498 5610 1582 5678 hujns
1602 5608 1799 5679 intelligentia.
1823 5610 1886 5685 litet

244 5683 315 5750 quin
331 5684 421 5752 potius
433 5691 612 5754 temperatam
628 5680 692 5739 iretis
708 5695 741 5734 co
753 5681 850 5736 timore
867 5698 922 5751 quo
942 5681 1037 5735 conci·
1087 5690 1191 5737 certum
1208 5680 1243 5736 sit
1257 5689 1396 5735 auctorem
1412 5678 1445 5735 iis
1463 5680 1592 5735 omnibus
1606 5680 1709 5741 verbis,
1726 5680 1764 5735 de
1779 5680 1815 5735 iis
1834 5686 1886 5731 tn-

246 5750 340 5821 piisius
353 5753 479 5821 spiritum
493 5754 600 5820 salutis,
616 5763 646 5809 ut
657 5758 833 5811 transeuntes
848 5767 897 5821 per
910 5752 1036 5823 iguemet
1088 5751 1140 5809 bus
1160 5752 1246 5823 loqui,
1262 5758 1292 5808 ut
1314 5750 1343 5806 iii
1357 5750 1401 5807 via
1416 5749 1504 5806 adhue
1517 5750 1750 5808 consistentibus.
1767 5748 1886 5807 tuetur
