3967 6334
257 333 325 390 teia
806 318 943 378 SUGlillll
964 318 1111 375 subalta
1131 319 1159 377 S.
1181 317 1330 376 btoxtstt
1815 319 1878 374 tito
1969 378 1970 381 ,

255 451 279 504 si
290 447 405 511 confert,
419 444 607 514 regrederetur
618 439 690 510 luga,
702 454 763 494 com
774 453 870 508 magua
883 436 995 491 militari
1006 450 1050 491 sa·
1064 439 1088 494 d
1102 451 1165 490 nam
1181 441 1327 506 pararent,
1343 432 1508 489 dormitante
1526 432 1616 487 adbuc
1634 429 1778 486 defensore
1793 433 1821 486 in
1835 449 1879 503 pa·
1969 432 1970 505 3

255 538 364 608 gittaria
380 529 805 600 manuelbalistariaobriasset,
817 528 925 580 irruens
934 526 961 578 in
972 540 1046 590 oum,
1099 528 1211 598 pilione,
1226 527 1321 582 dolose
1334 524 1461 581 tentoriis
1468 525 1539 595 ignis
1552 531 1595 580 est
1601 523 1760 594 applicitus:
1777 539 1882 594 euque,

254 629 435 694 retrocedere,
459 632 635 695 castrumque
656 620 761 692 ingredi
779 633 918 673 armorum
932 631 1048 688 oppres·
1098 619 1163 689 quia
1184 618 1291 689 siguum
1311 625 1354 673 est
1375 615 1540 681 recedendi,
1562 615 1655 670 subito
1673 615 1813 670 exercitus
1831 625 1883 672 tarn

255 721 343 786 sione,
358 721 461 789 absque
472 731 563 774 senon
573 711 776 786 permisit;sed
791 709 980 764 irruensinter
989 722 1046 774 cos,
1100 711 1210 765 incaute
1235 723 1317 780 quam
1342 708 1458 763 confuse
1484 707 1561 763 exire
1590 705 1736 768 festinant,
1765 706 1885 775 inopim-
1969 752 1970 775 ,

253 821 282 872 et
295 827 358 866 cum
371 809 412 866 eis
426 823 475 879 per
488 815 605 878 portam,
618 812 648 858 ut
662 810 720 859 erat
735 800 903 856 lortissimus
915 797 1049 869 palaestri-
1098 811 1154 857 iem
1179 802 1364 857 recessionem
1385 797 1602 872 [sormidamh
1622 813 1673 852 Μ
1685 796 1753 868 qum
1768 797 1817 851 nm
1830 798 1885 852 ὣς

255 908 293 966 ta,
311 908 337 956 et
352 899 511 969 spectabilis
525 895 671 967 gladiator,
689 893 716 946 iu
738 891 829 946 medio
849 889 933 945 castri
947 897 974 944 et
988 903 1049 943 ere·
1099 893 1242 949 conteram
1266 892 1449 948 attendentes.
1476 889 1600 956 Quorum
1619 889 1731 944 incursu
1757 889 1886 959 praecipio

255 993 304 1051 bro
316 1005 475 1064 percussus,
491 997 518 1044 ct
532 987 630 1042 crebro
639 984 807 1056 percutiens,
822 982 925 1035 nullam
940 979 995 1052 pati
1006 980 1050 1033 di·
1099 987 1239 1056 muiioque
1262 986 1382 1040 elamore
1402 984 1531 1039 dominus
1555 984 1740 1053 stupetactus,
1765 997 1888 1052 quarens
1969 996 1970 1005 ¹

254 1089 355 1156 gnatus
378 1088 420 1137 est
434 1079 582 1150 repulsum,
598 1090 651 1131 nec
665 1073 803 1137 recedere»
819 1073 905 1126 donec
920 1085 981 1124 vum
999 1086 1048 1124 su·
1098 1076 1164 1146 quid
1178 1083 1267 1138 esset,
1280 1089 1352 1144 equo
1373 1073 1469 1129 insiliit
1486 1079 1550 1143 post
1563 1072 1715 1127 exereitum
1736 1071 1887 1134 festinans,

254 1174 389 1248 pellectile
400 1179 487 1228 totum
502 1179 720 1236 castrumusque
734 1163 768 1218 ad
779 1163 864 1218 turris
875 1161 1048 1232 procinctum
1098 1168 1162 1238 quia
1184 1168 1240 1236 jam
1262 1165 1475 1234 circumquaque
1496 1162 1613 1232 dispersi
1637 1166 1735 1224 erant,
1760 1158 1889 1215 reducere
1969 1164 1970 1167 ’

255 1269 284 1322 in
304 1265 395 1321 medio
417 1260 613 1318 concremarit.
631 1257 719 1312 Tanta
732 1257 785 1311 riri
799 1263 858 1312 erat
873 1255 1046 1318 animositas,
1097 1259 1174 1314 nuile
1188 1258 1269 1313 medo
1288 1257 1383 1311 saluii,
1405 1254 1476 1321 Quid
1490 1253 1565 1308 eliud
1582 1252 1684 1308 iaeeeei
1706 1252 1833 1307 imme
1848 1253 1888 1320 je.

256 1367 286 1415 ut
293 1374 342 1414 nec
351 1354 504 1412 incendium
513 1352 652 1408 declinare
659 1356 778 1414 curaret,
795 1363 856 1402 cum
865 1355 891 1402 ct
903 1348 961 1402 eict
969 1361 1048 1402 exer·
1089 1353 1186 1416 uenis,
1195 1367 1277 1422 quam
1288 1350 1323 1406 ad
1334 1364 1411 1404 arma
1421 1363 1542 1412 currere,
1552 1363 1633 1419 quam
1643 1362 1708 1402 cum
1719 1347 1889 1417 paucisqous

256 1451 321 1506 citui
338 1448 521 1520 periculosum
533 1451 616 1508 essct,
632 1449 659 1497 et
670 1442 755 1496 multo
770 1449 891 1512 tempore
899 1439 1046 1494 maximam
1099 1443 1187 1516 pernis
1201 1443 1383 1506 retrocedere,
1395 1456 1503 1495 murum
1515 1456 1546 1496 sc
1557 1455 1607 1510 pro
1615 1438 1840 1510 precedentibus
1849 1455 1890 1510 op

255 1545 279 1601 ei
294 1544 454 1598 raucitatem
470 1543 623 1609 generaret.
640 1534 685 1588 Sic
706 1532 878 1587 humiliatum
893 1530 921 1583 in
934 1528 1047 1583 brachio
1098 1552 1214 1608 ponere,
1230 1551 1302 1606 sepe
1324 1535 1444 1606 percuti,
1469 1541 1497 1590 er
1518 1549 1589 1604 sepe
1608 1534 1781 1604 pereutere?
1798 1531 1889 1588 iere.

254 1636 366 1692 uirtutis
381 1633 440 1700 Dei,
460 1630 506 1702 qui
522 1631 551 1684 in
564 1643 647 1684 causa
663 1632 731 1690 erut,
749 1624 901 1694 subjectum
916 1630 1046 1692 tanquam
1097 1627 1148 1682 ersi
1160 1626 1212 1690 illi,
1228 1626 1328 1695 quibus
1348 1624 1527 1696 pereuntibus
1543 1623 1605 1696 [leg.
1620 1621 1826 1696 preeuntibus]
1838 1625 1889 1693 ipse

254 1730 384 1785 clinicum
398 1723 547 1781 uoluntatis
563 1735 620 1777 suae
633 1719 730 1774 ditioni
747 1716 911 1786 subjugarit.
1098 1724 1269 1781 marcuerat,
1281 1716 1371 1788 quiete
1380 1722 1406 1771 et
1418 1731 1515 1772 secure
1523 1723 1671 1786 potueruut
1682 1716 1794 1787 lugere,
1805 1723 1890 1770 umen

560 1809 674 1868 CAPUT
696 1808 740 1864 ltl.
1063 1785 1163 1878 Bquia
1171 1809 1248 1863 multi
1257 1807 1418 1879 gregatimet
1426 1806 1548 1878 disperse
1555 1808 1650 1878 procul
1658 1806 1890 1878 abeofugielraut,

291 1911 397 1966 interea
411 1906 581 1964 bellimontis
590 1917 681 1958 comes
692 1899 835 1954 ilattlraeus
846 1904 940 1951 contra
956 1891 1049 1962 Hugo·
1099 1901 1178 1955 mulii
1189 1901 1223 1956 ei)
1237 1899 1445 1971 hostibus-eapri
1459 1906 1533 1956 suni,
1549 1899 1623 1956 inger
1634 1914 1706 1971 quos
1716 1900 1892 1956 merem

254 2018 317 2058 nem
332 2001 584 2056 Glaromontensem
604 1996 691 2048 rirrrm
706 1990 840 2054 nobilem,
857 1985 905 2042 sed
920 1984 1046 2040 mobilem
1098 2001 1196 2063 ceptus
1221 1991 1271 2048 inii
1295 1991 1354 2062 ipse
1374 1991 1452 2062 nugo
1471 1991 1728 2058 claremontensis,
1755 1999 1788 2047 ῃ
1811 1990 1893 2048 0..ng

255 2102 283 2151 et
301 2091 463 2163 simplicem,
479 2088 559 2158 cujus
573 2085 655 2140 filiam
672 2081 817 2155 (Errrrnanr)
833 2080 947 2135 duxerat
963 2092 1047 2147 spon·
1100 2083 1328 2147 silvanectensis,
1354 2083 1502 2139 llerluinus
1519 2077 1706 2146 Parisieusis,
1731 2091 1763 2138 ct
1786 2083 1893 2138 obscuri

255 2201 326 2250 sam,
341 2184 423 2254 longo
436 2180 520 2236 animi
535 2193 652 2233 rancore
666 2175 845 2240 contendens,
861 2179 983 2227 castrum
997 2185 1048 2224 no·
1098 2174 1218 2229 nominis
1232 2173 1409 2244 quamplures
1419 2172 1549 2243 gregarii,
1564 2178 1591 2227 ct
1605 2171 1744 2242 pedestris
1756 2175 1893 2227 nescius

255 2278 328 2334 mine
341 2275 539 2336 Lusarehium,
555 2271 636 2341 cujus
657 2269 830 2325 medietatem
847 2281 930 2322 causa
950 2265 1047 2334 conju-
1098 2267 1187 2323 multi.
1205 2267 1261 2321 llac
1277 2267 1360 2338 igitur
1373 2266 1518 2321 lacessitus
1529 2265 1645 2336 injuria.
1656 2275 1766 2336 quanto
1782 2265 1894 2321 rudisrt

254 2371 291 2443 gii
306 2375 474 2438 susceperat,
490 2373 578 2420 totum
588 2378 725 2433 occrrpare
738 2361 805 2433 (ti),
821 2360 920 2414 turrim
935 2357 988 2412 sibi
1002 2371 1048 2410 ar·
1099 2362 1212 2432 ignarus
1225 2359 1367 2415 infortunii
1384 2357 1540 2428 hujusmodi
1552 2359 1685 2414 hactenus
1700 2357 1810 2420 furerat,
1824 2366 1895 2412 uoto

254 2461 308 2516 ruis
321 2466 349 2514 ct
362 2457 475 2512 armatis
489 2455 586 2526 satagit
602 2453 717 2508 munire.
743 2450 815 2518 Quid
835 2448 936 2504 faceret
952 2447 1045 2517 lingo,
1099 2469 1162 2508 cum
1182 2453 1306 2508 Parisios
1326 2451 1444 2507 redisset
1459 2450 1525 2505 moti
1545 2450 1628 2504 animi
1648 2450 1804 2506 insolentia
1824 2451 1893 2504 iutu-

253 2566 336 2624 quaru
351 2549 424 2620 quod
439 2548 474 2602 ad
489 2547 565 2618 regni
582 2544 757 2601 decernerem
772 2541 917 2605 testinans,
931 2539 1047 2610 nedibus
1099 2543 1282 2606 mesenates
1292 2541 1486 2610 uteiusaerans
1496 2541 1896 2607 mosemsitamenimiosn

253 2643 314 2713 ejus
330 2647 501 2712 prostratus,
521 2639 627 2694 obortis
647 2636 777 2708 lacrymis
792 2634 928 2704 supplicat
944 2640 973 2685 ut
987 2630 1047 2685 seni
1099 2635 1155 2707 (it)
1167 2635 1204 2691 sit
1218 2633 1377 2704 probitatis,
1393 2626 1484 2688 moret
1498 2640 1526 2687 ct
1539 2641 1673 2689 moretur.
1689 2632 1725 2688 Et
1739 2640 1774 2688 ut
1790 2633 1848 2687 cito
1858 2633 1895 2687 iu·

254 2731 466 2796 condescendat,
478 2730 640 2802 gravissime
650 2733 848 2798 graratoopern
865 2723 950 2778 ferrrti
960 2720 1045 2787 linio,
1095 2727 1197 2796 iuriam
1213 2725 1370 2788 ulciscatur,
1385 2731 1540 2780 exastuans
1558 2724 1746 2794 ondecunque
1758 2725 1898 2795 triplicato

254 2827 353 2896 inquit,
365 2824 519 2878 charissime
528 2821 643 2885 domine,
660 2829 683 2874 te
697 2828 795 2873 terram
809 2825 890 2869 totum
903 2830 986 2868 cneum
998 2812 1048 2867 lra-
1098 2818 1218 2872 exercitu
1227 2816 1362 2887 sagaciter
1371 2831 1458 2886 aequc,
1467 2823 1495 2871 m
1503 2816 1660 2887 prudenter,
1668 2817 1775 2872 crebro
1782 2817 1896 2887 ingeni·

254 2914 323 2973 bere,
339 2914 401 2984 quin
418 2929 435 2967 a
450 2920 473 2966 te
483 2927 540 2966 eum
556 2909 648 2972 ludeo,
664 2922 744 2978 qnam
758 2921 835 2977 gener
849 2921 921 2958 meos
938 2903 1047 2973 degener
1098 2917 1146 2962 nni
1166 2908 1286 2978 suspirie
1299 2908 1442 2963 deeeniius
1458 2917 1573 2963 mercem
1590 2923 1673 2978 quam
1697 2909 1898 2964 verecundia„

253 3004 321 3063 franc
334 3004 439 3058 lrabeat.
453 3001 547 3057 Emori
559 3001 645 3070 cupio,
662 3000 686 3054 si
700 3015 757 3053 earn
774 2997 889 3067 accierat.
906 2995 992 3065 Crrjus
1007 2996 1048 3049 la·
1099 3002 1329 3069 sustinereQuod
1340 3003 1560 3058 cumamieomm
1571 3002 1707 3058 relatione
1714 3003 1898 3072 comperisses

253 3095 396 3167 crymabili
412 3095 568 3149 calamitate
582 3093 674 3146 animo
689 3096 882 3159 compunctus,
895 3087 1047 3142 amicabili·
1061 3135 1081 3188 C
1098 3110 1191 3150 eomes
1201 3094 1358 3158 ilatiheeus,
1371 3100 1401 3148 nt
1410 3101 1469 3148 erat
1482 3094 1594 3164 elegans
1605 3094 1650 3148 uir
1659 3102 1688 3149 et
1703 3092 1839 3155 facetus,
1853 3095 1898 3145 im·

252 3193 295 3239 tcr
308 3199 418 3238 inanum
431 3184 558 3256 porrigit,
574 3181 718 3252 suflragari
729 3179 875 3252 promittit,
886 3194 934 3249 spe
943 3179 1048 3232 erlrila·
1098 3187 1205 3257 pariens
1223 3188 1394 3243 eeieeundiae
1407 3187 1585 3242 accidentalis
1599 3185 1705 3240 demini
1722 3185 1787 3250 sui,
1809 3185 1899 3240 nute-
1969 3260 1970 3265 ἵ

251 3284 340 3329 ratum
358 3275 414 3345 (ts)
428 3275 563 3330 remittit:
580 3289 643 3344 spes
655 3280 745 3327 autem
760 3286 816 3325 non
830 3269 981 3325 corriundit.
995 3267 1049 3324 ile·
1097 3278 1198 3348 plicare
1212 3277 1409 3344 intercessore,
1426 3279 1497 3331 viam
1522 3277 1597 3347 pacis
1619 3276 1755 3332 atrectare
1776 3291 1901 3332 mumo-

253 3366 350 3421 locitcr
363 3365 499 3436 siquidem
514 3366 548 3421 de
562 3366 638 3420 curia
650 3372 761 3426 exeunt,
774 3362 821 3433 qui
839 3361 966 3417 comitem
980 3377 1048 3415 con·
1097 3381 1162 3438 pere
1171 3368 1415 3438 investigatione
1425 3365 1578 3431 cuicedine,
1590 3367 1686 3422 moitis
1698 3366 1901 3422 biandimenta

251 3458 381 3522 veniant,
397 3457 616 3513 extraordinarie
638 3457 821 3526 exspoliatum
842 3453 981 3509 ordinarie
1001 3467 1047 3507 re-
1098 3457 1218 3511 animum
1231 3457 1378 3526 juvenilem
1393 3456 1549 3512 demulcere
1561 3456 1696 3521 elaborat,
1712 3458 1791 3512 satis
1801 3470 1903 3512 coure-
1969 3526 1970 3535 ἵ

244 3551 313 3607 -stiri
327 3565 374 3606 ore
390 3548 544 3605 defensoris
553 3549 723 3620 praecipiant‚
739 3547 772 3602 de
778 3547 840 3615 J'urc
853 3548 881 3602 iu
895 3546 972 3601 curia
986 3545 1047 3616 ejus
1097 3545 1204 3600 nienter
1217 3545 1291 3600 nulla
1304 3545 1357 3600 hoc
1369 3544 1472 3600 facturn
1485 3545 1693 3609 deliberatione,
1710 3547 1762 3601 ssd
1780 3562 1819 3602 cx
1836 3563 1901 3602 con·

252 3641 442 3699 ratiocinando
453 3648 529 3696 certa
541 3641 587 3694 die
600 3640 750 3694 decertent.
762 3637 840 3704 Quod
851 3653 912 3692 cum
924 3637 1046 3693 refutas·
1096 3637 1212 3708 tingenti
1225 3637 1374 3701 accidisse,
1388 3636 1517 3707 injuriam
1527 3646 1656 3696 excusat.
1669 3653 1763 3708 seque
1782 3655 1902 3709 pronun

251 3744 294 3792 set
302 3735 409 3799 ulcisci,
420 3734 553 3788 festinans
564 3731 693 3786 defensor
701 3732 817 3787 collecto
826 3731 949 3786 exercitu
960 3730 1046 3786 multo
1096 3730 1131 3785 ad
1141 3731 1201 3799 ejus
1209 3739 1307 3783 nutum
1317 3728 1499 3784 satisfactioni
1510 3737 1666 3800 presentat.
1676 3727 1709 3783 ln
1719 3745 1782 3800 quo
1789 3731 1902 3801 quiden
1969 3722 1970 3775 ῗ

252 3827 281 3882 in
303 3841 365 3880 eum
378 3825 499 3887 exsiliit,
520 3821 718 3894 praefatumque
739 3833 861 3879 castrum
883 3823 1045 3894 aggrediens
1096 3838 1178 3892 prece
1191 3822 1352 3885 multorum,
1369 3821 1486 3876 consilio
1500 3821 1693 3885 familiarium,
1714 3823 1812 3876 multo
1821 3823 1903 3877 αἰιιι
1969 3806 1971 3859 l

253 3914 334 3970 modo
345 3915 439 3978 aruris,
452 3913 602 3984 modoigne
613 3913 882 3985 impugnans,multo
894 3929 1044 3984 congressu
1094 3915 1182 3984 patris
1194 3921 1302 3985 rogatu,
1316 3914 1380 3968 licet
1394 3929 1467 3979 sero,
1477 3913 1530 3969 riri
1543 3913 1652 3968 animus
1667 3915 1903 3976 moimms-
1969 3958 1970 3985 3

250 4005 427 4077 expugnarit,
444 4005 596 4074 turrimque
612 4003 698 4074 ipsam
715 4005 826 4058 militari
843 4004 968 4059 custodia
985 4020 1046 4058 mu·
1094 4006 1212 4075 piscenti
1236 4005 1338 4076 parcit,
1360 4005 1489 4075 injuriam
1512 4003 1665 4069 condonat,
1692 4005 1903 4074 recuperabilia
1969 4016 1970 4041 ³

251 4095 331 4160 uiuit,
345 4103 372 4152 ct
389 4095 523 4152 munitam
540 4093 657 4166 ilugoni,
675 4094 748 4150 sicut
763 4094 949 4166 spoponderat
964 4095 1045 4151 resti-
1095 4097 1201 4167 perdita
1215 4099 1316 4153 comite
1328 4097 1460 4153 reddente
1481 4103 1633 4159 mearat,
1658 4104 1761 4166 captos
1783 4098 1902 4160 liberat,

251 4187 314 4242 tuit.
1094 4187 1200 4258 ilugoui
1221 4187 1440 4244 claromontensi
1459 4202 1564 4258 pacem,
1587 4195 1616 4242 et
1630 4185 1707 4257 quod
1723 4191 1820 4243 castri
1835 4203 1903 4260 pra·
1969 4186 1971 4217 ³

559 4278 675 4335 CAPUT
690 4278 735 4336 tv,
1094 4279 1219 4348 occupati
1238 4294 1318 4333 suum
1329 4286 1388 4334 erat
1401 4278 1480 4333 firma
1494 4293 1561 4348 pace
1575 4277 1721 4334 reformat.

285 4367 375 4424 lfouet
390 4369 483 4425 itidem
497 4371 649 4425 exercitum
662 4370 696 4424 ad
711 4368 784 4423 aliud
799 4369 921 4439 ejusdem
934 4369 1044 4424 comitis
1403 4365 1519 4422 CAPUT
1540 4365 1574 4422 V.

249 4467 383 4524 castrum,
404 4461 515 4514 nomine
528 4459 700 4524 Cauliaeum,
717 4461 835 4514 tentoria
850 4460 920 4531 figit,
937 4459 1044 4514 maelii-
1060 4470 1081 4524 p
1130 4459 1313 4515 infestabatur
1328 4457 1428 4513 nobilis
1439 4456 1562 4512 Ecclesia
1574 4456 1725 4514 {lemensis
1739 4475 1868 4516 suorum
1879 4467 1904 4512 et

249 4565 302 4604 uas
315 4549 531 4618 impugnatorias
552 4549 651 4605 instrui
671 4550 809 4620 praecepit.
835 4547 934 4603 verum
956 4548 1042 4602 multo
1093 4553 1279 4608 Ecclesiarum
1294 4550 1326 4604 ad
1343 4565 1373 4605 se
1386 4550 1582 4619 pertinentium
1596 4549 1903 4620 dilapidationem

248 4639 329 4692 aliter
343 4652 424 4707 quam
435 4638 563 4708 sperabat
572 4640 681 4694 crcnire
693 4639 817 4709 contigit.
830 4637 930 4692 Mutata
942 4638 1043 4708 quippe
1093 4660 1154 4698 rum
1162 4642 1307 4715 tyrannide
1321 4641 1464 4696 fortissimi
1478 4649 1505 4696 et
1513 4641 1674 4695 tumultuosi
1686 4641 1814 4697 baronis
1827 4643 1903 4697 Elrdr

248 4740 327 4804 grata
342 4733 414 4788 aeris
426 4732 570 4802 temperie,
585 4732 691 4800 ingrata
704 4731 896 4786 etturbulenta
910 4733 1043 4800 internpe-
1093 4734 1292 4797 buciacensis,
1310 4741 1338 4788 ct
1360 4731 1409 4786 lilii
1432 4732 1493 4800 cius
1514 4729 1688 4787 Guisehardi.
1710 4731 1767 4798 Qui
1794 4743 1902 4804 quauta

247 4825 306 4878 ries
314 4822 438 4886 emersit,
448 4830 578 4892 tantoque
586 4830 679 4877 ettam
689 4822 813 4877 horribili
824 4821 956 4892 impluvio
967 4821 1042 4876 toni·
1093 4824 1196 4879 militia
1211 4824 1342 4894 agebatur
1355 4822 1486 4878 exercitio
1501 4824 1573 4894 (crat
1584 4822 1658 4877 euim
1673 4830 1763 4878 tanoe
1780 4841 1903 4896 magua·

248 4914 775 4968 cruorumcoruscationetotamterram
787 4913 1041 4978 iunocteturbarit,
1093 4917 1236 4982 nimitatis‚
1253 4926 1283 4971 ot
1300 4915 1448 4986 aliquando
1462 4930 1524 4970 cum
1541 4914 1664 4970 exercitu
1679 4929 1813 4985 magno,
1830 4925 1903 4986 quoe

249 5003 401 5060 exereitum
425 5001 536 5067 aflecit,
564 5017 650 5072 equos
675 5003 801 5068 caecidit,
825 5013 855 5058 ut
879 5006 925 5061 rix
949 5005 1042 5060 vivere
1093 5006 1168 5061 solos
1198 5021 1276 5077 reges
1304 5005 1429 5070 deceret,
1451 5005 1480 5059 in
1507 5003 1669 5075 llispaniam
1699 5004 1904 5076 proficiscere·

237 5093 360 5164 quidam
376 5109 471 5148 corano
490 5101 642 5164 sperarent.
663 5093 723 5160 Quo
743 5094 908 5152 intolerabili
928 5095 1043 5154 horrore
1093 5103 1139 5149 tur
1154 5093 1227 5168 {liii
1246 5103 1321 5150 tanto
1341 5096 1464 5151 insanior
1485 5103 1514 5150 et
1533 5095 1659 5165 rapacior
1677 5095 1727 5150 lais
1750 5097 1903 5168 explendis

248 5203 311 5240 curu
328 5184 440 5256 quidam
454 5186 489 5242 de
504 5185 627 5242 exercitu
647 5186 674 5240 in
693 5201 794 5241 aurora
817 5185 908 5258 fugam
929 5189 1041 5243 matuti-
1092 5186 1350 5257 depredationibus,
1362 5187 1504 5259 rapiniset
1523 5187 1598 5241 omni
1610 5187 1724 5242 malitiae
1734 5187 1902 5248 insistet&

298 5360 331 5414 li
362 5359 619 5424 equanacum..
638 5363 764 5433 Occupat.
1091 5363 1202 5434 regibus
1220 5361 1347 5417 Castellae
1369 5369 1396 5417 et
1417 5362 1561 5433 dragoniae
1580 5362 1726 5434 suppetias
1751 5363 1902 5427 laturam.
1969 5370 1971 5390 ¹

299 5431 331 5485 tt
373 5429 570 5488 thilnrctmn.
592 5431 631 5486 lta
658 5435 766 5496 codices
783 5434 896 5490 laudati.
925 5435 992 5491 llale
1012 5437 1041 5491 in
1091 5432 1391 5495 mernor-atdnselmus,
1403 5441 1471 5488 tom.
1486 5433 1555 5498 virt,
1571 5451 1598 5505 p.
1615 5434 1678 5488 cot.
1690 5431 1905 5508 prioremque
1969 5497 1971 5500 y

248 5499 314 5556 edit.
332 5499 491 5556 cacidotnrn.
1091 5503 1153 5557 dem
1180 5504 1217 5556 ait
1244 5503 1445 5573 expeditionem
1470 5505 1598 5560 hortante
1621 5520 1734 5558 sorruuo
1761 5509 1904 5574 pontific
1969 5502 1971 5513 '

286 5569 342 5643 (ll)
359 5569 507 5626 imitarier.
524 5569 600 5626 Sicut
616 5570 683 5626 Cod.
701 5569 851 5629 San-bion.
880 5570 910 5626 ln
925 5573 997 5628 Edit.
1011 5583 1039 5630 et
1090 5572 1247 5627 alexandro
1258 5571 1289 5636 ll,
1306 5575 1418 5628 alteram
1433 5573 1565 5645 Gregorio
1575 5572 1622 5628 Vll
1633 5588 1809 5645 aggressum
1828 5593 1902 5634 csse.
1969 5590 1971 5595 '

250 5637 565 5694 ideonunquam.
588 5639 842 5698 iusseratque.
862 5642 996 5700 fnrrutioa.
1091 5641 1129 5696 tre
1152 5649 1269 5712 utraque
1289 5659 1425 5698 summum
1448 5646 1521 5715 apud
1551 5645 1718 5714 llispanrcos
1739 5645 1903 5702 historias
1969 5692 1971 5699 .

286 5701 342 5772 itii
353 5709 508 5777 Hispaniam
522 5711 672 5782 profectum
684 5727 755 5776 csse,
764 5723 858 5768 contra
871 5713 1039 5770 Sarracenos
1091 5713 1240 5767 silentium.
