3967 6334
140 395 211 455 ml

477 401 645 458 ulutatus
663 399 707 454 bs
721 361 1009 457 CONSECbleONE
1030 389 1211 450 ECCLESIAE
1232 389 1260 445 S.
1282 385 1446 456 ulos'lstl,

1696 384 1767 440 ΜΞ

138 514 266 570 arnicitiae
280 515 341 585 ejus
355 517 503 574 amissione
525 517 613 589 prima
640 513 863 588 praeuaricatione
886 509 928 565 in-
942 511 964 566 Α
978 523 1039 562 rum
1053 505 1162 562 acutius
1170 500 1412 570 delectabiliusque
1421 495 1600 560 refundendo,
1610 495 1682 551 ultra
1697 497 1766 553 satis

135 607 927 680 euruimus‚eaineflabilicharitatequadivinitatemsuam

134 698 280 768 captivatae
295 701 457 757 humanitati
473 712 574 759 nostrae
590 701 761 758 ineffabiliter
775 705 803 755 et
816 698 927 767 insepa-

133 789 261 845 rabiliter
276 793 373 857 uuiuit,
390 793 532 860 dissolvat,
562 795 651 865 sopita
673 790 842 847 carnalitatis
862 804 926 860 gra-

133 877 250 936 vissima
265 883 403 949 molestia,
414 885 585 955 tumultuque
599 883 728 939 uitiorum
752 881 856 946 sedato,
879 897 926 952 pa-

132 975 199 1024 cato
216 971 372 1029 babitaculo
382 974 511 1031 interiora
525 975 704 1048 repugnantia
733 974 871 1046 pacificet:
898 980 927 1028 ut

132 1067 227 1116 triente
240 1070 268 1116 et
280 1077 397 1135 corpore
411 1067 530 1137 expediti
542 1075 647 1139 gratam
664 1067 688 1120 ei
703 1065 847 1120 ollercntes
868 1077 926 1118 scr-

130 1147 259 1218 vitutem,
276 1153 471 1212 beneficiorum
487 1159 568 1213 ctiam
579 1159 774 1213 immensorum
784 1155 926 1225 ejuscirca

129 1255 195 1302 raus,
210 1251 238 1299 et
252 1246 380 1313 nobilem,
397 1250 442 1304 cui
457 1266 507 1305 nos
536 1250 655 1321 praeferri
674 1249 815 1314 sustinuit,
838 1249 926 1305 eccle-

130 1331 202 1387 siam
219 1337 353 1407 replicare
377 1347 405 1395 et
433 1341 581 1413 praedicare
595 1344 734 1398 valeamus
759 1343 923 1413 largitatem,

128 1421 172 1480 Ne
187 1427 211 1482 si
228 1430 297 1486 muti
312 1431 339 1486 in
354 1432 461 1490 laudem
478 1435 538 1504 ejus
550 1436 747 1500 exstiterimus,
777 1435 925 1491 berrebcio·

129 1533 193 1574 rum
206 1520 266 1590 ejus
282 1525 318 1580 ob
341 1525 394 1581 boc
407 1525 544 1584 defectum
573 1529 755 1595 incurramus,
777 1535 804 1584 et
827 1543 923 1584 uocem

128 1609 208 1666 illam
223 1616 383 1674 terribiliter
397 1621 561 1678 audiamus:
591 1621 654 1677 Nou
682 1633 721 1678 est
742 1623 861 1679 iuuentus
877 1623 923 1694 qui

977 599 1089 672 qutamsi
1097 598 1184 670 major
1198 597 1378 651 fabricaretur
1389 591 1543 648 irradiaret.
1552 589 1641 660 llujus
1652 590 1769 644 brevita-

977 693 1014 748 tis
1028 691 1143 763 egrcgiae
1167 698 1245 762 grata
1259 688 1415 751 occasione,
1437 684 1633 740 numerositate
1645 680 1768 736 bdelium

978 789 1120 839 crescente
1146 789 1173 836 et
1202 781 1236 835 ad
1260 779 1389 850 suflragia
1404 784 1561 833 sanctorum
1585 775 1682 829 crebro
1699 786 1767 828 oon·

977 877 1088 940 bulento,
1104 882 1196 931 tantas
1210 873 1322 944 praefatu
1336 873 1450 928 basilica
1473 869 1609 926 sustinere
1623 862 1767 922 consucvit

977 970 1128 1032 molestias,
1141 975 1171 1022 ut
1188 967 1288 1038 saepius
1309 965 1337 1020 in
1349 964 1516 1020 solemnibus
1527 959 1654 1016 uidelicet
1667 959 1765 1014 diebus

977 1061 1123 1117 admodum
1145 1061 1224 1131 plena
1246 1073 1295 1128 per
1315 1072 1411 1113 onmes
1438 1054 1531 1108 ualuas
1541 1051 1683 1107 turbarum
1711 1049 1764 1105 sibi

975 1154 1162 1210 occurentium
1178 1150 1390 1222 superfluitatem
1402 1145 1567 1209 refunderet,
1575 1153 1661 1199 etnon
1674 1142 1763 1199 solum

976 1252 1111 1307 intrantes
1120 1266 1176 1304 non
1192 1250 1305 1310 intrare,
1322 1259 1416 1301 uerum
1427 1243 1508 1297 etiam
1519 1240 1566 1310 qui
1575 1239 1630 1308 jam
1644 1215 1764 1291 intraue-

974 1354 1037 1401 rant
1050 1343 1259 1415 praecedentium
1273 1339 1404 1410 expulsus
1418 1335 1492 1391 exire
1509 1331 1693 1403 compelleret.
1718 1326 1765 1381 lli·

975 1439 1054 1495 deres
1079 1435 1235 1507 aliquando,
1255 1432 1380 1488 mirabile
1393 1429 1473 1484 ¹sisu!
1489 1423 1562 1497 quod
1582 1421 1762 1478 innitentibus

975 1530 1080 1603 ingredi
1094 1528 1128 1583 ad
1140 1526 1343 1582 venerationem
1357 1530 1384 1579 et
1399 1518 1632 1576 deosculationem
1652 1519 1763 1567 sancta·

973 1639 1036 1678 rum
1047 1621 1224 1692 reliquiarum
1238 1616 1308 1673 clari
1318 1623 1347 1672 et
1361 1629 1469 1670 coronas
1484 1608 1591 1666 Domini
1605 1613 1682 1663 tanta
1695 1619 1762 1659 cou-

972 1721 1057 1787 gestae
1079 1709 1264 1769 multitudinis
1289 1707 1478 1778 opponebatur
1505 1697 1701 1771 repugnantia,
1729 1702 1761 1749 ut

127 1701 228 1758 rediret
239 1707 349 1764 etduret
358 1710 471 1782 gloriam
486 1711 541 1767 Deo
551 1712 626 1785 (Luc.
642 1730 710 1780 rura,
724 1715 779 1787 ta).

973 1807 1043 1863 inter
1066 1806 1210 1860 innumera
1227 1800 1391 1873 populorum
1402 1795 1488 1852 millia
1501 1809 1533 1849 er
1546 1793 1605 1863 ipsa
1621 1791 1663 1846 sui
1679 1802 1756 1842 com-

165 1790 312 1852 Justifmati
326 1797 410 1870 igitur
424 1816 457 1856 ex
474 1799 536 1866 fide,
554 1819 620 1874 pace
632 1809 727 1860 nostra
738 1804 860 1860 interiori
877 1819 920 1860 se-

125 1883 249 1941 eundum
264 1887 426 1960 Apostolum
448 1909 543 1964 pacem
567 1894 638 1965 apud
661 1894 746 1950 Deum
771 1897 917 1964 babentcs3
935 1882 956 1940 Β
971 1899 1111 1972 pressione
1118 1896 1211 1952 nullus
1224 1892 1320 1965 pedem
1334 1885 1564 1948 morereraleret,
1576 1881 1668 1937 nullus
1682 1878 1756 1933 aliud

127 1990 215 2032 ‘'¹¹⁰¹''
230 1986 258 2034 θῑ
270 1981 342 2038 Ῑΰῑθῐ
355 1986 456 2042 multos
470 1987 609 2058 singulare
622 1988 721 2044 diuinae
728 1989 862 2061 largitatis
872 1991 920 2045 be·
969 2008 1004 2048 ex
1015 1991 1074 2063 ipsa
1088 1989 1131 2046 sui
1146 1987 1351 2048 constrictione,
1368 1996 1450 2053 quam
1461 1978 1533 2034 sient
1542 1983 1631 2032 statua
1642 1987 1759 2030 marmo-

125 2067 267 2166 Fefiffllffls
280 2088 357 2154 ¹¹}le
368 2092 463 2132 eurtum
474 2079 520 2149 qui
536 2077 570 2133 ad
585 2080 793 2151 gratificandum
818 2083 920 2153 imper·
968 2099 1016 2139 rea
1031 2092 1113 2145 stare,
1134 2086 1244 2150 stupere
1257 2075 1330 2147 quod
1345 2089 1429 2129 unum
1445 2074 1586 2139 supererat
1594 2063 1757 2121 vociferare.

124 2162 178 2240 Q
192 2158 450 2224 d⁰⁰³d⁰¹¹³t⁰s5b¹¹⁸
459 2168 516 2223 ⁵⁰5⁵
525 2169 596 2224 ¹¹¹¹f⁰
610 2168 741 2235 referunt,
756 2170 784 2225 in
799 2172 919 2226 modium
969 2175 1112 2230 blulierum
1127 2178 1218 2226 autem
1232 2176 1308 2225 tanta
1322 2173 1350 2222 et
1365 2173 1421 2219 tam
1434 2157 1616 2218 intolerabilis
1637 2164 1695 2212 crat
1708 2170 1759 2209 an·

125 2248 309 2354 Pf⁰s0ff¹¹lesi
323 2254 470 2326 810tiosam
486 2267 513 2315 et
524 2259 580 2316 Deo
596 2261 706 2334 dignam
717 2271 820 2320 sanctae
838 2265 919 2336 hujus
969 2268 1070 2341 gustia,
1095 2274 1126 2322 ut
1148 2265 1178 2321 in
1206 2262 1397 2320 commistione
1414 2258 1536 2313 virorum
1559 2252 1671 2308 fortium
1685 2253 1759 2306 sicut

124 2340 250 2398 ecclesrae
264 2350 498 2406 consecrationem
522 2353 784 2424 pretiosissimorum
811 2367 920 2414 nostro-
968 2363 1051 2435 praelo
1065 2362 1218 2431 depressae,
1233 2355 1312 2428 quasi
1328 2351 1476 2423 imaginata
1491 2352 1579 2403 morte
1589 2356 1756 2413 exsanguem

123 2445 188 2536 Ψ
204 2433 378 2494 d⁰¹¹¹i¹¹⁰s¹¹¹¹¹
394 2448 422 2496 ⁰¹
440 2446 624 2514 8Ρθῦῑῡῐῡῐιιῐιι
640 2455 797 2504 nostrorum
818 2448 919 2522 Diony·
968 2453 1065 2508 faciem
1087 2449 1250 2521 exprimere,
1277 2461 1353 2501 more
1363 2441 1573 2515 parturientium
1600 2433 1758 2491 terribiliter

123 2538 172 2589 '¹¹’
189 2523 297 2584 Rustici
311 2539 339 2586 ⁰³
365 2531 523 2603 5¹⁰¹¹²¹¹⁰fib
550 2546 577 2594 θῑ
605 2539 721 2602 aliorum
747 2548 917 2605 sanctorum,
967 2545 1149 2608 conclamare,
1166 2541 1257 2613 plures
1271 2553 1367 2595 carum
1378 2533 1572 2591 miserabiliter
1589 2528 1756 2587 decalcatas,

123 2631 243 2688 q¹¹⁰¹¹¹¹¹¹
266 2633 393 2694 IF0¹¹¹P¹⁰
421 2627 565 2684 innitimur
581 2632 744 2701 ΡθῑῐὍθῑῦῑθ,
763 2634 918 2690 sacratissi-
966 2637 1012 2708 pio
1025 2637 1146 2690 virorum
1173 2630 1302 2701 suffragio
1317 2643 1400 2699 super
1413 2626 1502 2695 capita
1517 2611 1658 2678 bominum
1681 2617 1753 2673 eral-

122 2719 198 2810 ’ΜΨ
212 2711 419 2769 translationem
434 2717 468 2772 ad
483 2733 673 2777 successorum
696 2723 821 2778 notitiam
847 2725 917 2796 stylo
965 2735 1048 2791 tatas,
1065 2733 1196 2795 tanquam
1233 2722 1389 2793 pauimento
1416 2716 1586 2772 adhaerentes
1611 2709 1754 2770 incedere,

121 2811 268 2870 ²⁵⁸¹ll¹¹³l0
281 2803 491 2874 elaboravimus,
507 2827 560 2880 qua
576 2811 609 2868 de
622 2829 717 2880 causa,
739 2830 794 2885 quo
809 2816 914 2882 ordino,
965 2817 1066 2871 multas
1081 2816 1164 2870 ctiam
1181 2819 1305 2869 extremo
1322 2809 1504 2879 singultantes
1518 2804 1616 2875 spiritu
1636 2802 1663 2856 in
1677 2805 1758 2871 prato

121 2894 390 2962 qu³m⁵⁰¹⁸m¹¹i²0f2
408 2901 507 2970 quibus
534 2903 616 2957 etlam
646 2907 771 2975 personis
797 2907 916 2976 idipsum
966 2910 1083 2965 fratrum
1106 2907 1214 2962 cunctis
1244 2901 1453 2974 desperantibus
1479 2899 1617 2954 anbelare.
1643 2892 1756 2949 Fratres

121 2988 216 3039 actum
232 2987 269 3043 sit
283 2999 456 3059 reponentes,
475 3005 504 3050 ut
516 3003 543 3051 et
558 2997 657 3052 divinae
666 2999 850 3070 propitiationi
866 3017 916 3072 pro
964 3004 1047 3060 etiam
1085 3000 1203 3072 insignia
1237 2997 1386 3053 Dominieae
1427 2990 1563 3065 passionis
1604 2987 1756 3042 aduentan-

119 3080 201 3131 ΜΟ
215 3093 327 3136 munere
342 3085 512 3156 ⁰⁰¹¹f¹ill¹¹³¹¹8
528 3104 578 3159 pro
599 3103 680 3162 posse
694 3101 789 3148 nostro
814 3094 916 3164 gratia·
964 3097 1038 3151 titum
1059 3100 1238 3164 exponentes,
1261 3104 1357 3146 eorum
1386 3085 1506 3156 angariis
1523 3089 1552 3138 et
1569 3076 1755 3137 contentioni·-

121 3181 185 3223 rum
202 3171 325 3229 actiones
338 3175 500 3244 referamus,
516 3189 543 3236 et
556 3191 714 3238 sanctorum
728 3191 913 3255 protectorum
963 3186 1016 3242 bus
1048 3184 1278 3243 succumbentes,
1313 3179 1389 3234 nullo
1426 3177 1562 3232 divertere
1602 3172 1754 3230 babentes,

118 3266 279 3318 nostrorum
290 3271 345 3320 tam
361 3284 410 3339 pro
421 3270 543 3341 impensa
553 3274 621 3328 tanti
637 3276 728 3346 operis
743 3291 820 3342 cura,
830 3294 912 3349 quam
926 3248 948 3306 c
964 3294 1013 3350 per
1040 3275 1174 3332 fenestras
1197 3289 1259 3329 cum
1285 3271 1409 3342 reliquiis
1432 3267 1571 3323 multoties
1590 3263 1752 3334 effugerunt.

119 3367 172 3423 l¹f⁰
200 3363 282 3412 tantae
303 3360 484 3419 solemnitatis
509 3365 700 3432 adnotatione,
731 3377 913 3442 opportunam
964 3368 1042 3437 Quod
1070 3383 1133 3424 cum
1161 3364 1296 3423 scholaris
1317 3377 1386 3434 puer
1409 3362 1481 3416 inter
1505 3358 1605 3413 fratres
1629 3355 1756 3412 erudirer

118 3442 196 3514 apud
209 3443 295 3546 [letam
310 3449 481 3508 obtineamus
492 3453 726 3512 intercessionem.
963 3461 1206 3528 audiebamertra
1216 3454 1326 3528 juvenis
1353 3453 1489 3516 dolebam,
1509 3457 1633 3505 maturus
1651 3446 1753 3516 corrigi

139 3532 299 3640 'Gloriosus
310 3545 337 3594 et
355 3538 476 3598 famosus
491 3560 539 3600 rer
552 3543 720 3602 Francorum
732 3547 912 3622 [lagobertus.
963 3553 1110 3611 aflectuose
1133 3553 1305 3624 appetebam.
1330 3547 1399 3605 Cum
1418 3553 1508 3602 autem
1522 3543 1625 3615 placuit
1646 3541 1695 3605 illi,
1705 3541 1753 3610 qui

117 3635 228 3732 *ΨΜ
241 3629 269 3684 5¹¹
284 3633 361 3704 'illsti
374 3635 612 3696 ftlfflississftffiffle
625 3643 849 3711 magnanimitate
869 3659 912 3700 ιι-
962 3663 1007 3703 me
1020 3646 1174 3718 segregavit
1190 3660 1224 3701 ex
1243 3651 1321 3698 utero
1340 3632 1437 3695 matris
1447 3651 1524 3702 meae,
1539 3645 1567 3692 et
1580 3635 1689 3691 uocauit
1704 3648 1754 3702 per

117 3735 165 3791 gia
180 3725 357 3795 conspicuus,
374 3728 553 3788 nibilominus
567 3742 656 3788 tamen
671 3733 799 3792 Ecclesiae
813 3735 913 3792 lleide-
962 3739 1078 3811 gratiam
1097 3753 1187 3800 suain,
1203 3735 1309 3790 meritis
1319 3731 1401 3788 etiam
1418 3729 1645 3802 repugnantibus,
1662 3728 1754 3797 parvi-

117 3817 213 3880 rotus,
228 3829 290 3873 cum
307 3817 340 3874 ad
355 3817 543 3878 declinandam
557 3824 698 3898 patrissui
713 3825 844 3886 Clotbarii
855 3828 912 3887 lla-

116 3910 167 3979 gni
185 3911 382 3969 intolerabilem
399 3916 467 3971 iram
478 3917 658 3974 Catulliacum
673 3921 762 3977 vicum
787 3925 911 3995 aufugis-

116 4011 172 4066 set,
190 4009 217 4058 et
233 4013 388 4061 sanctorum
404 4015 554 4080 martyrum
583 4010 683 4067 ibidem
712 4015 910 4084 quiescentium

117 4093 225 4164 effigies
238 4097 409 4153 venerandas
424 4105 553 4169 tanquam
565 4101 764 4170 pulcherrimos
778 4105 852 4161 viros
868 4107 911 4162 ni·

114 4185 178 4240 veis
195 4187 316 4243 restibus
326 4197 450 4260 comptos
466 4192 609 4247 servitium
625 4209 704 4250 suum
722 4199 871 4267 requirere,
883 4207 911 4256 et

961 3839 1047 3891 lateat
1058 3846 1145 3893 meam
1160 3829 1244 3898 hujus
1259 3832 1361 3883 sanctae
1372 3825 1502 3887 Ecclesiae
1516 3832 1600 3885 tantae
1615 3827 1756 3900 praeficere

961 3923 1216 3984 administrationis
1235 3921 1293 3983 sula
1325 3918 1372 3981 bct
1399 3922 1596 3995 omnipotentis
1622 3919 1754 3976 ineffabili

962 4021 1151 4076 misericordia
1165 4017 1285 4090 praefatae
1300 4018 1431 4073 molestia
1445 4012 1621 4077 correctioni,
1642 4019 1754 4068 sancto-

960 4125 1024 4165 rum
1038 4119 1189 4183 martyrum
1199 4109 1372 4164 dominorum
1384 4117 1542 4163 nostrorum
1562 4104 1695 4174 sull'ragio
1707 4117 1754 4158 ra-

961 4209 1037 4273 ptus,
1061 4201 1095 4254 ad
1119 4199 1367 4270 augmentationem
1390 4195 1492 4266 praefati
1504 4196 1558 4251 loci
1571 4201 1628 4251 toto
1647 4193 1750 4254 animo,

101 4277 252 4340 ,auxilium
266 4282 422 4350 promittere
433 4283 623 4342 incunctanter
634 4303 701 4342 voce
713 4297 741 4343 ct
748 4305 829 4360 opere
838 4308 912 4349 eom·
961 4298 1019 4347 tota
1035 4290 1135 4346 mentis
1146 4289 1289 4343 allectione
1304 4287 1458 4342 accelerare
1471 4284 1667 4356 proposuimus
1683 4302 1689 4338 ι
1703 4283 1753 4353 qui

113 4372 255 4468 perisset:
278 4373 421 4429 basilicam
442 4387 601 4433 sanctorum
625 4380 700 4450 regia
723 4383 909 4441 munificentia
961 4399 1114 4455 nunquam,
1130 4382 1153 4438 si
1176 4388 1262 4446 tanta,
1285 4387 1342 4434 tam
1364 4379 1530 4439 necessaria,
1557 4383 1614 4431 tam
1628 4376 1704 4431 utilis
1722 4383 1751 4429 ct

114 4461 282 4566 fabricatum
298 4464 439 4525 irialfectu
452 4470 571 4526 mirabili
585 4472 734 4542 imperauit.
745 4475 830 4542 Quam
846 4494 908 4534 cum
960 4479 1077 4534 honesta
1087 4491 1142 4530 non
1156 4476 1277 4544 erigeret
1297 4470 1500 4542 opportunitas,
1520 4484 1631 4524 maritum
1649 4483 1752 4539 suppo·

112 4555 235 4610 miribca
250 4572 464 4615 marmorearum
482 4563 670 4620 columnarum
684 4569 816 4623 uarietate
832 4585 908 4624 com·
923 4607 945 4662 D
960 4585 1036 4634 nere,
1052 4567 1095 4622 vel
1104 4565 1223 4637 cogitare
1233 4576 1470 4634 praesumeremus.

112 4663 233 4718 ponens,
245 4649 365 4720 copiosis
381 4653 521 4722 purissimi
535 4653 595 4709 auri
608 4664 635 4713 et
650 4657 755 4727 argenti
768 4658 907 4716 thesauris
994 4661 1064 4728 Quria
1071 4660 1154 4730 igitur
1164 4653 1327 4711 inanteriori
1336 4661 1413 4724 parte
1422 4653 1456 4706 ab
1464 4651 1597 4722 Aquilone
1605 4651 1750 4722 principali

112 4743 346 4799 inaestimabiliter
366 4745 568 4816 locupletasset,
596 4747 737 4818 ipsiusque
758 4751 907 4821 parietibus
957 4754 1083 4823 ingressu
1094 4747 1285 4823 principalium
1300 4745 1439 4801 valvarum
1450 4745 1573 4814 porticus
1587 4749 1663 4799 artus
1686 4743 1752 4797 binc

112 4843 145 4890 et
159 4835 296 4893 columnis
306 4843 332 4892 et
348 4837 466 4894 arcttbtts
481 4853 547 4893 auro
564 4846 651 4896 tectas
666 4849 756 4898 uestes
776 4845 908 4914 margari—
957 4853 984 4902 ct
997 4846 1060 4900 inde
1073 4843 1204 4915 gemellis,
1216 4839 1486 4908 necaltis,necaptis
1496 4839 1623 4896 nmltum,
1639 4836 1686 4892 sed
1696 4836 1750 4890 mi-

112 4933 209 4982 tarum
224 4927 405 4984 varietatibus
420 4929 606 5000 multipliciter
615 4944 762 4990 exornatas
776 4936 907 5006 suspendi
956 4931 1342 4996 nantibusruiuann,turribus
1355 4925 1749 5000 angebatur,eainparteinito

114 5017 239 5084 fecisset,
253 5025 387 5089 quatenus
401 5021 516 5077 aliarum
539 5024 717 5080 ecclesiarum
738 5027 907 5084 ornamentis
955 5030 1067 5084 directae
1092 5025 1249 5090 testudinis,
1263 5031 1292 5080 et
1307 5024 1478 5094 geminarum
1490 5022 1609 5076 turrium
1632 5019 1748 5074 robusto

112 5109 273 5182 praecellere
286 5110 435 5177 uideretur,
450 5120 478 5169 et
508 5115 672 5173 omnimodis
700 5117 906 5190 incomparabili
955 5123 1035 5176 ualde
1045 5119 1220 5174 fundamento
1231 5115 1375 5183 materiali,
1387 5113 1578 5169 robustissimo
1589 5115 1680 5166 autem
1691 5110 1748 5179 spi-

112 5204 208 5260 nitore
223 5218 352 5269 vernans,
367 5211 394 5262 et
408 5206 483 5260 omni
497 5212 605 5263 terrena
620 5209 821 5280 pulchritudine
828 5226 905 5268 conr-

111 5306 163 5370 pta
177 5297 361 5352 inaestimabili
373 5297 471 5355 decore
482 5299 692 5370 splendesceret,
705 5303 757 5357 boc
772 5303 859 5358 solum
879 5307 905 5360 ci

111 5388 203 5444 defuit
215 5387 288 5459 quod
303 5404 385 5460 quam
400 5397 538 5460 oporteret
559 5393 771 5465 magnitudinem
787 5410 841 5449 non
857 5396 906 5452 ad-

111 5483 203 5539 misit.
219 5479 279 5536 Non
294 5483 368 5553 quod
383 5483 487 5554 aliquid
511 5485 570 5554 ejus
585 5485 724 5543 deuotioni
750 5494 797 5542 aut
813 5490 906 5544 uoluun-

110 5577 164 5629 tati
179 5575 297 5641 deesset,
307 5575 354 5632 sed
365 5577 438 5647 quod
455 5577 570 5634 forsitan
581 5584 648 5634 tunc
659 5581 791 5652 temporis
806 5581 833 5636 in
845 5583 904 5652 prl-

110 5664 211 5720 ruitira
226 5665 348 5722 Ecclesia
359 5669 433 5723 nulla
449 5668 538 5723 adbuc
552 5676 599 5725 aut
613 5671 711 5739 maior,
728 5679 775 5727 aut
790 5674 903 5744 :equalis

109 5755 256 5825 existeret,
267 5761 391 5832 autquod
403 5761 511 5818 brevior
520 5761 762 5834 fulgurantisauri,
774 5773 800 5821 et
815 5767 904 5838 splen-

108 5849 209 5910 ἀοιοιιι
225 5867 394 5926 gemmarum
409 5851 604 5927 propinquitati
616 5855 794 5913 arridentium
808 5857 901 5913 oculo-

955 5213 1058 5276 rituali,
1074 5213 1107 5268 de
1118 5226 1172 5282 quo
1193 5208 1296 5265 dicitur
1312 5228 1319 5263 ε
1337 5206 1553 5260 Fundamentum
1573 5201 1648 5256 aliud
1671 5217 1747 5256 acmo

955 5314 1040 5376 potest
1054 5319 1147 5373 ponere
1169 5310 1266 5370 preter
1292 5300 1319 5354 id
1332 5297 1402 5370 quod
1418 5299 1532 5367 positum
1548 5303 1598 5356 eat,
1623 5293 1694 5365 quod
1706 5301 1763 5346 est·

954 5395 1077 5450 Gloriatus
1091 5393 1169 5449 lesus
1181 5392 1208 5458 (l
1222 5390 1285 5457 Cor,
1301 5406 1345 5456 ιιι,
1355 5391 1412 5460 tl),
1426 5390 1551 5444 laborare
1564 5397 1676 5442 strenue
1690 5382 1747 5438 Deo

955 5495 1119 5560 cooperante
1127 5487 1301 5555 incoepimus.
1314 5483 1400 5552 Caritas
1410 5481 1594 5538 inaestimabili
1608 5478 1672 5534 freti
1682 5494 1748 5533 eon·

955 5581 1018 5636 silio
1041 5588 1068 5637 et
1092 5577 1273 5650 irrefragabili
1292 5579 1406 5643 auxilio,
1428 5593 1515 5650 usqne
1543 5575 1612 5630 adeo
1627 5575 1747 5629 intanto

954 5671 1545 5745 tamquesumptuosoopereprofecimus,ut
1554 5667 1746 5738 cumprimum

954 5783 1041 5838 panea
1058 5766 1235 5838 expendendo
1246 5767 1371 5831 ,multis,
1385 5765 1483 5822 exinde
1498 5765 1583 5820 murita
1594 5757 1744 5830 explendo,
1789 5813 1792 5821 ,

954 5858 1036 5916 nullis
1069 5859 1181 5915 ommno
1200 5859 1402 5931 indigeremus,
1431 5875 1525 5915 acrium
1552 5855 1635 5913 etiam
1654 5851 1742 5906 abun-
