3967 6334
214 313 268 373 sm
693 304 881 365 cicuitum
901 296 1201 362 cnnrsoronrim
1221 271 1396 353 crisconi
1793 293 1846 348 ssi

213 431 308 492 ritate,
322 425 447 499 pervenit
459 423 630 487 Betbaniam,
649 436 710 493 quae
730 427 773 478 est
793 419 823 476 in
836 425 937 474 'monte
949 414 1008 471 Oli·
1022 419 1045 476 Α
1058 427 1120 467 cum
1135 409 1181 465 illa
1194 423 1303 481 poeuam
1326 406 1394 478 legis
1413 402 1539 475 excipite.
1561 399 1695 459 Puniatur
1708 403 1846 474 pematrix
1885 439 1893 460 ,

211 523 278 579 reti.
294 519 335 576 lle
350 519 460 576 mireris
473 518 498 574 si
511 523 592 572 nocte
604 513 671 570 illuc
684 513 799 578 uenerit,
825 510 851 568 si
863 516 945 566 nocte
957 507 1006 563 Ni·
1057 503 1104 562 sed
1118 519 1174 560 non
1189 519 1205 557 a
1219 498 1476 573 prevaricatoribus
1493 497 1571 569 legis.
1586 495 1655 552 licre
1669 495 1749 567 plena
1762 495 1847 566 justi·

213 609 538 684 oudemopraedicauerit,
550 607 652 678 dequo
665 602 732 661 alibi
746 605 856 676 legitur,
869 603 935 674 quia
946 608 1006 656 erut
1053 598 1105 661 tia,
1121 603 1150 651 ut
1161 595 1254 667 justus
1269 593 1339 647 mala
1354 591 1460 663 puniat.
1477 588 1552 645 licus
1566 589 1690 644 minister
1703 587 1757 643 etsi
1771 588 1848 643 occi·

212 715 370 779 psrnoetuns
393 707 423 758 i'n
446 703 567 758 oratione
590 699 641 756 Dei
663 698 739 771 (Luc.
755 697 804 771 iii),
822 695 903 767 Legis
922 694 1005 750 etiam
1055 690 1103 746 dut
1117 703 1191 752 reos,
1206 694 1365 741 tamennon
1379 682 1471 745 debet,
1486 680 1550 752 quia
1564 695 1628 737 reus
1642 685 1694 736 est.
1801 770 1809 784 ι

214 800 288 871 quod
302 806 367 854 aute
379 797 534 869 passionem
549 791 745 863 Hierosolymis
755 795 865 861 peracta
876 801 966 850 coena,
980 794 1006 840 et
1092 779 1128 834 Et
1142 781 1237 834 iteruin
1252 775 1436 836 reinclinans,
1452 771 1582 827 scribebat
1597 772 1626 826 in
1639 779 1722 876 tenu.
1734 768 1851 876 dudin-

214 891 310 962 hymno
320 889 404 955 dicto,
416 889 479 944 eeiit
492 901 555 942 cum
570 884 713 957 discipulis
728 879 878 938 secundum
893 893 1007 934 cousue-
1055 877 1094 929 tes
1110 881 1197 926 nutem
1211 869 1284 934 lec,
1300 883 1368 923 nnus
1381 875 1439 937 post
1455 881 1535 920 imum
1549 863 1673 929 extimi,
1694 872 1850 932 incipientes

213 983 335 1038 tudinem
351 982 380 1035 in
401 989 516 1034 montem
540 976 636 1034 Olireti
657 974 768 1047 (Metti.
783 972 832 1045 ri).
852 969 1004 1044 [bisinus]
1057 962 1246 1028 useniori'ius,
1260 969 1286 1016 et
1310 960 1437 1014 remansit
1454 957 1528 1014 soliis
1549 955 1639 1022 Jesits,
1663 965 1690 1012 et
1708 955 1810 1011 melier
1823 957 1851 1010 in

213 1074 293 1130 lions
314 1072 429 1138 Oliveti,
455 1070 652 1129 sublimitatem
677 1067 825 1123 iloniiuieie
847 1063 954 1136 pietatis
978 1069 1007 1118 et
1057 1054 1142 1110 medio
1159 1063 1244 1111 stunt.
1502 1138 1538 1152 ..
1615 1139 1622 1152 .
1670 1138 1676 1150 .
1712 1137 1720 1152 υ
1773 1137 1780 1150 1

214 1165 415 1222 misericordie
429 1164 566 1235 deignat,
583 1159 655 1218 uince
669 1161 750 1216 nobis
764 1159 895 1222 etruscus,
912 1156 940 1212 iu
951 1163 1005 1224 est,
1091 1142 1439 1208 neminemneminer
1454 1137 1852 1242 abiliisqmsuquunmu.
1957 1159 1958 1166 κ

214 1259 313 1313 unctio
326 1273 381 1330 qua
394 1257 534 1328 ungimur,
549 1260 580 1309 ut
594 1260 691 1310 contra
705 1252 845 1308 diabolum
860 1248 1005 1304 luctemur.
1056 1245 1123 1295 nent
1140 1253 1203 1293 etim
1229 1251 1273 1299 co.
1296 1236 1324 1290 in
1347 1233 1438 1290 medio
1452 1248 1569 1305 quorum
1584 1237 1639 1288 stat
1653 1230 1765 1287 mulier.
1790 1229 1853 1287 ideo

213 1349 296 1406 Eleos
309 1348 404 1405 Grece
417 1347 615 1411 misericordia,
632 1346 762 1400 olivetum
776 1349 891 1399 uocatur
906 1342 1005 1404 oleon,
1058 1329 1158 1386 iterum
1174 1328 1285 1398 scripsit
1300 1325 1417 1382 interra
1431 1341 1463 1381 er
1481 1337 1557 1379 more
1574 1321 1788 1378 consuetudinis
1800 1321 1851 1376 lui·

214 1449 243 1498 et
261 1442 355 1496 unctio
372 1440 426 1495 olei
447 1439 530 1496 lessis
550 1445 577 1493 et
598 1436 755 1492 dolentibus
775 1433 906 1490 membris
929 1431 1007 1488 affert
1057 1437 1156 1488 manae,
1179 1422 1284 1477 tultum
1308 1419 1363 1476 a¹5⁰
1384 1425 1504 1484 vertens,
1520 1424 1550 1472 m
1565 1417 1619 1472 illis
1639 1415 1759 1472 liberum
1779 1422 1854 1472 esset

214 1533 348 1590 levamen.
363 1532 458 1589 Oleum
479 1531 635 1603 praeminet
656 1537 683 1585 et
706 1529 851 1585 confestim
864 1535 1007 1583 transcen·
1038 1515 1143 1580 exire,
1159 1528 1228 1584 ‘1⁰0⁵
1240 1509 1408 1584 previdebat
1421 1509 1504 1565 citius
1521 1507 1659 1572 θῐῑῑΰῐθθι
1675 1520 1759 1610 illan}
1771 1503 1854 1576 l)lun

214 1624 265 1690 dit,
280 1639 472 1696 quemcunque
489 1624 515 1676 ir
528 1637 623 1678 uorem
646 1622 672 1678 ei
696 1619 891 1692 superfundas,
911 1618 1007 1675 suauis
1058 1608 1286 1677 interrogaturos,
1309 1603 1416 1659 drerso
1436 1603 1528 1674 itaque
1547 1600 1635 1664 uultu,
1652 1614 1709 1654 non
1723 1599 1856 1671 dignatur

214 1723 306 1772 auteur
327 1722 371 1772 est
389 1714 519 1769 Drm'nus
541 1714 682 1780 cridiensis,
707 1722 732 1768 et
750 1712 931 1768 miserationes
950 1710 1008 1780 ejus
1058 1700 1191 1755 cadentes
1205 1697 1353 1769 respicere,
1374 1695 1422 1750 sed
1438 1694 1485 1750 dit
1498 1694 1587 1749 l⁰ttlm
1600 1691 1732 1764 fugiendi.

213 1824 292 1879 super
305 1810 394 1863 omniu
405 1825 485 1878 opera
501 1809 560 1878 eju,
578 1806 665 1877 (peut,
684 1805 787 1879 cmv),
803 1805 922 1876 Tempus
935 1803 1007 1858 driu.
1023 1777 1045 1832 Β
1094 1790 1207 1863 Eriqens
1220 1785 1447 1852 recensuisses,
1461 1785 1530 1840 dixit
1543 1785 1588 1841 ei:
1605 1783 1633 1839 ll
1637 1785 1714 1849 ulier,
1730 1781 1778 1838 ubi
1795 1791 1856 1837 sunt

214 1898 284 1964 culi,
302 1898 472 1953 dmonstrat
486 1897 575 1952 lucem
590 1896 730 1967 Evangelii
743 1899 878 1958 exortam,
903 1901 1007 1948 remota
1059 1883 1104 1953 ‘tut'
1112 1891 1135 1936 te
1148 1878 1331 1935 accusabant?
1344 1876 1428 1932 Nemo
1439 1886 1464 1931 tr
1473 1875 1674 1932 condemnauit?
1684 1874 1751 1942 Qun
1762 1873 1836 1928 dicit
1849 1895 1855 1930 :

213 1989 314 2046 umbra
332 1990 411 2060 legis.
427 1987 557 2056 Quotidie
576 1989 605 2043 in
626 1988 731 2058 templo
755 1987 796 2042 sol
810 1985 925 2056 justitiae
937 1984 1009 2040 dilu-
1061 1971 1157 2038 Nemi),
1168 1971 1288 2026 thtit‘tt·
1307 1968 1384 2052 Dixit
1402 1977 1490 2023 artem
1506 1965 1669 2022 lestttltec
1686 1983 1734 2040 eeo
1750 1975 1775 2020 te
1795 1981 1859 2020 eusi-

213 2083 278 2140 ciilo
290 2083 388 2146 oritur,
404 2098 467 2138 eum
482 2088 641 2153 peccatores
655 2079 689 2134 ud
704 2095 734 2136 se
747 2079 888 2135 uenientes
900 2077 1010 2134 miseri·
1060 2063 1199 2128 delituit,
1213 2062 1288 2127 uude,
1300 2071 1325 2116 θ’
1335 2061 1395 2131 juin
1409 2061 1522 2130 “millii
1536 2058 1591 2114 ΜΗ
1600 2074 1715 2129 imit·
1959 2145 1960 2152 ἵ

213 2173 558 2246 corditerSpiritussancti
567 2173 751 2230 illustratione
760 2171 902 2227 clarificat.
915 2168 1009 2228 Sessio
1095 2155 1210 2214 Erectus
1222 2155 1300 2227 prius
1316 2153 1459 2224 ῑῐὶὶΰᾶῑθῑθ
1468 2152 1593 2224 iustltlaei
1607 2161 1716 2208 eiectus
1727 2151 1798 2206 item
1812 2148 1858 2202 dit
1959 2157 1960 2160 ’

213 2275 257 2324 est
271 2267 411 2322 humilitas
425 2266 633 2331 incarnationis,
650 2280 705 2336 qua
718 2264 864 2320 miseretur
877 2270 904 2318 et
917 2263 1007 2319 docet.
1061 2249 1225 2310 simitillani
1240 2245 1448 2310 misericordius,
1459 2245 1524 2317 ttulit
1539 2245 1591 2300 hoc
1605 2253 1752 2316 utrumque
1763 2243 1859 2298 iacere
1961 2283 1962 2288 1

501 2355 617 2416 CAPUT
643 2355 725 2414 cxx.
1060 2353 1102 2402 est
1109 2344 1207 2399 divine
1221 2341 1358 2413 potentiae.
1374 2339 1444 2406 Quia
1460 2338 1559 2393 mulier
1572 2345 1679 2408 poterat
1693 2338 1808 2398 timere,
1825 2351 1859 2390 ne

250 2448 495 2504 Adducuntuntem
515 2448 658 2505 Scriberet
679 2447 811 2502 Plierisei
832 2447 968 2502 mulierem
981 2448 1011 2502 in
1061 2437 1172 2509 insequi
1183 2436 1242 2492 Sine
1251 2440 1364 2505 littam
1374 2438 1427 2496 θδῑ»
1437 2445 1496 2486 eim
1508 2428 1708 2500 Ρῦῐῑῑῐθῑῑᾶὶῦίῑ
1716 2427 1755 2492 tl·
1765 2433 1802 2481 ut
1812 2427 1860 2481 11ῑί-

216 2541 347 2597 adulterio
364 2542 564 2611 deprehensum,
587 2551 613 2598 et
626 2550 777 2596 statuerunt
796 2557 855 2595 eum
869 2541 897 2594 iri
911 2540 1008 2606 niedio,
1061 2531 1179 2586 Stilwls
1197 2527 1334 2600 plaettllti
1346 2525 1498 2587 dimittens,
1514 2539 1560 2577 ΜΟ
1569 2538 1615 2594 ⁶9⁰
1626 2531 1649 2576 tt
1661 2517 1856 2583 “intimitatis

215 2642 241 2688 et
254 2634 379 2688 dicerunt
399 2636 425 2689 ei
442 2650 452 2688 .·
471 2633 611 2706 dluqister,
636 2633 692 2688 liure
713 2632 808 2687 mulier
827 2630 904 2686 niodo
919 2631 1010 2701 depre·
1061 2619 1203 2689 illicitus,
1226 2632 1260 2672 ne
1286 2613 1404 2686 amplius
1425 2619 1518 2684 peccet
1538 2609 1715 2714 interdicens,
1737 2605 1859 2711 Propter

215 2725 352 2783 bessem
369 2728 392 2782 'n
415 2727 557 2784 adulterio.
581 2726 615 2782 ln
637 2728 693 2798 ispe
712 2736 800 2781 cutem
814 2725 919 2797 Moyses
934 2743 1011 2779 meu·
1061 2711 1122 2766 ”¹⁰⁵
1134 2708 1182 2780 qui
1201 2707 1357 2777 desieritis
1369 2703 1512 2776 llf⁰ll⁰⁵¹¹l²
1528 2702 1662 2806 ⁰⁰¹J¹l¹J¹¹⁸
1676 2700 1859 2803 ¹⁰d⁰¹8⁰¹flt²

216 2818 365 2874 deeitnobi
392 2819 545 2889 liujusrriodi'
559 2820 688 2890 tepidare.
714 2819 736 2874 T
738 2837 755 2874 u
768 2835 828 2890 erpo
844 2816 907 2890 quid
922 2816 1011 2874 dieis?
1060 2809 1169 2873 ll⁰l¹¹¹¹ll
1187 2806 1300 2871 propter
1314 2797 1376 2851 ffl⁰⁵
1389 2795 1437 2866 ‘1¹¹1
1457 2809 1505 2896 spe
1525 2793 1715 2896 demittuntur
1731 2801 1760 2848 ss
1780 2791 1859 2846 0¹¹¹·

217 2909 285 2966 llice
298 2921 388 2967 eutem
405 2910 527 2968 dicebant
546 2921 676 2968 tentantes
695 2929 764 2979 esni,
783 2920 813 2965 iit
831 2920 936 2980 possent
950 2926 1010 2966 euni
1060 2891 1182 2949 ¹l⁰ss²b¹¹⁵
1192 2889 1355 2955 lllttdtlssffll·
1367 2885 1432 2942 stell
1446 2885 1519 2941 diem
1534 2893 1631 2940 mortis
1646 2889 1797 2940 intertum·

218 3020 356 3060 musore.
1340 2999 1454 3058 CAPUT
1480 2997 1574 3057 cxxi.

252 3093 399 3170 [Aeonem]
414 3096 552 3153 Putabam
572 3095 718 3153 Dominum
739 3097 782 3154 rel
803 3097 1010 3155 misericordem
1303 3129 1330 3218 qq
1402 3109 1450 3160 aot
1488 3127 1518 3216 L
1560 3107 1607 3159 tto

217 3185 342 3242 luterum
356 3187 385 3242 in
404 3187 566 3258 judicando,
585 3189 628 3244 rel
650 3188 792 3258 injustum.
816 3188 845 3244 Si
859 3191 1010 3246 secundum
1354 3192 1366 3217 ⁴
1414 3187 1439 3224 Ἦ
1527 3189 1539 3215 ’

217 3279 303 3351 legem
317 3279 486 3336 discerneret
499 3280 571 3336 banc
584 3296 645 3338 esso
657 3281 842 3351 lapidandam,
855 3283 1010 3339 deriderent
1097 3281 1177 3338 lione
1193 3291 1280 3338 antem
1294 3290 1425 3336 reserrens
1439 3280 1467 3333 i'ri
1487 3279 1630 3342 ciuitatem,
1645 3277 1749 3332 esuriit.
1764 3272 1801 3331 m
1818 3277 1857 3332 ei-

217 3372 299 3442 quasi
311 3387 367 3426 non
385 3372 530 3428 habentem
549 3374 786 3430 monsuetudinem
809 3392 890 3446 quam
912 3379 1010 3448 pucui-
1036 3395 1044 3424 i
1061 3375 1182 3446 densiter·
1197 3375 1317 3430 uriorein
1330 3389 1411 3428 innui
1427 3373 1590 3436 seeusoiiim,
1606 3371 1674 3426 uenit
1687 3367 1722 3424 ud
1742 3385 1817 3436 eain,
1829 3380 1855 3426 et

217 3465 307 3526 cubat,
323 3480 374 3536 pro
387 3481 442 3535 qua
462 3467 580 3536 populus
601 3481 665 3521 curii
684 3467 823 3537 diligebat.
845 3468 873 3524 Si
888 3470 1010 3541 lapidare
1061 3468 1127 3524 niliil
1142 3469 1239 3524 inuenit
1257 3470 1284 3522 iii
1295 3483 1327 3523 eii
1345 3467 1397 3521 nisi
1412 3465 1479 3536 solie
1498 3472 1611 3518 tentum.
1629 3459 1757 3517 Nondum
1783 3463 1854 3518 eriis

217 3562 333 3621 uetaret,
350 3556 378 3611 iii
392 3557 445 3611 boc
456 3557 582 3613 dicerent
594 3558 702 3614 bostem
717 3559 786 3631 legis
799 3566 827 3616 et
840 3563 1009 3618 contrarium
1060 3571 1118 3617 erut
1131 3575 1231 3630 tempus
1245 3562 1365 3631 ficorum.
1381 3559 1416 3615 Et
1428 3561 1467 3613 uit
1481 3558 1523 3613 illi
1536 3574 1545 3612 :
1560 3555 1704 3629 Nunquam
1713 3571 1748 3612 ex
1759 3565 1786 3612 te
1795 3557 1855 3626 {rs-

217 3645 315 3719 ltors'i,
330 3649 386 3703 imo
401 3647 457 3705 lieo
470 3649 588 3716 auctori,
601 3657 629 3706 ct
642 3649 704 3707 ideo
718 3667 781 3708 cum
795 3652 918 3709 adultera
931 3671 1008 3711 rcum
1061 3664 1117 3710 ctus
1133 3665 1259 3710 nascetur
1273 3656 1301 3709 in
1316 3655 1511 3724 sempiternum.
1529 3649 1563 3706 Et
1577 3651 1697 3721 creseere
1714 3659 1755 3706 est
1769 3651 1857 3706 conti-

217 3741 326 3798 mortis.
671 3787 674 3792 .
1061 3765 1112 3803 iruo
1123 3749 1246 3818 liculnea.
1265 3745 1301 3802 Et
1319 3745 1434 3802 uidentes
1456 3743 1590 3816 discipuli,
1610 3744 1701 3800 mirati
1719 3751 1796 3808 sunt,
1811 3743 1855 3797 di·

252 3830 332 3887 Jesiis
345 3842 434 3888 nutem
448 3835 580 3890 inclineris
596 3852 623 3890 se
636 3834 867 3908 deserendique
880 3837 1010 3894 seniebat
1061 3852 1146 3896 centes
1158 3839 1316 3907 :Quomodo
1327 3840 1453 3894 continno
1466 3837 1557 3894 uruit?

218 3923 246 3977 iii
268 3933 350 3980 terre.
378 3924 446 3981 Cum
479 3937 567 3982 ruteni
597 3939 791 3998 perseuerarent
818 3932 1009 4002 intercipientes
1098 3931 1237 4006 [Hieron]
1262 3930 1482 3987 Praetermissum
1498 3937 1557 3984 erat
1581 3926 1647 3998 quid
1669 3923 1805 3982 Dominus
1825 3927 1855 3982 in

217 4033 297 4084 euin,
323 4019 405 4073 erexit
422 4037 468 4085 se,
484 4029 510 4076 et
528 4021 597 4075 dicit
613 4023 651 4076 eis
669 4037 679 4075 .·
704 4022 758 4089 Qui
773 4023 829 4078 sine
848 4033 953 4091 peceato
969 4033 1009 4079 est
1062 4025 1159 4081 itinere
1173 4023 1267 4081 iecerit
1284 4037 1363 4078 mene
1376 4031 1517 4078 reuertens
1532 4020 1560 4075 in
1574 4019 1723 4083 civitatem,
1739 4017 1791 4074 sed
1807 4018 1854 4073 hic

217 4117 344 4172 metrum,
361 4110 462 4178 primus
476 4111 503 4165 in
516 4111 591 4166 illem
606 4112 720 4184 lapidem
731 4114 831 4168 mittet.
1061 4115 1207 4174 recolendo
1222 4115 1345 4187 ponitur.
1360 4113 1492 4170 Esuriens
1504 4113 1580 4168 venit
1594 4111 1628 4166 ad
1644 4110 1735 4174 ticum,
1752 4109 1854 4166 sitiens

256 4198 347 4270 bique
361 4199 409 4256 Dei
423 4203 467 4257 lex
488 4204 592 4274 scripta
613 4212 665 4271 cst,
687 4203 735 4260 sed
757 4205 965 4276 propterduros
980 4204 1009 4260 in
1061 4217 1172 4268 uenerat
1194 4210 1229 4264 uil
1253 4217 1376 4280 puteum,
1401 4207 1544 4262 ueritatem
1566 4205 1693 4260 humane
1707 4204 1800 4261 earnis
1822 4205 1853 4260 iii

217 4291 317 4364 lapide.
340 4294 419 4351 Nunc
433 4297 491 4368 ipse
506 4298 646 4368 legislator
661 4300 695 4355 de
710 4299 775 4356 sede
788 4298 879 4357 Patris
893 4300 1010 4355 inclina·
1061 4310 1177 4373 utroque
1193 4301 1351 4364 ostendens,
1371 4299 1508 4370 simulque
1522 4297 1677 4368 insinuans,
1687 4297 1751 4368 quis
1774 4299 1850 4354 salu·

216 4391 263 4442 tus
277 4387 305 4441 in
318 4389 460 4454 mundum,
483 4390 517 4446 ud
531 4391 689 4448 reclinanda
711 4399 823 4463 peccem
836 4392 948 4447 liumani
963 4408 1010 4463 ge·
1060 4403 1116 4451 teni
1127 4395 1268 4450 bominum
1279 4393 1429 4458 esuriebat,
1449 4401 1477 4449 et
1491 4391 1570 4448 tidem
1586 4389 1716 4448 Ecclesiae
1729 4391 1849 4456 sitiebat,

217 4480 303 4543 neris,
317 4483 346 4535 in
367 4489 442 4537 terra
461 4485 609 4549 scribebat,
631 4486 695 4556 quin
717 4485 838 4540 fructum
858 4486 1005 4556 querebat.
1023 4493 1179 4552 nestuans
1191 4488 1225 4542 sd
1239 4485 1459 4542 incredulitatem
1474 4482 1592 4540 israelis.
1606 4483 1747 4540 Arborest
1762 4483 1851 4558 Syna·

217 4569 319 4626 Exorat
341 4573 464 4641 quotidie
483 4583 586 4630 terrum
608 4576 704 4646 digito,
729 4591 793 4630 cum
816 4577 902 4646 tangit
923 4576 1007 4631 corda
1058 4596 1137 4654 gogo,
1161 4594 1222 4650 quic
1243 4587 1301 4635 erat
1321 4578 1399 4649 juxta
1413 4577 1506 4632 riam:
1523 4576 1610 4649 legem
1632 4577 1707 4632 enim
1721 4577 1847 4634 babebat.

216 4660 388 4715 audientium
413 4661 516 4732 Spiritu
537 4672 642 4719 sancto.
675 4662 819 4737 [deorse]
854 4663 1005 4735 Amplius:
1057 4673 1133 4730 Folia
1146 4681 1210 4730 sunt
1224 4672 1357 4744 strepitus
1368 4670 1550 4726 traditionum
1568 4669 1802 4732 Pharisaicarum,
1818 4681 1848 4726 et

217 4749 356 4808 &eiiciet
369 4754 397 4807 in
412 4764 501 4818 terre,
518 4762 649 4827 tanquam
662 4765 837 4813 accusatores
847 4757 1008 4815 scribendos
1055 4766 1170 4838 jactatio
1187 4764 1256 4836 legis
1270 4773 1297 4820 et
1310 4772 1425 4819 ornatus
1438 4763 1595 4821 uerborum.
1615 4761 1709 4820 Potuit
1723 4763 1848 4820 Salvator

218 4843 247 4900 in
261 4849 335 4900 terra
349 4845 526 4915 signiticaret,
542 4864 594 4903 nos
606 4855 696 4904 autem
711 4850 739 4903 in
754 4850 834 4904 eoelo.
847 4848 950 4919 Cupitis
965 4849 1008 4904 in·
1057 4858 1152 4915 eudem
1163 4857 1263 4912 uirtute
1275 4871 1329 4927 qua
1344 4857 1470 4912 arborem
1484 4855 1607 4923 siccavit,
1623 4857 1706 4912 etiarn
1721 4856 1845 4916 inimicos

217 4937 331 4992 clinatio
357 4938 539 4996 bumilitatem
567 4939 747 4997 demonstrat.
770 4940 920 5015 [dusinus]
942 4941 1009 4997 Am·
1057 4965 1123 5007 uuus
1141 4950 1256 5014 siccare,
1272 4948 1325 5005 nisi
1344 4955 1516 5020 exspectaret
1526 4948 1728 5020 poenitentiam.
1751 4947 1843 5021 [iliu.

217 5031 312 5102 plius:
329 5029 382 5088 Por
405 5031 520 5103 digitum
542 5034 589 5104 qui
611 5035 787 5090 articulorum
809 5035 1009 5106 compositione
1057 5039 1142 5113 iiius]
1166 5039 1289 5110 Amplius
1305 5036 1414 5094 :tibur
1433 5037 1477 5094 ilci
1502 5044 1545 5094 est
1560 5036 1714 5111 synagoga,
1736 5045 1845 5111 propter

217 5121 345 5180 liexibilis
360 5124 412 5190 dst,
427 5125 565 5181 subtilitas
579 5125 754 5183 discretionis
766 5128 943 5206 exprimitur;
959 5141 1009 5198 per
1058 5131 1264 5187 similitudinem
1279 5131 1426 5186 multorum
1447 5141 1612 5202 granorum
1635 5147 1712 5186 secus
1725 5131 1802 5194 duni,
1813 5127 1842 5186 id

219 5219 330 5276 termut,
346 5232 395 5270 cnr
416 5218 566 5272 humanum
581 5216 655 5289 quod
674 5217 780 5274 fructus
794 5217 908 5274 reddere
926 5217 1006 5273 solet.
1057 5233 1109 5291 051,
1122 5225 1201 5295 jugia
1216 5225 1358 5280 munuum,
1373 5223 1437 5280 ideo
1451 5221 1579 5280 christus
1592 5225 1621 5280 iu
1633 5221 1775 5296 synagoga
1786 5222 1842 5278 iru-

220 5304 363 5382 {deense}
373 5307 445 5381 Ergo
454 5317 600 5382 antequam
614 5310 731 5382 aliquem
741 5309 932 5381 dijudicemus,
941 5325 1008 5365 con·
1057 5323 1131 5372 ctum
1147 5333 1204 5372 non
1216 5316 1329 5382 inuenit,
1341 5316 1404 5388 qnia
1417 5316 1567 5372 secundum
1578 5315 1712 5371 mundum
1726 5315 1837 5380 rirebut,

219 5400 361 5457 scientiam
375 5410 497 5458 nostrum
511 5403 663 5470 rideamus,
679 5411 707 5459 et
717 5403 791 5474 justa
806 5403 1008 5459 examinatione
1056 5413 1105 5484 qui
1129 5411 1283 5467 eommunis
1307 5393 1440 5467 transitus
1456 5419 1499 5467 est
1516 5411 1641 5466 omnium
1660 5409 1837 5468 nascendum.

218 5491 391 5560 dirimamus,
413 5496 487 5552 unde
505 5496 561 5552 illis
579 5494 669 5553 dicit:
696 5496 749 5563 Qui
767 5497 824 5552 sine
844 5505 948 5566 percute
966 5503 1008 5551 est
1058 5499 1224 5576 [uicinius]
1235 5498 1333 5556 Arbori
1344 5500 1387 5556 tici
1398 5499 1448 5558 llos
1459 5502 1564 5572 primus
1580 5501 1609 5556 in
1621 5501 1712 5574 pomis
1720 5507 1773 5567 est,
1782 5515 1839 5572 qua

218 5595 350 5654 earnm,
375 5589 403 5644 iri
428 5591 508 5645 illum
530 5588 645 5660 lapidem
667 5591 767 5645 mittut.
791 5591 878 5657 Quasi
902 5589 1005 5648 dicat:
1057 5592 1238 5648 communiter
1261 5606 1357 5662 grossa
1379 5598 1583 5663 nuncupantur.
1607 5589 1707 5648 Postea
1731 5591 1838 5646 inies:

216 5676 357 5736 Ascendat
366 5683 556 5754 unusquisque
569 5683 690 5738 tribunal
704 5682 803 5739 mentis
818 5697 885 5748 sue,
896 5689 924 5738 et
934 5683 1009 5738 inre·
1057 5683 1337 5742 fecunditatisiirtute
1347 5685 1523 5751 exuberante,
1532 5683 1837 5755 eiusccmtonuepoui

217 5773 320 5834 nesse
337 5783 520 5848 peccatmem.
542 5775 614 5851 Ergo
637 5783 685 5834 aut
704 5778 785 5836 istam
806 5777 942 5845 dimittite,
959 5785 1006 5836 aut
1057 5782 1249 5852 prorumpunt,
1274 5781 1301 5832 et
1324 5775 1466 5849 usquead
1495 5773 1681 5834 maturitatem
1703 5773 1836 5830 fructuum
