<?xml version="1.0" encoding="UTF-8"?>
<!DOCTYPE html PUBLIC "-//W3C//DTD XHTML 1.0 Transitional//EN"
    "http://www.w3.org/TR/xhtml1/DTD/xhtml1-transitional.dtd">
<html xmlns="http://www.w3.org/1999/xhtml" xml:lang="en" lang="en">
 <head>
  <title>
</title>
<meta http-equiv="Content-Type" content="text/html;charset=utf-8" />
  <meta name='ocr-system' content='tesseract 3.04.00' />
  <meta name='ocr-capabilities' content='ocr_page ocr_carea ocr_par ocr_line ocrx_word'/>
</head>
<body>
  <div class='ocr_page' id='page_1' title='image "./patrologiaecurs141migngoog/patrologiaecurs141migngoog_0195.png"; bbox 0 0 3967 6334; ppageno 0'>
   <div class='ocr_carea' id='block_1_1' title="bbox 159 219 1805 338">
    <p class='ocr_par' dir='ltr' id='par_1_1' title="bbox 159 219 1805 338">
     <span class='ocr_line' id='line_1_1' title="bbox 159 219 1805 338; baseline -0.001 -15"><span class='ocrx_word' id='word_1_1' title='bbox 159 265 213 323; x_wconf 62' lang='lat' dir='ltr'><strong>bil</strong></span> <span class='ocrx_word' id='word_1_2' title='bbox 620 262 654 320; x_wconf 78' lang='lat' dir='ltr'><strong>td</strong></span> <span class='ocrx_word' id='word_1_3' title='bbox 673 265 771 324; x_wconf 76' lang='lat' dir='ltr'><strong>bault</strong></span> <span class='ocrx_word' id='word_1_4' title='bbox 790 268 838 324; x_wconf 78' lang='lat' dir='ltr'><strong>Ex</strong></span> <span class='ocrx_word' id='word_1_5' title='bbox 856 268 1024 338; x_wconf 75' lang='lat' dir='ltr'>QUATUOR</span> <span class='ocrx_word' id='word_1_6' title='bbox 1044 267 1145 326; x_wconf 77' lang='lat' dir='ltr'><strong>aluta</strong></span> <span class='ocrx_word' id='word_1_7' title='bbox 1164 219 1326 324; x_wconf 64' lang='lat' dir='ltr'><strong>atttm&#39;tts.</strong></span> <span class='ocrx_word' id='word_1_8' title='bbox 1751 267 1805 324; x_wconf 73' lang='lat'><strong>382</strong></span> 
     </span>
    </p>
   </div>
   <div class='ocr_carea' id='block_1_2' title="bbox 160 379 992 460">
    <p class='ocr_par' dir='ltr' id='par_1_2' title="bbox 160 379 992 460">
     <span class='ocr_line' id='line_1_2' title="bbox 160 379 992 460; baseline 0.012 -26"><span class='ocrx_word' id='word_1_9' title='bbox 160 379 362 450; x_wconf 72' lang='lat' dir='ltr'><strong>provebuntur.</strong></span> <span class='ocrx_word' id='word_1_10' title='bbox 379 379 485 447; x_wconf 80' lang='lat' dir='ltr'><strong>Quibus</strong></span> <span class='ocrx_word' id='word_1_11' title='bbox 499 385 753 455; x_wconf 89' lang='lat' dir='ltr'><strong>prorumpentibus,</strong></span> <span class='ocrx_word' id='word_1_12' title='bbox 770 389 862 460; x_wconf 90' lang='lat' dir='ltr'><strong>priora</strong></span> <span class='ocrx_word' id='word_1_13' title='bbox 877 390 954 446; x_wconf 88' lang='lat' dir='ltr'><strong>deci·</strong></span> <span class='ocrx_word' id='word_1_14' title='bbox 969 395 992 454; x_wconf 74' lang='lat' dir='ltr'>A</span> 
     </span>
    </p>
   </div>
   <div class='ocr_carea' id='block_1_3' title="bbox 155 471 955 918">
    <p class='ocr_par' dir='ltr' id='par_1_3' title="bbox 155 471 955 918">
     <span class='ocr_line' id='line_1_3' title="bbox 158 471 951 548; baseline 0.015 -22"><span class='ocrx_word' id='word_1_15' title='bbox 158 471 240 537; x_wconf 86' lang='lat' dir='ltr'><strong>dant,</strong></span> <span class='ocrx_word' id='word_1_16' title='bbox 257 472 356 528; x_wconf 88' lang='lat' dir='ltr'><strong>solutis</strong></span> <span class='ocrx_word' id='word_1_17' title='bbox 373 487 469 528; x_wconf 90' lang='lat' dir='ltr'><strong>eorum</strong></span> <span class='ocrx_word' id='word_1_18' title='bbox 491 473 644 534; x_wconf 86' lang='lat' dir='ltr'><strong>radicibus.</strong></span> <span class='ocrx_word' id='word_1_19' title='bbox 658 476 687 533; x_wconf 85' lang='lat' dir='ltr'><strong>st</strong></span> <span class='ocrx_word' id='word_1_20' title='bbox 705 487 798 537; x_wconf 90' lang='lat' dir='ltr'><strong>tamea</strong></span> <span class='ocrx_word' id='word_1_21' title='bbox 811 482 951 548; x_wconf 88' lang='lat' dir='ltr'><strong>inciderit,</strong></span> 
     </span>
     <span class='ocr_line' id='line_1_4' title="bbox 158 562 952 635; baseline 0.018 -18"><span class='ocrx_word' id='word_1_22' title='bbox 158 562 307 620; x_wconf 78' lang='lat' dir='ltr'><strong>assisina</strong></span> <span class='ocrx_word' id='word_1_23' title='bbox 322 565 492 635; x_wconf 77' lang='lat' dir='ltr'><strong>virgularum</strong></span> <span class='ocrx_word' id='word_1_24' title='bbox 506 565 653 635; x_wconf 78' lang='lat' dir='ltr'><strong>haerentes,</strong></span> <span class='ocrx_word' id='word_1_25' title='bbox 669 586 726 626; x_wconf 91' lang='lat' dir='ltr'><strong>noa</strong></span> <span class='ocrx_word' id='word_1_26' title='bbox 741 572 868 629; x_wconf 90' lang='lat' dir='ltr'><strong>decidant</strong></span> <span class='ocrx_word' id='word_1_27' title='bbox 878 591 894 630; x_wconf 89' lang='lat' dir='ltr'><strong>a</strong></span> <span class='ocrx_word' id='word_1_28' title='bbox 905 591 952 631; x_wconf 88' lang='lat' dir='ltr'><strong>ra-</strong></span> 
     </span>
     <span class='ocr_line' id='line_1_5' title="bbox 157 654 955 739; baseline 0.018 -30"><span class='ocrx_word' id='word_1_29' title='bbox 157 654 279 721; x_wconf 90' lang='lat' dir='ltr'><strong>dicibus,</strong></span> <span class='ocrx_word' id='word_1_30' title='bbox 294 671 376 727; x_wconf 90' lang='lat' dir='ltr'><strong>poma</strong></span> <span class='ocrx_word' id='word_1_31' title='bbox 389 665 488 712; x_wconf 61' lang='lat' dir='ltr'><strong>uetera</strong></span> <span class='ocrx_word' id='word_1_32' title='bbox 502 659 660 718; x_wconf 89' lang='lat' dir='ltr'><strong>maturitate</strong></span> <span class='ocrx_word' id='word_1_33' title='bbox 675 664 854 734; x_wconf 84' lang='lat' dir='ltr'><strong>praeveniunt.</strong></span> <span class='ocrx_word' id='word_1_34' title='bbox 869 664 955 739; x_wconf 88' lang='lat' dir='ltr'><strong>igitur</strong></span> 
     </span>
     <span class='ocr_line' id='line_1_6' title="bbox 155 747 952 822; baseline 0.019 -22"><span class='ocrx_word' id='word_1_35' title='bbox 155 748 272 818; x_wconf 89' lang='lat' dir='ltr'><strong>propria</strong></span> <span class='ocrx_word' id='word_1_36' title='bbox 299 755 343 806; x_wconf 89' lang='lat' dir='ltr'><strong>est</strong></span> <span class='ocrx_word' id='word_1_37' title='bbox 369 747 520 822; x_wconf 78' lang='lat' dir='ltr'><strong>synagogae</strong></span> <span class='ocrx_word' id='word_1_38' title='bbox 549 751 712 811; x_wconf 83' lang='lat' dir='ltr'><strong>similitudo.</strong></span> <span class='ocrx_word' id='word_1_39' title='bbox 743 755 852 814; x_wconf 88' lang='lat' dir='ltr'><strong>Primos</strong></span> <span class='ocrx_word' id='word_1_40' title='bbox 875 759 952 815; x_wconf 88' lang='lat' dir='ltr'><strong>enim</strong></span> 
     </span>
     <span class='ocr_line' id='line_1_7' title="bbox 155 838 953 918; baseline 0.015 -25"><span class='ocrx_word' id='word_1_41' title='bbox 155 838 267 896; x_wconf 77' lang='lat' dir='ltr'><strong>tructas</strong></span> <span class='ocrx_word' id='word_1_42' title='bbox 277 854 348 910; x_wconf 85' lang='lat' dir='ltr'><strong>quos</strong></span> <span class='ocrx_word' id='word_1_43' title='bbox 360 839 518 896; x_wconf 87' lang='lat' dir='ltr'><strong>abeaordio</strong></span> <span class='ocrx_word' id='word_1_44' title='bbox 532 844 695 914; x_wconf 80' lang='lat' dir='ltr'><strong>protulerat,</strong></span> <span class='ocrx_word' id='word_1_45' title='bbox 708 861 868 918; x_wconf 89' lang='lat' dir='ltr'><strong>grossorum</strong></span> <span class='ocrx_word' id='word_1_46' title='bbox 884 850 953 905; x_wconf 89' lang='lat' dir='ltr'><strong>ami-</strong></span> 
     </span>
    </p>
   </div>
   <div class='ocr_carea' id='block_1_4' title="bbox 154 903 1061 1015">
    <p class='ocr_par' dir='ltr' id='par_1_4' title="bbox 154 903 1061 1015">
     <span class='ocr_line' id='line_1_8' title="bbox 154 903 1061 1015; baseline 0.019 -30"><span class='ocrx_word' id='word_1_47' title='bbox 154 931 193 986; x_wconf 87' lang='lat' dir='ltr'><strong>sit</strong></span> <span class='ocrx_word' id='word_1_48' title='bbox 203 935 329 1006; x_wconf 82' lang='lat' dir='ltr'><strong>exemplo</strong></span> <span class='ocrx_word' id='word_1_49' title='bbox 339 952 347 1001; x_wconf 87' lang='lat'><strong>;</strong></span> <span class='ocrx_word' id='word_1_50' title='bbox 358 935 423 1005; x_wconf 84' lang='lat' dir='ltr'><strong>quia</strong></span> <span class='ocrx_word' id='word_1_51' title='bbox 436 935 543 1005; x_wconf 87' lang='lat' dir='ltr'><strong>plebem</strong></span> <span class='ocrx_word' id='word_1_52' title='bbox 553 937 615 1008; x_wconf 85' lang='lat' dir='ltr'><strong>ejus</strong></span> <span class='ocrx_word' id='word_1_53' title='bbox 624 939 749 996; x_wconf 88' lang='lat' dir='ltr'><strong>inutilem</strong></span> <span class='ocrx_word' id='word_1_54' title='bbox 762 941 851 998; x_wconf 91' lang='lat' dir='ltr'><strong>lidelis</strong></span> <span class='ocrx_word' id='word_1_55' title='bbox 866 959 953 1015; x_wconf 84' lang='lat' dir='ltr'><strong>usque</strong></span> <span class='ocrx_word' id='word_1_56' title='bbox 1004 903 1061 972; x_wconf 54' lang='grc' dir='ltr'><strong>Μ’</strong></span> 
     </span>
    </p>
   </div>
   <div class='ocr_carea' id='block_1_5' title="bbox 153 1023 953 1197">
    <p class='ocr_par' dir='ltr' id='par_1_5' title="bbox 153 1023 953 1197">
     <span class='ocr_line' id='line_1_9' title="bbox 153 1023 953 1106; baseline 0.018 -28"><span class='ocrx_word' id='word_1_57' title='bbox 153 1023 192 1078; x_wconf 87' lang='lat' dir='ltr'><strong>ad</strong></span> <span class='ocrx_word' id='word_1_58' title='bbox 215 1025 483 1080; x_wconf 88' lang='lat' dir='ltr'><strong>consummationem</strong></span> <span class='ocrx_word' id='word_1_59' title='bbox 515 1036 670 1099; x_wconf 89' lang='lat' dir='ltr'><strong>temporum</strong></span> <span class='ocrx_word' id='word_1_60' title='bbox 694 1047 810 1091; x_wconf 90' lang='lat' dir='ltr'><strong>maneas</strong></span> <span class='ocrx_word' id='word_1_61' title='bbox 835 1037 953 1106; x_wconf 88' lang='lat' dir='ltr'><strong>populus</strong></span> 
     </span>
     <span class='ocr_line' id='line_1_10' title="bbox 153 1115 953 1197; baseline 0.019 -29"><span class='ocrx_word' id='word_1_62' title='bbox 153 1116 280 1184; x_wconf 90' lang='lat' dir='ltr'><strong>gentium</strong></span> <span class='ocrx_word' id='word_1_63' title='bbox 295 1117 439 1187; x_wconf 83' lang='lat' dir='ltr'><strong>protrusit.</strong></span> <span class='ocrx_word' id='word_1_64' title='bbox 454 1115 648 1178; x_wconf 77' lang='lat' dir='ltr'><strong>Verumtamen</strong></span> <span class='ocrx_word' id='word_1_65' title='bbox 664 1123 807 1182; x_wconf 90' lang='lat' dir='ltr'><strong>credentes</strong></span> <span class='ocrx_word' id='word_1_66' title='bbox 822 1127 905 1197; x_wconf 90' lang='lat' dir='ltr'><strong>primi</strong></span> <span class='ocrx_word' id='word_1_67' title='bbox 919 1143 953 1185; x_wconf 88' lang='lat' dir='ltr'><strong>ex</strong></span> 
     </span>
    </p>
   </div>
   <div class='ocr_carea' id='block_1_6' title="bbox 154 1209 951 1295">
    <p class='ocr_par' dir='ltr' id='par_1_6' title="bbox 154 1209 951 1295">
     <span class='ocr_line' id='line_1_11' title="bbox 154 1209 951 1295; baseline 0.02 -31"><span class='ocrx_word' id='word_1_68' title='bbox 154 1209 242 1268; x_wconf 85' lang='lat' dir='ltr'><strong>lsrael</strong></span> <span class='ocrx_word' id='word_1_69' title='bbox 255 1213 383 1284; x_wconf 89' lang='lat' dir='ltr'><strong>apostoli,</strong></span> <span class='ocrx_word' id='word_1_70' title='bbox 398 1217 472 1269; x_wconf 90' lang='lat' dir='ltr'><strong>lnter</strong></span> <span class='ocrx_word' id='word_1_71' title='bbox 492 1214 578 1287; x_wconf 88' lang='lat' dir='ltr'><strong>legem</strong></span> <span class='ocrx_word' id='word_1_72' title='bbox 592 1225 620 1272; x_wconf 93' lang='lat' dir='ltr'><strong>et</strong></span> <span class='ocrx_word' id='word_1_73' title='bbox 642 1217 951 1295; x_wconf 82' lang='lat' dir='ltr'><strong>Evangeliumgrosso·</strong></span> 
     </span>
    </p>
   </div>
   <div class='ocr_carea' id='block_1_7' title="bbox 152 1303 1800 1438">
    <p class='ocr_par' dir='ltr' id='par_1_7' title="bbox 152 1303 1800 1438">
     <span class='ocr_line' id='line_1_12' title="bbox 152 1303 1786 1388; baseline 0.015 -32"><span class='ocrx_word' id='word_1_74' title='bbox 152 1318 218 1360; x_wconf 89' lang='lat' dir='ltr'><strong>ram</strong></span> <span class='ocrx_word' id='word_1_75' title='bbox 234 1305 316 1360; x_wconf 91' lang='lat' dir='ltr'><strong>modo</strong></span> <span class='ocrx_word' id='word_1_76' title='bbox 325 1303 500 1372; x_wconf 71' lang='lat' dir='ltr'><strong>inhaerentes,</strong></span> <span class='ocrx_word' id='word_1_77' title='bbox 512 1317 628 1366; x_wconf 71' lang='lat' dir='ltr'><strong>caeteros</strong></span> <span class='ocrx_word' id='word_1_78' title='bbox 640 1316 853 1371; x_wconf 87' lang='lat' dir='ltr'><strong>resurrectionis</strong></span> <span class='ocrx_word' id='word_1_79' title='bbox 866 1315 952 1388; x_wconf 88' lang='lat' dir='ltr'><strong>gloria</strong></span> <span class='ocrx_word' id='word_1_80' title='bbox 1003 1362 1010 1374; x_wconf 91' lang='lat'><strong>.</strong></span> <span class='ocrx_word' id='word_1_81' title='bbox 1184 1365 1189 1379; x_wconf 90' lang='lat'><strong><em>.</em></strong></span> <span class='ocrx_word' id='word_1_82' title='bbox 1334 1367 1339 1380; x_wconf 91' lang='lat'><em>.</em></span> <span class='ocrx_word' id='word_1_83' title='bbox 1462 1368 1467 1380; x_wconf 90' lang='lat'>.</span> <span class='ocrx_word' id='word_1_84' title='bbox 1539 1367 1545 1380; x_wconf 95' lang='lat'>.</span> <span class='ocrx_word' id='word_1_85' title='bbox 1713 1368 1718 1380; x_wconf 94' lang='lat'>.</span> <span class='ocrx_word' id='word_1_86' title='bbox 1779 1367 1786 1380; x_wconf 85' lang='lat'><strong>.</strong></span> 
     </span>
     <span class='ocr_line' id='line_1_13' title="bbox 998 1363 1800 1438; baseline 0.005 -22"><span class='ocrx_word' id='word_1_87' title='bbox 998 1371 1079 1431; x_wconf 75' lang='lat' dir='ltr'><strong>Juxta</strong></span> <span class='ocrx_word' id='word_1_88' title='bbox 1091 1363 1207 1422; x_wconf 81' lang='lat' dir='ltr'><strong>loanms</strong></span> <span class='ocrx_word' id='word_1_89' title='bbox 1218 1367 1393 1438; x_wconf 71' lang='lat' dir='ltr'><strong>evangeliste</strong></span> <span class='ocrx_word' id='word_1_90' title='bbox 1405 1374 1606 1432; x_wconf 79' lang='lat' dir='ltr'><strong>testimonium,</strong></span> <span class='ocrx_word' id='word_1_91' title='bbox 1621 1381 1680 1438; x_wconf 76' lang='lat' dir='ltr'><strong>quur</strong></span> <span class='ocrx_word' id='word_1_92' title='bbox 1694 1381 1719 1422; x_wconf 80' lang='lat' dir='ltr'><strong>st</strong></span> <span class='ocrx_word' id='word_1_93' title='bbox 1732 1381 1800 1422; x_wconf 83' lang='lat' dir='ltr'><strong>serr·</strong></span> 
     </span>
    </p>
   </div>
   <div class='ocr_carea' id='block_1_8' title="bbox 150 1398 952 1752">
    <p class='ocr_par' dir='ltr' id='par_1_8' title="bbox 150 1398 952 1752">
     <span class='ocr_line' id='line_1_14' title="bbox 153 1398 952 1480; baseline 0.016 -30"><span class='ocrx_word' id='word_1_94' title='bbox 153 1403 182 1450; x_wconf 90' lang='lat' dir='ltr'><strong>et</strong></span> <span class='ocrx_word' id='word_1_95' title='bbox 194 1403 319 1468; x_wconf 88' lang='lat' dir='ltr'><strong>ternpore</strong></span> <span class='ocrx_word' id='word_1_96' title='bbox 334 1399 489 1456; x_wconf 89' lang='lat' dir='ltr'><strong>anteibunt.</strong></span> <span class='ocrx_word' id='word_1_97' title='bbox 504 1398 534 1456; x_wconf 91' lang='lat' dir='ltr'><strong>ln</strong></span> <span class='ocrx_word' id='word_1_98' title='bbox 555 1401 638 1473; x_wconf 85' lang='lat' dir='ltr'><strong>bajus</strong></span> <span class='ocrx_word' id='word_1_99' title='bbox 659 1405 700 1462; x_wconf 89' lang='lat' dir='ltr'><strong>rei</strong></span> <span class='ocrx_word' id='word_1_100' title='bbox 714 1406 802 1462; x_wconf 91' lang='lat' dir='ltr'><strong>lorma</strong></span> <span class='ocrx_word' id='word_1_101' title='bbox 817 1407 952 1480; x_wconf 90' lang='lat' dir='ltr'><strong>pudorem</strong></span> 
     </span>
     <span class='ocr_line' id='line_1_15' title="bbox 151 1492 950 1569; baseline 0.01 -21"><span class='ocrx_word' id='word_1_102' title='bbox 151 1508 236 1549; x_wconf 86' lang='lat' dir='ltr'><strong>suurn</strong></span> <span class='ocrx_word' id='word_1_103' title='bbox 250 1492 337 1549; x_wconf 86' lang='lat' dir='ltr'><strong>lldam</strong></span> <span class='ocrx_word' id='word_1_104' title='bbox 353 1503 434 1567; x_wconf 87' lang='lat' dir='ltr'><strong>atque</strong></span> <span class='ocrx_word' id='word_1_105' title='bbox 447 1495 503 1551; x_wconf 81' lang='lat' dir='ltr'><strong>Era</strong></span> <span class='ocrx_word' id='word_1_106' title='bbox 513 1496 595 1567; x_wconf 85' lang='lat' dir='ltr'><strong>bujus</strong></span> <span class='ocrx_word' id='word_1_107' title='bbox 610 1497 717 1554; x_wconf 84' lang='lat' dir='ltr'><strong>arboris</strong></span> <span class='ocrx_word' id='word_1_108' title='bbox 726 1499 800 1555; x_wconf 90' lang='lat' dir='ltr'><strong>iuliis</strong></span> <span class='ocrx_word' id='word_1_109' title='bbox 813 1507 950 1569; x_wconf 89' lang='lat' dir='ltr'><strong>texerant,</strong></span> 
     </span>
     <span class='ocr_line' id='line_1_16' title="bbox 151 1582 952 1663; baseline 0.012 -25"><span class='ocrx_word' id='word_1_110' title='bbox 151 1585 219 1656; x_wconf 85' lang='lat' dir='ltr'><strong>quia</strong></span> <span class='ocrx_word' id='word_1_111' title='bbox 233 1582 377 1657; x_wconf 82' lang='lat' dir='ltr'><strong>Synagoga</strong></span> <span class='ocrx_word' id='word_1_112' title='bbox 396 1585 515 1644; x_wconf 89' lang='lat' dir='ltr'><strong>inlidelis</strong></span> <span class='ocrx_word' id='word_1_113' title='bbox 528 1593 556 1642; x_wconf 92' lang='lat' dir='ltr'><strong>et</strong></span> <span class='ocrx_word' id='word_1_114' title='bbox 579 1587 649 1658; x_wconf 91' lang='lat' dir='ltr'><strong>legis</strong></span> <span class='ocrx_word' id='word_1_115' title='bbox 661 1587 790 1644; x_wconf 88' lang='lat' dir='ltr'><strong>mandata</strong></span> <span class='ocrx_word' id='word_1_116' title='bbox 811 1597 952 1663; x_wconf 89' lang='lat' dir='ltr'><strong>transgre-</strong></span> 
     </span>
     <span class='ocr_line' id='line_1_17' title="bbox 150 1675 950 1752; baseline 0.011 -22"><span class='ocrx_word' id='word_1_117' title='bbox 150 1675 243 1743; x_wconf 89' lang='lat' dir='ltr'><strong>diens,</strong></span> <span class='ocrx_word' id='word_1_118' title='bbox 263 1675 439 1750; x_wconf 78' lang='lat' dir='ltr'><strong>impudentiae</strong></span> <span class='ocrx_word' id='word_1_119' title='bbox 461 1693 518 1734; x_wconf 76' lang='lat' dir='ltr'><strong>suae</strong></span> <span class='ocrx_word' id='word_1_120' title='bbox 537 1676 686 1744; x_wconf 71' lang='lat' dir='ltr'><strong>surditates,</strong></span> <span class='ocrx_word' id='word_1_121' title='bbox 707 1687 735 1734; x_wconf 89' lang='lat' dir='ltr'><strong>ct</strong></span> <span class='ocrx_word' id='word_1_122' title='bbox 750 1681 950 1752; x_wconf 84' lang='lat' dir='ltr'><strong>turpitudinum</strong></span> 
     </span>
    </p>
   </div>
   <div class='ocr_carea' id='block_1_9' title="bbox 150 1765 987 1833">
    <p class='ocr_par' dir='ltr' id='par_1_9' title="bbox 150 1765 987 1833">
     <span class='ocr_line' id='line_1_18' title="bbox 150 1765 987 1833; baseline 0.01 -11"><span class='ocrx_word' id='word_1_123' title='bbox 150 1767 343 1824; x_wconf 84' lang='lat' dir='ltr'><strong>contusionem</strong></span> <span class='ocrx_word' id='word_1_124' title='bbox 358 1768 537 1826; x_wconf 77' lang='lat' dir='ltr'><strong>infructuosis</strong></span> <span class='ocrx_word' id='word_1_125' title='bbox 556 1777 630 1826; x_wconf 89' lang='lat' dir='ltr'><strong>esset</strong></span> <span class='ocrx_word' id='word_1_126' title='bbox 644 1771 790 1828; x_wconf 82' lang='lat' dir='ltr'><strong>uerborum</strong></span> <span class='ocrx_word' id='word_1_127' title='bbox 813 1775 951 1833; x_wconf 78' lang='lat' dir='ltr'><strong>velamen·</strong></span> <span class='ocrx_word' id='word_1_128' title='bbox 965 1765 987 1821; x_wconf 84' lang='grc' dir='ltr'><strong>Β</strong></span> 
     </span>
    </p>
   </div>
   <div class='ocr_carea' id='block_1_10' title="bbox 150 1861 950 2024">
    <p class='ocr_par' dir='ltr' id='par_1_10' title="bbox 150 1861 950 2024">
     <span class='ocr_line' id='line_1_19' title="bbox 151 1861 950 1941; baseline 0.011 -26"><span class='ocrx_word' id='word_1_129' title='bbox 151 1862 190 1917; x_wconf 87' lang='lat' dir='ltr'><strong>tis</strong></span> <span class='ocrx_word' id='word_1_130' title='bbox 210 1867 342 1932; x_wconf 69' lang='lat' dir='ltr'><strong>unquam</strong></span> <span class='ocrx_word' id='word_1_131' title='bbox 364 1861 408 1917; x_wconf 89' lang='lat' dir='ltr'><strong>tici</strong></span> <span class='ocrx_word' id='word_1_132' title='bbox 434 1861 508 1917; x_wconf 92' lang='lat' dir='ltr'><strong>loliis</strong></span> <span class='ocrx_word' id='word_1_133' title='bbox 532 1870 704 1920; x_wconf 84' lang='lat' dir='ltr'><strong>contectura.</strong></span> <span class='ocrx_word' id='word_1_134' title='bbox 731 1863 875 1941; x_wconf 66' lang='lat' dir='ltr'><strong>[dueum]</strong></span> <span class='ocrx_word' id='word_1_135' title='bbox 897 1867 950 1935; x_wconf 81' lang='lat' dir='ltr'><strong>Qui</strong></span> 
     </span>
     <span class='ocr_line' id='line_1_20' title="bbox 150 1950 950 2024; baseline 0.016 -19"><span class='ocrx_word' id='word_1_136' title='bbox 150 1959 246 2007; x_wconf 81' lang='lat' dir='ltr'><strong>antem</strong></span> <span class='ocrx_word' id='word_1_137' title='bbox 261 1951 330 2007; x_wconf 87' lang='lat' dir='ltr'><strong>dicit</strong></span> <span class='ocrx_word' id='word_1_138' title='bbox 340 1950 481 2008; x_wconf 84' lang='lat' dir='ltr'><strong>Christum</strong></span> <span class='ocrx_word' id='word_1_139' title='bbox 497 1961 644 2024; x_wconf 91' lang='lat' dir='ltr'><strong>propterea</strong></span> <span class='ocrx_word' id='word_1_140' title='bbox 664 1963 772 2012; x_wconf 87' lang='lat' dir='ltr'><strong>tautum</strong></span> <span class='ocrx_word' id='word_1_141' title='bbox 783 1957 883 2017; x_wconf 91' lang='lat' dir='ltr'><strong>iecisse</strong></span> <span class='ocrx_word' id='word_1_142' title='bbox 898 1963 950 2017; x_wconf 91' lang='lat' dir='ltr'><strong>mi-</strong></span> 
     </span>
    </p>
   </div>
   <div class='ocr_carea' id='block_1_11' title="bbox 150 2044 1053 2120">
    <p class='ocr_par' dir='ltr' id='par_1_11' title="bbox 150 2044 1053 2120">
     <span class='ocr_line' id='line_1_21' title="bbox 150 2044 1053 2120; baseline 0.014 -22"><span class='ocrx_word' id='word_1_143' title='bbox 150 2044 257 2109; x_wconf 88' lang='lat' dir='ltr'><strong>racula,</strong></span> <span class='ocrx_word' id='word_1_144' title='bbox 271 2051 303 2098; x_wconf 93' lang='lat' dir='ltr'><strong>ut</strong></span> <span class='ocrx_word' id='word_1_145' title='bbox 321 2059 377 2099; x_wconf 89' lang='lat' dir='ltr'><strong>non</strong></span> <span class='ocrx_word' id='word_1_146' title='bbox 391 2053 485 2100; x_wconf 87' lang='lat' dir='ltr'><strong>essent</strong></span> <span class='ocrx_word' id='word_1_147' title='bbox 506 2045 561 2101; x_wconf 87' lang='lat' dir='ltr'><strong>nisi</strong></span> <span class='ocrx_word' id='word_1_148' title='bbox 585 2047 737 2118; x_wconf 87' lang='lat' dir='ltr'><strong>miracala;</strong></span> <span class='ocrx_word' id='word_1_149' title='bbox 756 2058 848 2120; x_wconf 87' lang='lat' dir='ltr'><strong>potest</strong></span> <span class='ocrx_word' id='word_1_150' title='bbox 866 2052 949 2109; x_wconf 89' lang='lat' dir='ltr'><strong>ctiam</strong></span> <span class='ocrx_word' id='word_1_151' title='bbox 1046 2099 1053 2111; x_wconf 92' lang='lat'><strong>.</strong></span> 
     </span>
    </p>
   </div>
   <div class='ocr_carea' id='block_1_12' title="bbox 144 2138 950 4428">
    <p class='ocr_par' dir='ltr' id='par_1_12' title="bbox 144 2138 950 4428">
     <span class='ocr_line' id='line_1_22' title="bbox 149 2138 950 2218; baseline 0.01 -24"><span class='ocrx_word' id='word_1_152' title='bbox 149 2139 244 2194; x_wconf 86' lang='lat' dir='ltr'><strong>dicere</strong></span> <span class='ocrx_word' id='word_1_153' title='bbox 258 2140 335 2194; x_wconf 92' lang='lat' dir='ltr'><strong>illam</strong></span> <span class='ocrx_word' id='word_1_154' title='bbox 350 2138 512 2205; x_wconf 81' lang='lat' dir='ltr'><strong>nescivisse,</strong></span> <span class='ocrx_word' id='word_1_155' title='bbox 528 2140 602 2210; x_wconf 85' lang='lat' dir='ltr'><strong>quod</strong></span> <span class='ocrx_word' id='word_1_156' title='bbox 621 2156 677 2196; x_wconf 91' lang='lat' dir='ltr'><strong>nou</strong></span> <span class='ocrx_word' id='word_1_157' title='bbox 692 2150 766 2199; x_wconf 86' lang='lat' dir='ltr'><strong>esset</strong></span> <span class='ocrx_word' id='word_1_158' title='bbox 781 2151 890 2216; x_wconf 88' lang='lat' dir='ltr'><strong>tempus</strong></span> <span class='ocrx_word' id='word_1_159' title='bbox 903 2163 950 2218; x_wconf 89' lang='lat' dir='ltr'><strong>po·</strong></span> 
     </span>
     <span class='ocr_line' id='line_1_23' title="bbox 150 2229 948 2307; baseline 0.006 -21"><span class='ocrx_word' id='word_1_160' title='bbox 150 2245 272 2296; x_wconf 79' lang='lat' dir='ltr'><strong>mamm,</strong></span> <span class='ocrx_word' id='word_1_161' title='bbox 285 2229 397 2302; x_wconf 87' lang='lat' dir='ltr'><strong>quaudo</strong></span> <span class='ocrx_word' id='word_1_162' title='bbox 405 2230 531 2302; x_wconf 72' lang='lat' dir='ltr'><strong>quaesivit</strong></span> <span class='ocrx_word' id='word_1_163' title='bbox 543 2229 612 2287; x_wconf 91' lang='lat' dir='ltr'><strong>licus</strong></span> <span class='ocrx_word' id='word_1_164' title='bbox 623 2232 652 2286; x_wconf 89' lang='lat' dir='ltr'><strong>iu</strong></span> <span class='ocrx_word' id='word_1_165' title='bbox 667 2233 777 2288; x_wconf 86' lang='lat' dir='ltr'><strong>arbore.</strong></span> <span class='ocrx_word' id='word_1_166' title='bbox 791 2232 870 2301; x_wconf 86' lang='lat' dir='ltr'><strong>Quod</strong></span> <span class='ocrx_word' id='word_1_167' title='bbox 882 2251 948 2307; x_wconf 90' lang='lat' dir='ltr'><strong>ergo</strong></span> 
     </span>
     <span class='ocr_line' id='line_1_24' title="bbox 149 2322 948 2389; baseline 0.004 -11"><span class='ocrx_word' id='word_1_168' title='bbox 149 2333 266 2380; x_wconf 76' lang='lat' dir='ltr'><strong>noverat</strong></span> <span class='ocrx_word' id='word_1_169' title='bbox 287 2322 395 2378; x_wconf 89' lang='lat' dir='ltr'><strong>arboris</strong></span> <span class='ocrx_word' id='word_1_170' title='bbox 417 2323 517 2389; x_wconf 89' lang='lat' dir='ltr'><strong>cultor,</strong></span> <span class='ocrx_word' id='word_1_171' title='bbox 532 2338 589 2378; x_wconf 88' lang='lat' dir='ltr'><strong>noa</strong></span> <span class='ocrx_word' id='word_1_172' title='bbox 608 2333 723 2381; x_wconf 84' lang='lat' dir='ltr'><strong>nouerat</strong></span> <span class='ocrx_word' id='word_1_173' title='bbox 739 2325 847 2381; x_wconf 89' lang='lat' dir='ltr'><strong>arboris</strong></span> <span class='ocrx_word' id='word_1_174' title='bbox 864 2325 948 2384; x_wconf 89' lang='lat' dir='ltr'><strong>Crea-</strong></span> 
     </span>
     <span class='ocr_line' id='line_1_25' title="bbox 148 2416 947 2490; baseline 0.004 -19"><span class='ocrx_word' id='word_1_175' title='bbox 148 2417 214 2472; x_wconf 80' lang='lat' dir='ltr'><strong>tor?</strong></span> <span class='ocrx_word' id='word_1_176' title='bbox 235 2416 305 2472; x_wconf 88' lang='lat' dir='ltr'><strong>Cum</strong></span> <span class='ocrx_word' id='word_1_177' title='bbox 319 2432 385 2487; x_wconf 88' lang='lat' dir='ltr'><strong>ergo</strong></span> <span class='ocrx_word' id='word_1_178' title='bbox 406 2416 533 2473; x_wconf 89' lang='lat' dir='ltr'><strong>esuriens</strong></span> <span class='ocrx_word' id='word_1_179' title='bbox 547 2416 674 2488; x_wconf 80' lang='lat' dir='ltr'><strong>quaesivit</strong></span> <span class='ocrx_word' id='word_1_180' title='bbox 688 2433 781 2490; x_wconf 87' lang='lat' dir='ltr'><strong>poma,</strong></span> <span class='ocrx_word' id='word_1_181' title='bbox 807 2419 947 2490; x_wconf 87' lang='lat' dir='ltr'><strong>signifiea-</strong></span> 
     </span>
     <span class='ocr_line' id='line_1_26' title="bbox 148 2508 947 2582; baseline 0.003 -16"><span class='ocrx_word' id='word_1_182' title='bbox 148 2510 189 2566; x_wconf 81' lang='lat' dir='ltr'><strong>rit</strong></span> <span class='ocrx_word' id='word_1_183' title='bbox 213 2525 245 2565; x_wconf 87' lang='lat' dir='ltr'><strong>se</strong></span> <span class='ocrx_word' id='word_1_184' title='bbox 259 2509 364 2580; x_wconf 82' lang='lat' dir='ltr'><strong>aliquid</strong></span> <span class='ocrx_word' id='word_1_185' title='bbox 379 2509 452 2564; x_wconf 85' lang='lat' dir='ltr'><strong>aliud</strong></span> <span class='ocrx_word' id='word_1_186' title='bbox 467 2525 600 2580; x_wconf 76' lang='lat' dir='ltr'><strong>quaerere.</strong></span> <span class='ocrx_word' id='word_1_187' title='bbox 616 2508 682 2577; x_wconf 82' lang='lat' dir='ltr'><strong>Quae</strong></span> <span class='ocrx_word' id='word_1_188' title='bbox 706 2509 781 2566; x_wconf 84' lang='lat' dir='ltr'><strong>enirn</strong></span> <span class='ocrx_word' id='word_1_189' title='bbox 796 2511 875 2582; x_wconf 90' lang='lat' dir='ltr'><strong>culpa</strong></span> <span class='ocrx_word' id='word_1_190' title='bbox 902 2527 947 2568; x_wconf 88' lang='lat' dir='ltr'><strong>nr-</strong></span> 
     </span>
     <span class='ocr_line' id='line_1_27' title="bbox 149 2601 946 2667; baseline 0.005 -11"><span class='ocrx_word' id='word_1_191' title='bbox 149 2601 227 2658; x_wconf 88' lang='lat' dir='ltr'><strong>noris</strong></span> <span class='ocrx_word' id='word_1_192' title='bbox 252 2601 450 2667; x_wconf 77' lang='lat' dir='ltr'><strong>infecunditas,</strong></span> <span class='ocrx_word' id='word_1_193' title='bbox 472 2617 536 2657; x_wconf 92' lang='lat' dir='ltr'><strong>cum</strong></span> <span class='ocrx_word' id='word_1_194' title='bbox 558 2617 620 2658; x_wconf 90' lang='lat' dir='ltr'><strong>eam</strong></span> <span class='ocrx_word' id='word_1_195' title='bbox 648 2602 812 2661; x_wconf 76' lang='lat' dir='ltr'><strong>maledixit?</strong></span> <span class='ocrx_word' id='word_1_196' title='bbox 834 2603 946 2660; x_wconf 90' lang='lat' dir='ltr'><strong>illorum</strong></span> 
     </span>
     <span class='ocr_line' id='line_1_28' title="bbox 149 2695 946 2765; baseline 0.008 -17"><span class='ocrx_word' id='word_1_197' title='bbox 149 2695 231 2765; x_wconf 85' lang='lat' dir='ltr'><strong>culpa</strong></span> <span class='ocrx_word' id='word_1_198' title='bbox 244 2704 287 2752; x_wconf 86' lang='lat' dir='ltr'><strong>est</strong></span> <span class='ocrx_word' id='word_1_199' title='bbox 301 2695 446 2762; x_wconf 84' lang='lat' dir='ltr'><strong>sterilitas,</strong></span> <span class='ocrx_word' id='word_1_200' title='bbox 468 2709 587 2765; x_wconf 82' lang='lat' dir='ltr'><strong>quorum</strong></span> <span class='ocrx_word' id='word_1_201' title='bbox 602 2696 743 2751; x_wconf 78' lang='lat' dir='ltr'><strong>voluntate</strong></span> <span class='ocrx_word' id='word_1_202' title='bbox 762 2703 805 2753; x_wconf 88' lang='lat' dir='ltr'><strong>est</strong></span> <span class='ocrx_word' id='word_1_203' title='bbox 820 2697 946 2754; x_wconf 84' lang='lat' dir='ltr'><strong>lecundi-</strong></span> 
     </span>
     <span class='ocr_line' id='line_1_29' title="bbox 149 2785 945 2844; baseline 0.005 -4"><span class='ocrx_word' id='word_1_204' title='bbox 149 2794 203 2842; x_wconf 87' lang='lat' dir='ltr'><strong>tas.</strong></span> <span class='ocrx_word' id='word_1_205' title='bbox 235 2785 292 2842; x_wconf 82' lang='lat' dir='ltr'><strong>Nec</strong></span> <span class='ocrx_word' id='word_1_206' title='bbox 323 2786 358 2842; x_wconf 94' lang='lat' dir='ltr'><strong>de</strong></span> <span class='ocrx_word' id='word_1_207' title='bbox 384 2786 591 2842; x_wconf 76' lang='lat' dir='ltr'><strong>existimatione</strong></span> <span class='ocrx_word' id='word_1_208' title='bbox 618 2785 698 2842; x_wconf 77' lang='lat' dir='ltr'><strong>lamae</strong></span> <span class='ocrx_word' id='word_1_209' title='bbox 729 2793 757 2843; x_wconf 90' lang='lat' dir='ltr'><strong>et</strong></span> <span class='ocrx_word' id='word_1_210' title='bbox 786 2802 945 2844; x_wconf 86' lang='lat' dir='ltr'><strong>sermonum</strong></span> 
     </span>
     <span class='ocr_line' id='line_1_30' title="bbox 149 2875 943 2950; baseline 0.008 -19"><span class='ocrx_word' id='word_1_211' title='bbox 149 2893 260 2949; x_wconf 88' lang='lat' dir='ltr'><strong>pompa,</strong></span> <span class='ocrx_word' id='word_1_212' title='bbox 273 2875 321 2934; x_wconf 91' lang='lat' dir='ltr'><strong>sed</strong></span> <span class='ocrx_word' id='word_1_213' title='bbox 333 2877 367 2933; x_wconf 92' lang='lat' dir='ltr'><strong>de</strong></span> <span class='ocrx_word' id='word_1_214' title='bbox 377 2878 537 2934; x_wconf 89' lang='lat' dir='ltr'><strong>testimonio</strong></span> <span class='ocrx_word' id='word_1_215' title='bbox 552 2879 692 2934; x_wconf 90' lang='lat' dir='ltr'><strong>actionum</strong></span> <span class='ocrx_word' id='word_1_216' title='bbox 706 2879 839 2950; x_wconf 89' lang='lat' dir='ltr'><strong>probatur</strong></span> <span class='ocrx_word' id='word_1_217' title='bbox 848 2881 943 2949; x_wconf 90' lang='lat' dir='ltr'><strong>bomo,</strong></span> 
     </span>
     <span class='ocr_line' id='line_1_31' title="bbox 148 2969 942 3043; baseline 0.004 -17"><span class='ocrx_word' id='word_1_218' title='bbox 148 2971 223 3026; x_wconf 89' lang='lat' dir='ltr'><strong>sicut</strong></span> <span class='ocrx_word' id='word_1_219' title='bbox 236 2986 289 3028; x_wconf 89' lang='lat' dir='ltr'><strong>nee</strong></span> <span class='ocrx_word' id='word_1_220' title='bbox 308 2970 342 3026; x_wconf 92' lang='lat' dir='ltr'><strong>de</strong></span> <span class='ocrx_word' id='word_1_221' title='bbox 356 2969 472 3028; x_wconf 85' lang='lat' dir='ltr'><strong>duribus</strong></span> <span class='ocrx_word' id='word_1_222' title='bbox 493 2986 525 3026; x_wconf 90' lang='lat' dir='ltr'><strong>ac</strong></span> <span class='ocrx_word' id='word_1_223' title='bbox 548 2970 623 3028; x_wconf 91' lang='lat' dir='ltr'><strong>loliis</strong></span> <span class='ocrx_word' id='word_1_224' title='bbox 645 2973 823 3043; x_wconf 76' lang='lat' dir='ltr'><strong>cognoscitur</strong></span> <span class='ocrx_word' id='word_1_225' title='bbox 849 2973 942 3041; x_wconf 88' lang='lat' dir='ltr'><strong>arbor,</strong></span> 
     </span>
     <span class='ocr_line' id='line_1_32' title="bbox 147 3061 944 3137; baseline 0.004 -17"><span class='ocrx_word' id='word_1_226' title='bbox 147 3064 197 3120; x_wconf 83' lang='lat' dir='ltr'><strong>sed</strong></span> <span class='ocrx_word' id='word_1_227' title='bbox 222 3063 258 3120; x_wconf 89' lang='lat' dir='ltr'><strong>de</strong></span> <span class='ocrx_word' id='word_1_228' title='bbox 280 3062 382 3118; x_wconf 90' lang='lat' dir='ltr'><strong>lructu.</strong></span> <span class='ocrx_word' id='word_1_229' title='bbox 398 3061 492 3118; x_wconf 82' lang='lat' dir='ltr'><strong>ludaea</strong></span> <span class='ocrx_word' id='word_1_230' title='bbox 515 3079 581 3135; x_wconf 88' lang='lat' dir='ltr'><strong>ergo</strong></span> <span class='ocrx_word' id='word_1_231' title='bbox 605 3079 666 3135; x_wconf 76' lang='lat' dir='ltr'><strong>quse</strong></span> <span class='ocrx_word' id='word_1_232' title='bbox 685 3064 770 3120; x_wconf 86' lang='lat' dir='ltr'><strong>rerba</strong></span> <span class='ocrx_word' id='word_1_233' title='bbox 794 3063 944 3137; x_wconf 82' lang='lat' dir='ltr'><strong>Scripturas</strong></span> 
     </span>
     <span class='ocr_line' id='line_1_33' title="bbox 147 3156 941 3232; baseline 0.003 -19"><span class='ocrx_word' id='word_1_234' title='bbox 147 3157 209 3213; x_wconf 78' lang='lat' dir='ltr'><strong>sine</strong></span> <span class='ocrx_word' id='word_1_235' title='bbox 235 3156 366 3226; x_wconf 89' lang='lat' dir='ltr'><strong>operibus</strong></span> <span class='ocrx_word' id='word_1_236' title='bbox 389 3156 516 3221; x_wconf 86' lang='lat' dir='ltr'><strong>sonalmt,</strong></span> <span class='ocrx_word' id='word_1_237' title='bbox 539 3156 621 3228; x_wconf 89' lang='lat' dir='ltr'><strong>digna</strong></span> <span class='ocrx_word' id='word_1_238' title='bbox 637 3156 688 3211; x_wconf 89' lang='lat' dir='ltr'><strong>luit</strong></span> <span class='ocrx_word' id='word_1_239' title='bbox 708 3158 812 3214; x_wconf 89' lang='lat' dir='ltr'><strong>ultione</strong></span> <span class='ocrx_word' id='word_1_240' title='bbox 834 3161 941 3232; x_wconf 89' lang='lat' dir='ltr'><strong>punita,</strong></span> 
     </span>
     <span class='ocr_line' id='line_1_34' title="bbox 147 3247 941 3324; baseline 0.005 -20"><span class='ocrx_word' id='word_1_241' title='bbox 147 3261 231 3319; x_wconf 75' lang='lat' dir='ltr'><strong>guam</strong></span> <span class='ocrx_word' id='word_1_242' title='bbox 253 3249 342 3304; x_wconf 79' lang='lat' dir='ltr'><strong>uitare</strong></span> <span class='ocrx_word' id='word_1_243' title='bbox 364 3247 470 3313; x_wconf 88' lang='lat' dir='ltr'><strong>debuit,</strong></span> <span class='ocrx_word' id='word_1_244' title='bbox 495 3249 604 3306; x_wconf 89' lang='lat' dir='ltr'><strong>arboris</strong></span> <span class='ocrx_word' id='word_1_245' title='bbox 618 3250 764 3306; x_wconf 89' lang='lat' dir='ltr'><strong>sterilitate</strong></span> <span class='ocrx_word' id='word_1_246' title='bbox 784 3254 941 3324; x_wconf 85' lang='lat' dir='ltr'><strong>perterrita.</strong></span> 
     </span>
     <span class='ocr_line' id='line_1_35' title="bbox 147 3338 942 3414; baseline 0.01 -21"><span class='ocrx_word' id='word_1_247' title='bbox 147 3338 231 3394; x_wconf 78' lang='lat' dir='ltr'><strong>minu</strong></span> <span class='ocrx_word' id='word_1_248' title='bbox 259 3341 344 3412; x_wconf 88' lang='lat' dir='ltr'><strong>igitur</strong></span> <span class='ocrx_word' id='word_1_249' title='bbox 364 3340 551 3414; x_wconf 74' lang='lat' dir='ltr'><strong>intelligamus</strong></span> <span class='ocrx_word' id='word_1_250' title='bbox 576 3341 727 3413; x_wconf 76' lang='lat' dir='ltr'><strong>significari</strong></span> <span class='ocrx_word' id='word_1_251' title='bbox 750 3342 779 3398; x_wconf 91' lang='lat' dir='ltr'><strong>ia</strong></span> <span class='ocrx_word' id='word_1_252' title='bbox 801 3345 942 3401; x_wconf 77' lang='lat' dir='ltr'><strong>miraculis</strong></span> 
     </span>
     <span class='ocr_line' id='line_1_36' title="bbox 145 3430 942 3510; baseline 0.004 -22"><span class='ocrx_word' id='word_1_253' title='bbox 145 3430 262 3497; x_wconf 82' lang='lat' dir='ltr'><strong>Christi,</strong></span> <span class='ocrx_word' id='word_1_254' title='bbox 287 3448 370 3505; x_wconf 84' lang='lat' dir='ltr'><strong>quarn</strong></span> <span class='ocrx_word' id='word_1_255' title='bbox 392 3433 449 3490; x_wconf 89' lang='lat' dir='ltr'><strong>sint</strong></span> <span class='ocrx_word' id='word_1_256' title='bbox 471 3433 531 3504; x_wconf 88' lang='lat' dir='ltr'><strong>ipsa</strong></span> <span class='ocrx_word' id='word_1_257' title='bbox 552 3434 685 3491; x_wconf 90' lang='lat' dir='ltr'><strong>miracula</strong></span> <span class='ocrx_word' id='word_1_258' title='bbox 713 3433 882 3510; x_wconf 76' lang='lat' dir='ltr'><strong>[datuurus]</strong></span> <span class='ocrx_word' id='word_1_259' title='bbox 908 3435 942 3492; x_wconf 86' lang='lat' dir='ltr'><strong>Et</strong></span> 
     </span>
     <span class='ocr_line' id='line_1_37' title="bbox 145 3525 940 3598; baseline 0.006 -18"><span class='ocrx_word' id='word_1_260' title='bbox 145 3525 300 3582; x_wconf 87' lang='lat' dir='ltr'><strong>notandam</strong></span> <span class='ocrx_word' id='word_1_261' title='bbox 315 3527 379 3598; x_wconf 78' lang='lat' dir='ltr'><strong>auia</strong></span> <span class='ocrx_word' id='word_1_262' title='bbox 395 3541 472 3597; x_wconf 88' lang='lat' dir='ltr'><strong>spem</strong></span> <span class='ocrx_word' id='word_1_263' title='bbox 489 3526 643 3583; x_wconf 88' lang='lat' dir='ltr'><strong>luturoruur</strong></span> <span class='ocrx_word' id='word_1_264' title='bbox 660 3535 688 3584; x_wconf 88' lang='lat' dir='ltr'><strong>et</strong></span> <span class='ocrx_word' id='word_1_265' title='bbox 702 3527 800 3586; x_wconf 89' lang='lat' dir='ltr'><strong>animae</strong></span> <span class='ocrx_word' id='word_1_266' title='bbox 814 3531 940 3595; x_wconf 89' lang='lat' dir='ltr'><strong>salutem,</strong></span> 
     </span>
     <span class='ocr_line' id='line_1_38' title="bbox 145 3619 942 3690; baseline 0.005 -18"><span class='ocrx_word' id='word_1_267' title='bbox 145 3619 224 3675; x_wconf 80' lang='lat' dir='ltr'><strong>curis</strong></span> <span class='ocrx_word' id='word_1_268' title='bbox 236 3621 413 3690; x_wconf 77' lang='lat' dir='ltr'><strong>praesentiam</strong></span> <span class='ocrx_word' id='word_1_269' title='bbox 435 3620 629 3690; x_wconf 68' lang='lat' dir='ltr'><strong>egritudinum</strong></span> <span class='ocrx_word' id='word_1_270' title='bbox 645 3621 863 3678; x_wconf 84' lang='lat' dir='ltr'><strong>commendarit:</strong></span> <span class='ocrx_word' id='word_1_271' title='bbox 879 3621 942 3677; x_wconf 90' lang='lat' dir='ltr'><strong>inli-</strong></span> 
     </span>
     <span class='ocr_line' id='line_1_39' title="bbox 146 3710 939 3781; baseline 0 -16"><span class='ocrx_word' id='word_1_272' title='bbox 146 3710 269 3768; x_wconf 82' lang='lat' dir='ltr'><strong>delitatis</strong></span> <span class='ocrx_word' id='word_1_273' title='bbox 284 3725 350 3767; x_wconf 82' lang='lat' dir='ltr'><strong>vero</strong></span> <span class='ocrx_word' id='word_1_274' title='bbox 374 3711 528 3781; x_wconf 90' lang='lat' dir='ltr'><strong>periculum</strong></span> <span class='ocrx_word' id='word_1_275' title='bbox 548 3710 649 3767; x_wconf 89' lang='lat' dir='ltr'><strong>damno</strong></span> <span class='ocrx_word' id='word_1_276' title='bbox 671 3710 779 3768; x_wconf 88' lang='lat' dir='ltr'><strong>arboris</strong></span> <span class='ocrx_word' id='word_1_277' title='bbox 798 3711 939 3778; x_wconf 85' lang='lat' dir='ltr'><strong>indicarit,</strong></span> 
     </span>
     <span class='ocr_line' id='line_1_40' title="bbox 145 3801 941 3874; baseline 0.001 -18"><span class='ocrx_word' id='word_1_278' title='bbox 145 3809 177 3856; x_wconf 84' lang='lat' dir='ltr'><strong>at</strong></span> <span class='ocrx_word' id='word_1_279' title='bbox 187 3804 250 3859; x_wconf 91' lang='lat' dir='ltr'><strong>siue</strong></span> <span class='ocrx_word' id='word_1_280' title='bbox 264 3802 428 3858; x_wconf 85' lang='lat' dir='ltr'><strong>detrimento</strong></span> <span class='ocrx_word' id='word_1_281' title='bbox 441 3817 537 3858; x_wconf 90' lang='lat' dir='ltr'><strong>eorum</strong></span> <span class='ocrx_word' id='word_1_282' title='bbox 550 3801 579 3857; x_wconf 90' lang='lat' dir='ltr'><strong>in</strong></span> <span class='ocrx_word' id='word_1_283' title='bbox 594 3816 711 3872; x_wconf 85' lang='lat' dir='ltr'><strong>quorum</strong></span> <span class='ocrx_word' id='word_1_284' title='bbox 725 3802 941 3874; x_wconf 84' lang='lat' dir='ltr'><strong>redenrptionem</strong></span> 
     </span>
     <span class='ocr_line' id='line_1_41' title="bbox 145 3893 940 3966; baseline 0.004 -18"><span class='ocrx_word' id='word_1_285' title='bbox 145 3901 270 3960; x_wconf 77' lang='lat' dir='ltr'><strong>venerat,</strong></span> <span class='ocrx_word' id='word_1_286' title='bbox 287 3895 443 3951; x_wconf 87' lang='lat' dir='ltr'><strong>duceretur.</strong></span> <span class='ocrx_word' id='word_1_287' title='bbox 464 3893 525 3950; x_wconf 87' lang='lat' dir='ltr'><strong>Noa</strong></span> <span class='ocrx_word' id='word_1_288' title='bbox 550 3895 702 3966; x_wconf 89' lang='lat' dir='ltr'><strong>incongrue</strong></span> <span class='ocrx_word' id='word_1_289' title='bbox 724 3894 833 3950; x_wconf 85' lang='lat' dir='ltr'><strong>llarcus</strong></span> <span class='ocrx_word' id='word_1_290' title='bbox 853 3896 940 3952; x_wconf 88' lang='lat' dir='ltr'><strong>iatro-</strong></span> 
     </span>
     <span class='ocr_line' id='line_1_42' title="bbox 145 3985 941 4058; baseline 0 -16"><span class='ocrx_word' id='word_1_291' title='bbox 145 3986 224 4042; x_wconf 93' lang='lat' dir='ltr'><strong>ducit</strong></span> <span class='ocrx_word' id='word_1_292' title='bbox 237 4002 299 4042; x_wconf 91' lang='lat' dir='ltr'><strong>eum</strong></span> <span class='ocrx_word' id='word_1_293' title='bbox 310 3986 524 4058; x_wconf 84' lang='lat' dir='ltr'><strong>respondentem</strong></span> <span class='ocrx_word' id='word_1_294' title='bbox 546 3985 611 4050; x_wconf 80' lang='lat' dir='ltr'><strong>ico,</strong></span> <span class='ocrx_word' id='word_1_295' title='bbox 627 3987 692 4058; x_wconf 85' lang='lat' dir='ltr'><strong>guia</strong></span> <span class='ocrx_word' id='word_1_296' title='bbox 706 4002 751 4042; x_wconf 90' lang='lat' dir='ltr'><strong>res</strong></span> <span class='ocrx_word' id='word_1_297' title='bbox 765 3987 825 4058; x_wconf 91' lang='lat' dir='ltr'><strong>ipsa</strong></span> <span class='ocrx_word' id='word_1_298' title='bbox 837 3987 941 4042; x_wconf 89' lang='lat' dir='ltr'><strong>elama-</strong></span> 
     </span>
     <span class='ocr_line' id='line_1_43' title="bbox 145 4079 940 4151; baseline 0 -16"><span class='ocrx_word' id='word_1_299' title='bbox 145 4087 205 4144; x_wconf 88' lang='lat' dir='ltr'><strong>oat,</strong></span> <span class='ocrx_word' id='word_1_300' title='bbox 230 4079 303 4151; x_wconf 90' lang='lat' dir='ltr'><strong>quod</strong></span> <span class='ocrx_word' id='word_1_301' title='bbox 326 4079 448 4134; x_wconf 88' lang='lat' dir='ltr'><strong>nondum</strong></span> <span class='ocrx_word' id='word_1_302' title='bbox 464 4079 594 4145; x_wconf 74' lang='lat' dir='ltr'><strong>fraretum,</strong></span> <span class='ocrx_word' id='word_1_303' title='bbox 618 4080 666 4138; x_wconf 91' lang='lat' dir='ltr'><strong>sed</strong></span> <span class='ocrx_word' id='word_1_304' title='bbox 688 4079 872 4135; x_wconf 86' lang='lat' dir='ltr'><strong>ioliatantum</strong></span> <span class='ocrx_word' id='word_1_305' title='bbox 890 4080 940 4135; x_wconf 91' lang='lat' dir='ltr'><strong>ha-</strong></span> 
     </span>
     <span class='ocr_line' id='line_1_44' title="bbox 144 4169 940 4243; baseline -0.005 -15"><span class='ocrx_word' id='word_1_306' title='bbox 144 4181 233 4228; x_wconf 85' lang='lat' dir='ltr'><strong>beret.</strong></span> <span class='ocrx_word' id='word_1_307' title='bbox 249 4169 328 4237; x_wconf 83' lang='lat' dir='ltr'><strong>Quod</strong></span> <span class='ocrx_word' id='word_1_308' title='bbox 347 4187 414 4243; x_wconf 90' lang='lat' dir='ltr'><strong>ergo</strong></span> <span class='ocrx_word' id='word_1_309' title='bbox 432 4171 510 4235; x_wconf 89' lang='lat' dir='ltr'><strong>dicit,</strong></span> <span class='ocrx_word' id='word_1_310' title='bbox 525 4171 583 4242; x_wconf 78' lang='lat' dir='ltr'><strong>iam</strong></span> <span class='ocrx_word' id='word_1_311' title='bbox 596 4186 653 4227; x_wconf 91' lang='lat' dir='ltr'><strong>noa</strong></span> <span class='ocrx_word' id='word_1_312' title='bbox 677 4171 795 4241; x_wconf 92' lang='lat' dir='ltr'><strong>amplias</strong></span> <span class='ocrx_word' id='word_1_313' title='bbox 811 4172 841 4225; x_wconf 92' lang='lat' dir='ltr'><strong>in</strong></span> <span class='ocrx_word' id='word_1_314' title='bbox 860 4177 940 4227; x_wconf 84' lang='lat' dir='ltr'><strong>aeter-</strong></span> 
     </span>
     <span class='ocr_line' id='line_1_45' title="bbox 144 4261 940 4335; baseline 0.001 -18"><span class='ocrx_word' id='word_1_315' title='bbox 144 4279 213 4318; x_wconf 90' lang='lat' dir='ltr'><strong>num</strong></span> <span class='ocrx_word' id='word_1_316' title='bbox 232 4265 378 4335; x_wconf 81' lang='lat' dir='ltr'><strong>quisquam</strong></span> <span class='ocrx_word' id='word_1_317' title='bbox 399 4263 520 4318; x_wconf 83' lang='lat' dir='ltr'><strong>tructam</strong></span> <span class='ocrx_word' id='word_1_318' title='bbox 540 4278 575 4319; x_wconf 88' lang='lat' dir='ltr'><strong>ex</strong></span> <span class='ocrx_word' id='word_1_319' title='bbox 600 4268 629 4319; x_wconf 91' lang='lat' dir='ltr'><strong>te</strong></span> <span class='ocrx_word' id='word_1_320' title='bbox 649 4261 811 4330; x_wconf 88' lang='lat' dir='ltr'><strong>manducet;</strong></span> <span class='ocrx_word' id='word_1_321' title='bbox 834 4276 891 4317; x_wconf 89' lang='lat' dir='ltr'><strong>aon</strong></span> <span class='ocrx_word' id='word_1_322' title='bbox 906 4262 940 4318; x_wconf 91' lang='lat' dir='ltr'><strong>de</strong></span> 
     </span>
     <span class='ocr_line' id='line_1_46' title="bbox 144 4353 940 4428; baseline -0.001 -18"><span class='ocrx_word' id='word_1_323' title='bbox 144 4365 204 4411; x_wconf 87' lang='lat' dir='ltr'><strong>tota</strong></span> <span class='ocrx_word' id='word_1_324' title='bbox 225 4356 391 4428; x_wconf 85' lang='lat' dir='ltr'><strong>generaliter</strong></span> <span class='ocrx_word' id='word_1_325' title='bbox 414 4353 570 4427; x_wconf 81' lang='lat' dir='ltr'><strong>synagoga,</strong></span> <span class='ocrx_word' id='word_1_326' title='bbox 585 4355 633 4411; x_wconf 87' lang='lat' dir='ltr'><strong>sed</strong></span> <span class='ocrx_word' id='word_1_327' title='bbox 656 4353 809 4410; x_wconf 84' lang='lat' dir='ltr'><strong>secundum</strong></span> <span class='ocrx_word' id='word_1_328' title='bbox 833 4361 940 4425; x_wconf 91' lang='lat' dir='ltr'><strong>partem</strong></span> 
     </span>
    </p>
   </div>
   <div class='ocr_carea' id='block_1_13' title="bbox 143 4446 976 4531">
    <p class='ocr_par' dir='ltr' id='par_1_13' title="bbox 143 4446 976 4531">
     <span class='ocr_line' id='line_1_47' title="bbox 143 4446 976 4531; baseline 0 -29"><span class='ocrx_word' id='word_1_329' title='bbox 143 4450 261 4520; x_wconf 86' lang='lat' dir='ltr'><strong>majoris</strong></span> <span class='ocrx_word' id='word_1_330' title='bbox 276 4446 491 4519; x_wconf 66' lang='lat' dir='ltr'><strong>numerianum</strong></span> <span class='ocrx_word' id='word_1_331' title='bbox 506 4448 587 4504; x_wconf 89' lang='lat' dir='ltr'><strong>scivit</strong></span> <span class='ocrx_word' id='word_1_332' title='bbox 607 4464 748 4519; x_wconf 85' lang='lat' dir='ltr'><strong>nrrnquam</strong></span> <span class='ocrx_word' id='word_1_333' title='bbox 774 4455 937 4504; x_wconf 83' lang='lat' dir='ltr'><strong>conuerten·</strong></span> <span class='ocrx_word' id='word_1_334' title='bbox 953 4476 976 4531; x_wconf 71' lang='grc' dir='ltr'><strong>Ι)</strong></span> 
     </span>
    </p>
   </div>
   <div class='ocr_carea' id='block_1_14' title="bbox 143 4539 939 4800">
    <p class='ocr_par' dir='ltr' id='par_1_14' title="bbox 143 4539 939 4800">
     <span class='ocr_line' id='line_1_48' title="bbox 143 4539 937 4613; baseline -0.001 -14"><span class='ocrx_word' id='word_1_335' title='bbox 143 4543 219 4607; x_wconf 85' lang='lat' dir='ltr'><strong>darn,</strong></span> <span class='ocrx_word' id='word_1_336' title='bbox 237 4543 278 4600; x_wconf 86' lang='lat' dir='ltr'><strong>sie</strong></span> <span class='ocrx_word' id='word_1_337' title='bbox 297 4557 442 4613; x_wconf 84' lang='lat' dir='ltr'><strong>exponas:</strong></span> <span class='ocrx_word' id='word_1_338' title='bbox 476 4542 537 4597; x_wconf 85' lang='lat' dir='ltr'><strong>lam</strong></span> <span class='ocrx_word' id='word_1_339' title='bbox 555 4542 655 4598; x_wconf 87' lang='lat' dir='ltr'><strong>adhoc</strong></span> <span class='ocrx_word' id='word_1_340' title='bbox 670 4542 779 4609; x_wconf 84' lang='lat' dir='ltr'><strong>venisti,</strong></span> <span class='ocrx_word' id='word_1_341' title='bbox 795 4558 812 4598; x_wconf 95' lang='lat' dir='ltr'><strong>o</strong></span> <span class='ocrx_word' id='word_1_342' title='bbox 832 4539 937 4610; x_wconf 74' lang='lat' dir='ltr'><strong>iudaea,</strong></span> 
     </span>
     <span class='ocr_line' id='line_1_49' title="bbox 143 4635 939 4708; baseline 0.004 -17"><span class='ocrx_word' id='word_1_343' title='bbox 143 4646 174 4691; x_wconf 92' lang='lat' dir='ltr'><strong>ut</strong></span> <span class='ocrx_word' id='word_1_344' title='bbox 189 4635 323 4706; x_wconf 85' lang='lat' dir='ltr'><strong>deinceps</strong></span> <span class='ocrx_word' id='word_1_345' title='bbox 337 4637 366 4690; x_wconf 92' lang='lat' dir='ltr'><strong>in</strong></span> <span class='ocrx_word' id='word_1_346' title='bbox 380 4642 541 4708; x_wconf 86' lang='lat' dir='ltr'><strong>perpetuum</strong></span> <span class='ocrx_word' id='word_1_347' title='bbox 556 4651 638 4693; x_wconf 91' lang='lat' dir='ltr'><strong>nemo</strong></span> <span class='ocrx_word' id='word_1_348' title='bbox 656 4635 777 4692; x_wconf 78' lang='lat' dir='ltr'><strong>tructam</strong></span> <span class='ocrx_word' id='word_1_349' title='bbox 791 4637 939 4694; x_wconf 85' lang='lat' dir='ltr'><strong>marxdueet</strong></span> 
     </span>
     <span class='ocr_line' id='line_1_50' title="bbox 143 4728 939 4800; baseline 0.001 -16"><span class='ocrx_word' id='word_1_350' title='bbox 143 4745 178 4784; x_wconf 88' lang='lat' dir='ltr'><strong>ex</strong></span> <span class='ocrx_word' id='word_1_351' title='bbox 204 4735 243 4794; x_wconf 89' lang='lat' dir='ltr'><strong>te,</strong></span> <span class='ocrx_word' id='word_1_352' title='bbox 266 4728 369 4794; x_wconf 93' lang='lat' dir='ltr'><strong>idest,</strong></span> <span class='ocrx_word' id='word_1_353' title='bbox 414 4729 488 4786; x_wconf 92' lang='lat' dir='ltr'><strong>ullus</strong></span> <span class='ocrx_word' id='word_1_354' title='bbox 512 4730 605 4800; x_wconf 87' lang='lat' dir='ltr'><strong>jnstus</strong></span> <span class='ocrx_word' id='word_1_355' title='bbox 633 4728 782 4786; x_wconf 90' lang='lat' dir='ltr'><strong>delectetur</strong></span> <span class='ocrx_word' id='word_1_356' title='bbox 803 4730 831 4785; x_wconf 91' lang='lat' dir='ltr'><strong>in</strong></span> <span class='ocrx_word' id='word_1_357' title='bbox 847 4728 939 4787; x_wconf 86' lang='lat' dir='ltr'><strong>lructu</strong></span> 
     </span>
    </p>
   </div>
   <div class='ocr_carea' id='block_1_15' title="bbox 143 4834 617 5031">
    <p class='ocr_par' dir='ltr' id='par_1_15' title="bbox 143 4834 617 5031">
     <span class='ocr_line' id='line_1_51' title="bbox 143 4834 193 4878; baseline 0 0"><span class='ocrx_word' id='word_1_358' title='bbox 143 4834 193 4878; x_wconf 91' lang='lat' dir='ltr'><strong>tuo</strong></span> 
     </span>
     <span class='ocr_line' id='line_1_52' title="bbox 480 4916 617 5031; baseline 0.051 -7"><span class='ocrx_word' id='word_1_359' title='bbox 480 4937 535 5025; x_wconf 86' lang='lat' dir='ltr'><strong>a.</strong></span> <span class='ocrx_word' id='word_1_360' title='bbox 570 4916 617 5031; x_wconf 70' lang='lat'><strong>¹3⁵</strong></span> 
     </span>
    </p>
   </div>
   <div class='ocr_carea' id='block_1_16' title="bbox 138 5081 938 5800">
    <p class='ocr_par' dir='ltr' id='par_1_16' title="bbox 140 5081 938 5439">
     <span class='ocr_line' id='line_1_53' title="bbox 179 5081 935 5157; baseline 0.003 -19"><span class='ocrx_word' id='word_1_361' title='bbox 179 5081 217 5138; x_wconf 80' lang='lat' dir='ltr'><strong>Et</strong></span> <span class='ocrx_word' id='word_1_362' title='bbox 227 5099 287 5138; x_wconf 84' lang='lat' dir='ltr'><strong>cum</strong></span> <span class='ocrx_word' id='word_1_363' title='bbox 299 5099 406 5154; x_wconf 82' lang='lat' dir='ltr'><strong>uespera</strong></span> <span class='ocrx_word' id='word_1_364' title='bbox 416 5084 577 5155; x_wconf 72' lang='lat' dir='ltr'><strong>[actuasset.</strong></span> <span class='ocrx_word' id='word_1_365' title='bbox 588 5083 771 5157; x_wconf 82' lang='lat' dir='ltr'><strong>egrediebatur</strong></span> <span class='ocrx_word' id='word_1_366' title='bbox 779 5084 811 5142; x_wconf 87' lang='lat' dir='ltr'><strong>de</strong></span> <span class='ocrx_word' id='word_1_367' title='bbox 821 5083 935 5140; x_wconf 83' lang='lat' dir='ltr'><strong>ciuitate.</strong></span> 
     </span>
     <span class='ocr_line' id='line_1_54' title="bbox 143 5171 938 5250; baseline 0.005 -19"><span class='ocrx_word' id='word_1_368' title='bbox 143 5171 180 5231; x_wconf 84' lang='lat' dir='ltr'><strong>Et</strong></span> <span class='ocrx_word' id='word_1_369' title='bbox 193 5192 254 5230; x_wconf 85' lang='lat' dir='ltr'><strong>curu</strong></span> <span class='ocrx_word' id='word_1_370' title='bbox 265 5193 343 5232; x_wconf 85' lang='lat' dir='ltr'><strong>mune</strong></span> <span class='ocrx_word' id='word_1_371' title='bbox 355 5177 512 5244; x_wconf 82' lang='lat' dir='ltr'><strong>transireat,</strong></span> <span class='ocrx_word' id='word_1_372' title='bbox 536 5177 656 5234; x_wconf 83' lang='lat' dir='ltr'><strong>uiderunt</strong></span> <span class='ocrx_word' id='word_1_373' title='bbox 679 5179 759 5250; x_wconf 75' lang='lat' dir='ltr'><strong>licum</strong></span> <span class='ocrx_word' id='word_1_374' title='bbox 775 5178 881 5234; x_wconf 82' lang='lat' dir='ltr'><strong>aridum</strong></span> <span class='ocrx_word' id='word_1_375' title='bbox 895 5177 938 5249; x_wconf 74' lang='lat' dir='ltr'><strong>su-</strong></span> 
     </span>
     <span class='ocr_line' id='line_1_55' title="bbox 140 5271 936 5339; baseline -0.001 -11"><span class='ocrx_word' id='word_1_376' title='bbox 140 5283 216 5328; x_wconf 83' lang='lat' dir='ltr'><strong>etam</strong></span> <span class='ocrx_word' id='word_1_377' title='bbox 238 5271 420 5338; x_wconf 77' lang='lat' dir='ltr'><strong>eradicitus,</strong></span> <span class='ocrx_word' id='word_1_378' title='bbox 442 5279 469 5326; x_wconf 85' lang='lat' dir='ltr'><strong>et</strong></span> <span class='ocrx_word' id='word_1_379' title='bbox 493 5271 647 5328; x_wconf 77' lang='lat' dir='ltr'><strong>recordatur</strong></span> <span class='ocrx_word' id='word_1_380' title='bbox 676 5272 784 5339; x_wconf 82' lang='lat' dir='ltr'><strong>Petrus,</strong></span> <span class='ocrx_word' id='word_1_381' title='bbox 810 5272 874 5328; x_wconf 82' lang='lat' dir='ltr'><strong>dicit</strong></span> <span class='ocrx_word' id='word_1_382' title='bbox 893 5272 936 5328; x_wconf 89' lang='lat' dir='ltr'><strong>ei:</strong></span> 
     </span>
     <span class='ocr_line' id='line_1_56' title="bbox 140 5363 731 5439; baseline 0.002 -18"><span class='ocrx_word' id='word_1_383' title='bbox 140 5363 241 5431; x_wconf 77' lang='lat' dir='ltr'><strong>flubii,</strong></span> <span class='ocrx_word' id='word_1_384' title='bbox 256 5383 314 5423; x_wconf 86' lang='lat' dir='ltr'><strong>ecee</strong></span> <span class='ocrx_word' id='word_1_385' title='bbox 325 5367 391 5439; x_wconf 74' lang='lat' dir='ltr'><strong>ficus</strong></span> <span class='ocrx_word' id='word_1_386' title='bbox 406 5366 450 5424; x_wconf 87' lang='lat' dir='ltr'><strong>eui</strong></span> <span class='ocrx_word' id='word_1_387' title='bbox 460 5365 635 5432; x_wconf 76' lang='lat' dir='ltr'><strong>maledixisti,</strong></span> <span class='ocrx_word' id='word_1_388' title='bbox 649 5367 731 5422; x_wconf 87' lang='lat' dir='ltr'><strong>uruit.</strong></span> 
     </span>
    </p>

    <p class='ocr_par' dir='ltr' id='par_1_17' title="bbox 138 5457 938 5800">
     <span class='ocr_line' id='line_1_57' title="bbox 181 5457 938 5534; baseline 0.003 -21"><span class='ocrx_word' id='word_1_389' title='bbox 181 5457 292 5534; x_wconf 71' lang='lat' dir='ltr'><strong>[Baua]</strong></span> <span class='ocrx_word' id='word_1_390' title='bbox 307 5461 434 5518; x_wconf 78' lang='lat' dir='ltr'><strong>Arelacta</strong></span> <span class='ocrx_word' id='word_1_391' title='bbox 445 5473 487 5520; x_wconf 89' lang='lat' dir='ltr'><strong>est</strong></span> <span class='ocrx_word' id='word_1_392' title='bbox 501 5459 642 5518; x_wconf 87' lang='lat' dir='ltr'><strong>radicibus</strong></span> <span class='ocrx_word' id='word_1_393' title='bbox 656 5458 734 5524; x_wconf 87' lang='lat' dir='ltr'><strong>linus,</strong></span> <span class='ocrx_word' id='word_1_394' title='bbox 750 5465 781 5513; x_wconf 93' lang='lat' dir='ltr'><strong>ut</strong></span> <span class='ocrx_word' id='word_1_395' title='bbox 796 5457 938 5515; x_wconf 88' lang='lat' dir='ltr'><strong>intimare·</strong></span> 
     </span>
     <span class='ocr_line' id='line_1_58' title="bbox 142 5549 936 5627; baseline -0.001 -20"><span class='ocrx_word' id='word_1_396' title='bbox 142 5558 191 5608; x_wconf 90' lang='lat' dir='ltr'><strong>tur</strong></span> <span class='ocrx_word' id='word_1_397' title='bbox 205 5551 325 5610; x_wconf 77' lang='lat' dir='ltr'><strong>nefanda</strong></span> <span class='ocrx_word' id='word_1_398' title='bbox 338 5554 416 5627; x_wconf 89' lang='lat' dir='ltr'><strong>plebs</strong></span> <span class='ocrx_word' id='word_1_399' title='bbox 427 5571 483 5613; x_wconf 89' lang='lat' dir='ltr'><strong>nou</strong></span> <span class='ocrx_word' id='word_1_400' title='bbox 499 5556 589 5613; x_wconf 91' lang='lat' dir='ltr'><strong>solum</strong></span> <span class='ocrx_word' id='word_1_401' title='bbox 602 5555 724 5610; x_wconf 87' lang='lat' dir='ltr'><strong>bumana</strong></span> <span class='ocrx_word' id='word_1_402' title='bbox 743 5551 830 5624; x_wconf 88' lang='lat' dir='ltr'><strong>gloria</strong></span> <span class='ocrx_word' id='word_1_403' title='bbox 845 5549 936 5607; x_wconf 85' lang='lat' dir='ltr'><strong>lorin-</strong></span> 
     </span>
     <span class='ocr_line' id='line_1_59' title="bbox 139 5643 937 5712; baseline -0.003 -11"><span class='ocrx_word' id='word_1_404' title='bbox 139 5659 236 5712; x_wconf 83' lang='lat' dir='ltr'><strong>secus,</strong></span> <span class='ocrx_word' id='word_1_405' title='bbox 250 5663 347 5707; x_wconf 85' lang='lat' dir='ltr'><strong>rerum</strong></span> <span class='ocrx_word' id='word_1_406' title='bbox 357 5649 440 5709; x_wconf 65' lang='lat' dir='ltr'><strong>mam</strong></span> <span class='ocrx_word' id='word_1_407' title='bbox 449 5649 545 5707; x_wconf 87' lang='lat' dir='ltr'><strong>dirian</strong></span> <span class='ocrx_word' id='word_1_408' title='bbox 558 5649 633 5706; x_wconf 90' lang='lat' dir='ltr'><strong>intus</strong></span> <span class='ocrx_word' id='word_1_409' title='bbox 644 5646 738 5706; x_wconf 85' lang='lat' dir='ltr'><strong>lurore</strong></span> <span class='ocrx_word' id='word_1_410' title='bbox 750 5643 877 5706; x_wconf 83' lang='lat' dir='ltr'><strong>turduus</strong></span> <span class='ocrx_word' id='word_1_411' title='bbox 888 5643 937 5700; x_wconf 90' lang='lat' dir='ltr'><strong>de-</strong></span> 
     </span>
     <span class='ocr_line' id='line_1_60' title="bbox 138 5740 292 5800; baseline 0.019 -6"><span class='ocrx_word' id='word_1_412' title='bbox 138 5740 292 5800; x_wconf 76' lang='lat' dir='ltr'><strong>statuenda,</strong></span> 
     </span>
    </p>
   </div>
   <div class='ocr_carea' id='block_1_17' title="bbox 1005 387 1804 696">
    <p class='ocr_par' dir='ltr' id='par_1_18' title="bbox 1005 387 1804 696">
     <span class='ocr_line' id='line_1_61' title="bbox 1246 387 1567 502; baseline -0.012 -6"><span class='ocrx_word' id='word_1_413' title='bbox 1246 409 1309 496; x_wconf 84' lang='lat' dir='ltr'><strong>a.</strong></span> <span class='ocrx_word' id='word_1_414' title='bbox 1347 388 1394 502; x_wconf 71' lang='lat' dir='ltr'><strong>t?</strong></span> <span class='ocrx_word' id='word_1_415' title='bbox 1431 408 1485 493; x_wconf 87' lang='lat' dir='ltr'><strong>a.</strong></span> <span class='ocrx_word' id='word_1_416' title='bbox 1521 387 1567 436; x_wconf 78' lang='lat'><strong>¹²⁸</strong></span> 
     </span>
     <span class='ocr_line' id='line_1_62' title="bbox 1040 529 1801 603; baseline -0.001 -16"><span class='ocrx_word' id='word_1_417' title='bbox 1040 531 1208 603; x_wconf 79' lang='lat' dir='ltr'><strong>Respondeas</strong></span> <span class='ocrx_word' id='word_1_418' title='bbox 1222 543 1309 588; x_wconf 85' lang='lat' dir='ltr'><strong>autem</strong></span> <span class='ocrx_word' id='word_1_419' title='bbox 1319 532 1409 598; x_wconf 72' lang='lat' dir='ltr'><strong>teras,</strong></span> <span class='ocrx_word' id='word_1_420' title='bbox 1423 535 1461 588; x_wconf 91' lang='lat' dir='ltr'><strong>uit</strong></span> <span class='ocrx_word' id='word_1_421' title='bbox 1471 534 1509 589; x_wconf 85' lang='lat' dir='ltr'><strong>eis</strong></span> <span class='ocrx_word' id='word_1_422' title='bbox 1520 548 1529 586; x_wconf 92' lang='lat'><strong>.·</strong></span> <span class='ocrx_word' id='word_1_423' title='bbox 1542 531 1644 587; x_wconf 79' lang='lat' dir='ltr'><strong>Habete</strong></span> <span class='ocrx_word' id='word_1_424' title='bbox 1652 531 1731 602; x_wconf 73' lang='lat' dir='ltr'><strong>fidem</strong></span> <span class='ocrx_word' id='word_1_425' title='bbox 1742 529 1801 586; x_wconf 81' lang='lat' dir='ltr'><strong>Dei.</strong></span> 
     </span>
     <span class='ocr_line' id='line_1_63' title="bbox 1005 623 1804 696; baseline 0.004 -19"><span class='ocrx_word' id='word_1_426' title='bbox 1005 623 1087 678; x_wconf 81' lang='lat' dir='ltr'><strong>Amen</strong></span> <span class='ocrx_word' id='word_1_427' title='bbox 1103 624 1254 692; x_wconf 84' lang='lat' dir='ltr'><strong>dicouobis,</strong></span> <span class='ocrx_word' id='word_1_428' title='bbox 1274 628 1297 681; x_wconf 86' lang='lat' dir='ltr'><strong>si</strong></span> <span class='ocrx_word' id='word_1_429' title='bbox 1308 625 1454 681; x_wconf 80' lang='lat' dir='ltr'><strong>debueritis</strong></span> <span class='ocrx_word' id='word_1_430' title='bbox 1466 624 1546 696; x_wconf 69' lang='lat' dir='ltr'><strong>tidem</strong></span> <span class='ocrx_word' id='word_1_431' title='bbox 1563 633 1590 679; x_wconf 84' lang='lat' dir='ltr'><strong>et</strong></span> <span class='ocrx_word' id='word_1_432' title='bbox 1600 642 1652 678; x_wconf 83' lang='lat' dir='ltr'><strong>uua</strong></span> <span class='ocrx_word' id='word_1_433' title='bbox 1667 625 1804 680; x_wconf 77' lang='lat' dir='ltr'><strong>tartarae-</strong></span> 
     </span>
    </p>
   </div>
   <div class='ocr_carea' id='block_1_18' title="bbox 1003 719 1801 884">
    <p class='ocr_par' dir='ltr' id='par_1_19' title="bbox 1003 719 1801 884">
     <span class='ocr_line' id='line_1_64' title="bbox 1004 719 1801 792; baseline 0.001 -20"><span class='ocrx_word' id='word_1_434' title='bbox 1004 721 1064 775; x_wconf 86' lang='lat' dir='ltr'><strong>ritis</strong></span> <span class='ocrx_word' id='word_1_435' title='bbox 1085 721 1112 775; x_wconf 87' lang='lat' dir='ltr'><strong>ia</strong></span> <span class='ocrx_word' id='word_1_436' title='bbox 1135 721 1225 786; x_wconf 83' lang='lat' dir='ltr'><strong>corde,</strong></span> <span class='ocrx_word' id='word_1_437' title='bbox 1246 737 1298 776; x_wconf 85' lang='lat' dir='ltr'><strong>noa</strong></span> <span class='ocrx_word' id='word_1_438' title='bbox 1317 721 1403 777; x_wconf 85' lang='lat' dir='ltr'><strong>sulam</strong></span> <span class='ocrx_word' id='word_1_439' title='bbox 1421 723 1452 776; x_wconf 90' lang='lat' dir='ltr'><strong>de</strong></span> <span class='ocrx_word' id='word_1_440' title='bbox 1464 721 1579 792; x_wconf 78' lang='lat' dir='ltr'><strong>ficulnea</strong></span> <span class='ocrx_word' id='word_1_441' title='bbox 1590 719 1706 791; x_wconf 70' lang='lat' dir='ltr'><strong>luderis,</strong></span> <span class='ocrx_word' id='word_1_442' title='bbox 1719 719 1764 775; x_wconf 86' lang='lat' dir='ltr'><strong>red</strong></span> <span class='ocrx_word' id='word_1_443' title='bbox 1775 731 1801 774; x_wconf 86' lang='lat' dir='ltr'><strong>es</strong></span> 
     </span>
     <span class='ocr_line' id='line_1_65' title="bbox 1003 811 1800 884; baseline 0.003 -18"><span class='ocrx_word' id='word_1_444' title='bbox 1003 811 1028 866; x_wconf 86' lang='lat' dir='ltr'><strong>si</strong></span> <span class='ocrx_word' id='word_1_445' title='bbox 1041 814 1123 868; x_wconf 84' lang='lat' dir='ltr'><strong>monti</strong></span> <span class='ocrx_word' id='word_1_446' title='bbox 1134 812 1194 867; x_wconf 79' lang='lat' dir='ltr'><strong>lauis</strong></span> <span class='ocrx_word' id='word_1_447' title='bbox 1208 812 1341 879; x_wconf 79' lang='lat' dir='ltr'><strong>dixeritis,</strong></span> <span class='ocrx_word' id='word_1_448' title='bbox 1359 813 1433 868; x_wconf 83' lang='lat' dir='ltr'><strong>Tolle</strong></span> <span class='ocrx_word' id='word_1_449' title='bbox 1453 822 1516 868; x_wconf 86' lang='lat' dir='ltr'><strong>teet</strong></span> <span class='ocrx_word' id='word_1_450' title='bbox 1529 815 1608 884; x_wconf 79' lang='lat' dir='ltr'><strong>jactu</strong></span> <span class='ocrx_word' id='word_1_451' title='bbox 1628 821 1652 868; x_wconf 86' lang='lat' dir='ltr'><strong>te</strong></span> <span class='ocrx_word' id='word_1_452' title='bbox 1668 813 1697 867; x_wconf 83' lang='lat' dir='ltr'><strong>in</strong></span> <span class='ocrx_word' id='word_1_453' title='bbox 1712 829 1800 882; x_wconf 83' lang='lat' dir='ltr'><strong>arare,</strong></span> 
     </span>
    </p>
   </div>
   <div class='ocr_carea' id='block_1_19' title="bbox 1003 993 1801 1161">
    <p class='ocr_par' dir='ltr' id='par_1_20' title="bbox 1003 993 1801 1161">
     <span class='ocr_line' id='line_1_66' title="bbox 1039 993 1801 1068; baseline 0.008 -22"><span class='ocrx_word' id='word_1_454' title='bbox 1039 993 1179 1068; x_wconf 75' lang='lat' dir='ltr'><strong>[Hannon]</strong></span> <span class='ocrx_word' id='word_1_455' title='bbox 1195 993 1310 1050; x_wconf 87' lang='lat' dir='ltr'><strong>Latrant</strong></span> <span class='ocrx_word' id='word_1_456' title='bbox 1323 1003 1421 1051; x_wconf 88' lang='lat' dir='ltr'><strong>contra</strong></span> <span class='ocrx_word' id='word_1_457' title='bbox 1442 1010 1493 1052; x_wconf 90' lang='lat' dir='ltr'><strong>nos</strong></span> <span class='ocrx_word' id='word_1_458' title='bbox 1508 995 1651 1068; x_wconf 89' lang='lat' dir='ltr'><strong>gentilium</strong></span> <span class='ocrx_word' id='word_1_459' title='bbox 1667 1011 1750 1051; x_wconf 87' lang='lat' dir='ltr'><strong>canes</strong></span> <span class='ocrx_word' id='word_1_460' title='bbox 1771 995 1801 1052; x_wconf 92' lang='lat' dir='ltr'><strong>in</strong></span> 
     </span>
     <span class='ocr_line' id='line_1_67' title="bbox 1003 1087 1801 1161; baseline 0.005 -18"><span class='ocrx_word' id='word_1_461' title='bbox 1003 1087 1063 1143; x_wconf 89' lang='lat' dir='ltr'><strong>suis</strong></span> <span class='ocrx_word' id='word_1_462' title='bbox 1096 1089 1293 1154; x_wconf 86' lang='lat' dir='ltr'><strong>uoluminibus,</strong></span> <span class='ocrx_word' id='word_1_463' title='bbox 1323 1097 1481 1147; x_wconf 84' lang='lat' dir='ltr'><strong>asserentes</strong></span> <span class='ocrx_word' id='word_1_464' title='bbox 1510 1091 1650 1161; x_wconf 83' lang='lat' dir='ltr'><strong>apostolos</strong></span> <span class='ocrx_word' id='word_1_465' title='bbox 1674 1089 1726 1147; x_wconf 88' lang='lat' dir='ltr'><strong>lide</strong></span> <span class='ocrx_word' id='word_1_466' title='bbox 1753 1105 1801 1146; x_wconf 83' lang='lat' dir='ltr'><strong>ea·</strong></span> 
     </span>
    </p>
   </div>
   <div class='ocr_carea' id='block_1_20' title="bbox 1001 1179 1801 1346">
    <p class='ocr_par' dir='ltr' id='par_1_21' title="bbox 1001 1179 1801 1346">
     <span class='ocr_line' id='line_1_68' title="bbox 1002 1179 1801 1253; baseline 0.008 -21"><span class='ocrx_word' id='word_1_467' title='bbox 1002 1179 1102 1246; x_wconf 89' lang='lat' dir='ltr'><strong>ruisse,</strong></span> <span class='ocrx_word' id='word_1_468' title='bbox 1117 1179 1182 1251; x_wconf 85' lang='lat' dir='ltr'><strong>quia</strong></span> <span class='ocrx_word' id='word_1_469' title='bbox 1197 1189 1305 1237; x_wconf 88' lang='lat' dir='ltr'><strong>montes</strong></span> <span class='ocrx_word' id='word_1_470' title='bbox 1316 1182 1470 1238; x_wconf 77' lang='lat' dir='ltr'><strong>transferre</strong></span> <span class='ocrx_word' id='word_1_471' title='bbox 1489 1197 1545 1238; x_wconf 86' lang='lat' dir='ltr'><strong>non</strong></span> <span class='ocrx_word' id='word_1_472' title='bbox 1560 1182 1711 1253; x_wconf 91' lang='lat' dir='ltr'><strong>potuerint.</strong></span> <span class='ocrx_word' id='word_1_473' title='bbox 1732 1180 1801 1250; x_wconf 85' lang='lat' dir='ltr'><strong>Qui-</strong></span> 
     </span>
     <span class='ocr_line' id='line_1_69' title="bbox 1001 1269 1798 1346; baseline -0.001 -20"><span class='ocrx_word' id='word_1_474' title='bbox 1001 1269 1054 1326; x_wconf 86' lang='lat' dir='ltr'><strong>bus</strong></span> <span class='ocrx_word' id='word_1_475' title='bbox 1069 1272 1279 1342; x_wconf 88' lang='lat' dir='ltr'><strong>respondemus,</strong></span> <span class='ocrx_word' id='word_1_476' title='bbox 1294 1274 1379 1328; x_wconf 85' lang='lat' dir='ltr'><strong>multu</strong></span> <span class='ocrx_word' id='word_1_477' title='bbox 1394 1275 1472 1346; x_wconf 83' lang='lat' dir='ltr'><strong>signu</strong></span> <span class='ocrx_word' id='word_1_478' title='bbox 1487 1273 1560 1344; x_wconf 72' lang='lat' dir='ltr'><strong>suctu</strong></span> <span class='ocrx_word' id='word_1_479' title='bbox 1578 1287 1636 1328; x_wconf 80' lang='lat' dir='ltr'><strong>esse</strong></span> <span class='ocrx_word' id='word_1_480' title='bbox 1646 1287 1663 1326; x_wconf 89' lang='lat' dir='ltr'><strong>u</strong></span> <span class='ocrx_word' id='word_1_481' title='bbox 1675 1271 1798 1337; x_wconf 85' lang='lat' dir='ltr'><strong>Domina,</strong></span> 
     </span>
    </p>
   </div>
   <div class='ocr_carea' id='block_1_21' title="bbox 995 1455 1798 3095">
    <p class='ocr_par' dir='ltr' id='par_1_22' title="bbox 995 1455 1798 3095">
     <span class='ocr_line' id='line_1_70' title="bbox 1001 1455 1797 1529; baseline 0.001 -20"><span class='ocrx_word' id='word_1_482' title='bbox 1001 1465 1047 1525; x_wconf 84' lang='lat' dir='ltr'><strong>pte</strong></span> <span class='ocrx_word' id='word_1_483' title='bbox 1067 1466 1164 1523; x_wconf 86' lang='lat' dir='ltr'><strong>esseut,</strong></span> <span class='ocrx_word' id='word_1_484' title='bbox 1186 1457 1301 1513; x_wconf 84' lang='lat' dir='ltr'><strong>muudus</strong></span> <span class='ocrx_word' id='word_1_485' title='bbox 1323 1475 1415 1529; x_wconf 82' lang='lat' dir='ltr'><strong>capere</strong></span> <span class='ocrx_word' id='word_1_486' title='bbox 1433 1475 1484 1514; x_wconf 84' lang='lat' dir='ltr'><strong>noa</strong></span> <span class='ocrx_word' id='word_1_487' title='bbox 1500 1467 1589 1528; x_wconf 83' lang='lat' dir='ltr'><strong>posset</strong></span> <span class='ocrx_word' id='word_1_488' title='bbox 1608 1455 1703 1528; x_wconf 71' lang='lat' dir='ltr'><strong>(doun.</strong></span> <span class='ocrx_word' id='word_1_489' title='bbox 1724 1456 1797 1529; x_wconf 81' lang='lat' dir='ltr'><strong>xxx),</strong></span> 
     </span>
     <span class='ocr_line' id='line_1_71' title="bbox 1001 1547 1796 1622; baseline 0.003 -20"><span class='ocrx_word' id='word_1_490' title='bbox 1001 1562 1057 1602; x_wconf 89' lang='lat' dir='ltr'><strong>aon</strong></span> <span class='ocrx_word' id='word_1_491' title='bbox 1073 1547 1147 1618; x_wconf 85' lang='lat' dir='ltr'><strong>quud</strong></span> <span class='ocrx_word' id='word_1_492' title='bbox 1166 1550 1286 1605; x_wconf 91' lang='lat' dir='ltr'><strong>mundus</strong></span> <span class='ocrx_word' id='word_1_493' title='bbox 1307 1550 1447 1606; x_wconf 87' lang='lat' dir='ltr'><strong>volumina</strong></span> <span class='ocrx_word' id='word_1_494' title='bbox 1470 1565 1570 1622; x_wconf 89' lang='lat' dir='ltr'><strong>capere</strong></span> <span class='ocrx_word' id='word_1_495' title='bbox 1590 1565 1646 1606; x_wconf 91' lang='lat' dir='ltr'><strong>aon</strong></span> <span class='ocrx_word' id='word_1_496' title='bbox 1667 1549 1796 1620; x_wconf 87' lang='lat' dir='ltr'><strong>potuerit,</strong></span> 
     </span>
     <span class='ocr_line' id='line_1_72' title="bbox 1001 1642 1797 1717; baseline 0.005 -23"><span class='ocrx_word' id='word_1_497' title='bbox 1001 1656 1062 1711; x_wconf 87' lang='lat' dir='ltr'><strong>quae</strong></span> <span class='ocrx_word' id='word_1_498' title='bbox 1073 1647 1166 1712; x_wconf 90' lang='lat' dir='ltr'><strong>potest</strong></span> <span class='ocrx_word' id='word_1_499' title='bbox 1180 1642 1309 1713; x_wconf 84' lang='lat' dir='ltr'><strong>quamvis</strong></span> <span class='ocrx_word' id='word_1_500' title='bbox 1323 1645 1504 1717; x_wconf 89' lang='lat' dir='ltr'><strong>multiplicata</strong></span> <span class='ocrx_word' id='word_1_501' title='bbox 1519 1645 1585 1709; x_wconf 90' lang='lat' dir='ltr'><strong>sint,</strong></span> <span class='ocrx_word' id='word_1_502' title='bbox 1602 1659 1687 1699; x_wconf 88' lang='lat' dir='ltr'><strong>unum</strong></span> <span class='ocrx_word' id='word_1_503' title='bbox 1705 1657 1797 1698; x_wconf 86' lang='lat' dir='ltr'><strong>arma-</strong></span> 
     </span>
     <span class='ocr_line' id='line_1_73' title="bbox 1000 1729 1798 1805; baseline 0.006 -22"><span class='ocrx_word' id='word_1_504' title='bbox 1000 1729 1101 1784; x_wconf 90' lang='lat' dir='ltr'><strong>riolum</strong></span> <span class='ocrx_word' id='word_1_505' title='bbox 1115 1731 1158 1786; x_wconf 83' lang='lat' dir='ltr'><strong>uel</strong></span> <span class='ocrx_word' id='word_1_506' title='bbox 1172 1747 1258 1787; x_wconf 90' lang='lat' dir='ltr'><strong>unum</strong></span> <span class='ocrx_word' id='word_1_507' title='bbox 1278 1747 1377 1804; x_wconf 88' lang='lat' dir='ltr'><strong>capere</strong></span> <span class='ocrx_word' id='word_1_508' title='bbox 1398 1733 1560 1799; x_wconf 90' lang='lat' dir='ltr'><strong>triclinium,</strong></span> <span class='ocrx_word' id='word_1_509' title='bbox 1578 1733 1626 1790; x_wconf 89' lang='lat' dir='ltr'><strong>sed</strong></span> <span class='ocrx_word' id='word_1_510' title='bbox 1642 1733 1715 1805; x_wconf 89' lang='lat' dir='ltr'><strong>quod</strong></span> <span class='ocrx_word' id='word_1_511' title='bbox 1739 1749 1798 1788; x_wconf 90' lang='lat' dir='ltr'><strong>ma·</strong></span> 
     </span>
     <span class='ocr_line' id='line_1_74' title="bbox 1001 1821 1797 1896; baseline 0.01 -20"><span class='ocrx_word' id='word_1_512' title='bbox 1001 1821 1145 1893; x_wconf 89' lang='lat' dir='ltr'><strong>gnitadine</strong></span> <span class='ocrx_word' id='word_1_513' title='bbox 1161 1823 1304 1895; x_wconf 90' lang='lat' dir='ltr'><strong>signorum</strong></span> <span class='ocrx_word' id='word_1_514' title='bbox 1319 1839 1368 1896; x_wconf 90' lang='lat' dir='ltr'><strong>pro</strong></span> <span class='ocrx_word' id='word_1_515' title='bbox 1391 1825 1533 1882; x_wconf 89' lang='lat' dir='ltr'><strong>miraculis</strong></span> <span class='ocrx_word' id='word_1_516' title='bbox 1555 1833 1583 1881; x_wconf 93' lang='lat' dir='ltr'><strong>et</strong></span> <span class='ocrx_word' id='word_1_517' title='bbox 1603 1825 1797 1884; x_wconf 86' lang='lat' dir='ltr'><strong>incredulitate</strong></span> 
     </span>
     <span class='ocr_line' id='line_1_75' title="bbox 1000 1913 1797 1987; baseline 0.006 -19"><span class='ocrx_word' id='word_1_518' title='bbox 1000 1913 1072 1969; x_wconf 81' lang='lat' dir='ltr'><strong>ferre</strong></span> <span class='ocrx_word' id='word_1_519' title='bbox 1087 1929 1143 1969; x_wconf 91' lang='lat' dir='ltr'><strong>non</strong></span> <span class='ocrx_word' id='word_1_520' title='bbox 1165 1923 1271 1985; x_wconf 89' lang='lat' dir='ltr'><strong>posset.</strong></span> <span class='ocrx_word' id='word_1_521' title='bbox 1291 1913 1378 1987; x_wconf 89' lang='lat' dir='ltr'><strong>igitur</strong></span> <span class='ocrx_word' id='word_1_522' title='bbox 1397 1923 1425 1972; x_wconf 91' lang='lat' dir='ltr'><strong>et</strong></span> <span class='ocrx_word' id='word_1_523' title='bbox 1448 1915 1506 1972; x_wconf 87' lang='lat' dir='ltr'><strong>haee</strong></span> <span class='ocrx_word' id='word_1_524' title='bbox 1528 1917 1668 1973; x_wconf 88' lang='lat' dir='ltr'><strong>credimus</strong></span> <span class='ocrx_word' id='word_1_525' title='bbox 1696 1916 1797 1974; x_wconf 86' lang='lat' dir='ltr'><strong>iecisse</strong></span> 
     </span>
     <span class='ocr_line' id='line_1_76' title="bbox 1000 2007 1797 2079; baseline 0.005 -18"><span class='ocrx_word' id='word_1_526' title='bbox 1000 2007 1160 2077; x_wconf 88' lang='lat' dir='ltr'><strong>apostolos;</strong></span> <span class='ocrx_word' id='word_1_527' title='bbox 1177 2009 1224 2063; x_wconf 89' lang='lat' dir='ltr'><strong>sed</strong></span> <span class='ocrx_word' id='word_1_528' title='bbox 1236 2007 1298 2063; x_wconf 91' lang='lat' dir='ltr'><strong>ideo</strong></span> <span class='ocrx_word' id='word_1_529' title='bbox 1313 2009 1415 2079; x_wconf 90' lang='lat' dir='ltr'><strong>scripta</strong></span> <span class='ocrx_word' id='word_1_530' title='bbox 1431 2025 1487 2064; x_wconf 91' lang='lat' dir='ltr'><strong>non</strong></span> <span class='ocrx_word' id='word_1_531' title='bbox 1501 2025 1572 2074; x_wconf 87' lang='lat' dir='ltr'><strong>esse,</strong></span> <span class='ocrx_word' id='word_1_532' title='bbox 1588 2025 1622 2065; x_wconf 91' lang='lat' dir='ltr'><strong>ae</strong></span> <span class='ocrx_word' id='word_1_533' title='bbox 1641 2008 1797 2065; x_wconf 81' lang='lat' dir='ltr'><strong>infidelibus</strong></span> 
     </span>
     <span class='ocr_line' id='line_1_77' title="bbox 998 2099 1796 2172; baseline 0.001 -19"><span class='ocrx_word' id='word_1_534' title='bbox 998 2113 1089 2170; x_wconf 71' lang='lat' dir='ltr'><strong>magor</strong></span> <span class='ocrx_word' id='word_1_535' title='bbox 1116 2099 1324 2155; x_wconf 88' lang='lat' dir='ltr'><strong>contradicendi</strong></span> <span class='ocrx_word' id='word_1_536' title='bbox 1346 2099 1461 2156; x_wconf 87' lang='lat' dir='ltr'><strong>daretur</strong></span> <span class='ocrx_word' id='word_1_537' title='bbox 1479 2101 1599 2164; x_wconf 85' lang='lat' dir='ltr'><strong>occasio,</strong></span> <span class='ocrx_word' id='word_1_538' title='bbox 1621 2101 1796 2172; x_wconf 82' lang='lat' dir='ltr'><strong>quandoqui-</strong></span> 
     </span>
     <span class='ocr_line' id='line_1_78' title="bbox 998 2191 1795 2263; baseline 0 -18"><span class='ocrx_word' id='word_1_539' title='bbox 998 2191 1060 2247; x_wconf 88' lang='lat' dir='ltr'><strong>dem</strong></span> <span class='ocrx_word' id='word_1_540' title='bbox 1072 2191 1226 2248; x_wconf 88' lang='lat' dir='ltr'><strong>minoribus</strong></span> <span class='ocrx_word' id='word_1_541' title='bbox 1234 2193 1321 2263; x_wconf 91' lang='lat' dir='ltr'><strong>siguis</strong></span> <span class='ocrx_word' id='word_1_542' title='bbox 1331 2207 1392 2262; x_wconf 82' lang='lat' dir='ltr'><strong>quae</strong></span> <span class='ocrx_word' id='word_1_543' title='bbox 1402 2193 1506 2263; x_wconf 86' lang='lat' dir='ltr'><strong>scripta</strong></span> <span class='ocrx_word' id='word_1_544' title='bbox 1516 2201 1591 2256; x_wconf 89' lang='lat' dir='ltr'><strong>sunt,</strong></span> <span class='ocrx_word' id='word_1_545' title='bbox 1600 2207 1656 2248; x_wconf 87' lang='lat' dir='ltr'><strong>nou</strong></span> <span class='ocrx_word' id='word_1_546' title='bbox 1668 2193 1795 2248; x_wconf 66' lang='lat' dir='ltr'><strong>credunt,</strong></span> 
     </span>
     <span class='ocr_line' id='line_1_79' title="bbox 997 2282 1795 2356; baseline 0.006 -20"><span class='ocrx_word' id='word_1_547' title='bbox 997 2282 1126 2356; x_wconf 87' lang='lat' dir='ltr'><strong>Legimus</strong></span> <span class='ocrx_word' id='word_1_548' title='bbox 1141 2283 1243 2338; x_wconf 88' lang='lat' dir='ltr'><strong>lactum</strong></span> <span class='ocrx_word' id='word_1_549' title='bbox 1260 2282 1447 2356; x_wconf 85' lang='lat' dir='ltr'><strong>[miraculum]</strong></span> <span class='ocrx_word' id='word_1_550' title='bbox 1463 2285 1592 2355; x_wconf 89' lang='lat' dir='ltr'><strong>precibus</strong></span> <span class='ocrx_word' id='word_1_551' title='bbox 1607 2285 1680 2340; x_wconf 86' lang='lat' dir='ltr'><strong>beati</strong></span> <span class='ocrx_word' id='word_1_552' title='bbox 1704 2283 1795 2341; x_wconf 83' lang='lat' dir='ltr'><strong>Patris</strong></span> 
     </span>
     <span class='ocr_line' id='line_1_80' title="bbox 998 2373 1795 2446; baseline 0.005 -16"><span class='ocrx_word' id='word_1_553' title='bbox 998 2373 1133 2446; x_wconf 87' lang='lat' dir='ltr'><strong>Gregorii,</strong></span> <span class='ocrx_word' id='word_1_554' title='bbox 1156 2375 1335 2432; x_wconf 80' lang='lat' dir='ltr'><strong>Neocaesariae</strong></span> <span class='ocrx_word' id='word_1_555' title='bbox 1353 2374 1434 2430; x_wconf 84' lang='lat' dir='ltr'><strong>Ponti</strong></span> <span class='ocrx_word' id='word_1_556' title='bbox 1449 2377 1593 2442; x_wconf 89' lang='lat' dir='ltr'><strong>antistitis,</strong></span> <span class='ocrx_word' id='word_1_557' title='bbox 1616 2377 1669 2432; x_wconf 86' lang='lat' dir='ltr'><strong>riri</strong></span> <span class='ocrx_word' id='word_1_558' title='bbox 1687 2377 1795 2434; x_wconf 88' lang='lat' dir='ltr'><strong>meritis</strong></span> 
     </span>
     <span class='ocr_line' id='line_1_81' title="bbox 997 2468 1794 2532; baseline 0 -8"><span class='ocrx_word' id='word_1_559' title='bbox 997 2478 1024 2524; x_wconf 89' lang='lat' dir='ltr'><strong>et</strong></span> <span class='ocrx_word' id='word_1_560' title='bbox 1037 2469 1187 2524; x_wconf 84' lang='lat' dir='ltr'><strong>virtutibus</strong></span> <span class='ocrx_word' id='word_1_561' title='bbox 1201 2468 1306 2532; x_wconf 90' lang='lat' dir='ltr'><strong>eximii,</strong></span> <span class='ocrx_word' id='word_1_562' title='bbox 1327 2475 1357 2522; x_wconf 94' lang='lat' dir='ltr'><strong>ut</strong></span> <span class='ocrx_word' id='word_1_563' title='bbox 1372 2483 1452 2523; x_wconf 87' lang='lat' dir='ltr'><strong>raons</strong></span> <span class='ocrx_word' id='word_1_564' title='bbox 1468 2468 1495 2522; x_wconf 94' lang='lat' dir='ltr'><strong>in</strong></span> <span class='ocrx_word' id='word_1_565' title='bbox 1511 2477 1586 2524; x_wconf 89' lang='lat' dir='ltr'><strong>terra</strong></span> <span class='ocrx_word' id='word_1_566' title='bbox 1612 2478 1718 2524; x_wconf 87' lang='lat' dir='ltr'><strong>tantam</strong></span> <span class='ocrx_word' id='word_1_567' title='bbox 1734 2470 1794 2524; x_wconf 92' lang='lat' dir='ltr'><strong>loco</strong></span> 
     </span>
     <span class='ocr_line' id='line_1_82' title="bbox 997 2560 1793 2633; baseline 0.003 -17"><span class='ocrx_word' id='word_1_568' title='bbox 997 2561 1116 2625; x_wconf 88' lang='lat' dir='ltr'><strong>cederet,</strong></span> <span class='ocrx_word' id='word_1_569' title='bbox 1139 2569 1273 2633; x_wconf 88' lang='lat' dir='ltr'><strong>quantum</strong></span> <span class='ocrx_word' id='word_1_570' title='bbox 1287 2561 1385 2616; x_wconf 85' lang='lat' dir='ltr'><strong>incolae</strong></span> <span class='ocrx_word' id='word_1_571' title='bbox 1407 2560 1528 2616; x_wconf 83' lang='lat' dir='ltr'><strong>civitatis</strong></span> <span class='ocrx_word' id='word_1_572' title='bbox 1550 2575 1621 2632; x_wconf 90' lang='lat' dir='ltr'><strong>opus</strong></span> <span class='ocrx_word' id='word_1_573' title='bbox 1643 2560 1793 2618; x_wconf 83' lang='lat' dir='ltr'><strong>habebant.</strong></span> 
     </span>
     <span class='ocr_line' id='line_1_83' title="bbox 996 2652 1793 2724; baseline -0.005 -14"><span class='ocrx_word' id='word_1_574' title='bbox 996 2653 1065 2710; x_wconf 85' lang='lat' dir='ltr'><strong>Cum</strong></span> <span class='ocrx_word' id='word_1_575' title='bbox 1081 2655 1155 2710; x_wconf 89' lang='lat' dir='ltr'><strong>enim</strong></span> <span class='ocrx_word' id='word_1_576' title='bbox 1170 2655 1267 2710; x_wconf 88' lang='lat' dir='ltr'><strong>voleus</strong></span> <span class='ocrx_word' id='word_1_577' title='bbox 1281 2652 1418 2708; x_wconf 78' lang='lat' dir='ltr'><strong>aedificare</strong></span> <span class='ocrx_word' id='word_1_578' title='bbox 1434 2653 1580 2709; x_wconf 66' lang='lat' dir='ltr'><strong>ecclesssam</strong></span> <span class='ocrx_word' id='word_1_579' title='bbox 1596 2652 1626 2707; x_wconf 91' lang='lat' dir='ltr'><strong>in</strong></span> <span class='ocrx_word' id='word_1_580' title='bbox 1641 2652 1702 2708; x_wconf 90' lang='lat' dir='ltr'><strong>loco</strong></span> <span class='ocrx_word' id='word_1_581' title='bbox 1716 2659 1793 2724; x_wconf 89' lang='lat' dir='ltr'><strong>apto,</strong></span> 
     </span>
     <span class='ocr_line' id='line_1_84' title="bbox 995 2745 1791 2820; baseline -0.005 -18"><span class='ocrx_word' id='word_1_582' title='bbox 995 2747 1102 2802; x_wconf 84' lang='lat' dir='ltr'><strong>rideret</strong></span> <span class='ocrx_word' id='word_1_583' title='bbox 1126 2762 1187 2803; x_wconf 90' lang='lat' dir='ltr'><strong>eum</strong></span> <span class='ocrx_word' id='word_1_584' title='bbox 1203 2747 1390 2820; x_wconf 90' lang='lat' dir='ltr'><strong>angustiorem</strong></span> <span class='ocrx_word' id='word_1_585' title='bbox 1414 2761 1572 2816; x_wconf 87' lang='lat' dir='ltr'><strong>essequam</strong></span> <span class='ocrx_word' id='word_1_586' title='bbox 1588 2761 1633 2802; x_wconf 92' lang='lat' dir='ltr'><strong>res</strong></span> <span class='ocrx_word' id='word_1_587' title='bbox 1654 2745 1791 2817; x_wconf 76' lang='lat' dir='ltr'><strong>erigebat.</strong></span> 
     </span>
     <span class='ocr_line' id='line_1_85' title="bbox 995 2837 1792 2912; baseline -0.001 -17"><span class='ocrx_word' id='word_1_588' title='bbox 995 2854 1028 2895; x_wconf 90' lang='lat' dir='ltr'><strong>en</strong></span> <span class='ocrx_word' id='word_1_589' title='bbox 1044 2839 1117 2912; x_wconf 82' lang='lat' dir='ltr'><strong>guod</strong></span> <span class='ocrx_word' id='word_1_590' title='bbox 1132 2855 1164 2896; x_wconf 90' lang='lat' dir='ltr'><strong>cx</strong></span> <span class='ocrx_word' id='word_1_591' title='bbox 1181 2855 1235 2896; x_wconf 88' lang='lat' dir='ltr'><strong>ana</strong></span> <span class='ocrx_word' id='word_1_592' title='bbox 1251 2847 1329 2911; x_wconf 88' lang='lat' dir='ltr'><strong>parte</strong></span> <span class='ocrx_word' id='word_1_593' title='bbox 1346 2853 1415 2910; x_wconf 89' lang='lat' dir='ltr'><strong>rape</strong></span> <span class='ocrx_word' id='word_1_594' title='bbox 1430 2837 1524 2904; x_wconf 86' lang='lat' dir='ltr'><strong>uraris,</strong></span> <span class='ocrx_word' id='word_1_595' title='bbox 1541 2838 1668 2894; x_wconf 86' lang='lat' dir='ltr'><strong>etaltera</strong></span> <span class='ocrx_word' id='word_1_596' title='bbox 1695 2847 1792 2894; x_wconf 86' lang='lat' dir='ltr'><strong>rnoate</strong></span> 
     </span>
     <span class='ocr_line' id='line_1_86' title="bbox 995 2929 1793 3004; baseline 0.001 -18"><span class='ocrx_word' id='word_1_597' title='bbox 995 2933 1121 3004; x_wconf 77' lang='lat' dir='ltr'><strong>proximo</strong></span> <span class='ocrx_word' id='word_1_598' title='bbox 1149 2939 1348 2996; x_wconf 86' lang='lat' dir='ltr'><strong>coarctaretur,</strong></span> <span class='ocrx_word' id='word_1_599' title='bbox 1374 2931 1449 2987; x_wconf 86' lang='lat' dir='ltr'><strong>rcnit</strong></span> <span class='ocrx_word' id='word_1_600' title='bbox 1474 2938 1557 2987; x_wconf 90' lang='lat' dir='ltr'><strong>nocte</strong></span> <span class='ocrx_word' id='word_1_601' title='bbox 1579 2930 1614 2985; x_wconf 91' lang='lat' dir='ltr'><strong>ad</strong></span> <span class='ocrx_word' id='word_1_602' title='bbox 1641 2929 1743 2996; x_wconf 90' lang='lat' dir='ltr'><strong>locum,</strong></span> <span class='ocrx_word' id='word_1_603' title='bbox 1765 2940 1793 2987; x_wconf 82' lang='lat' dir='ltr'><strong>et</strong></span> 
     </span>
     <span class='ocr_line' id='line_1_87' title="bbox 996 3020 1792 3095; baseline -0.001 -14"><span class='ocrx_word' id='word_1_604' title='bbox 996 3025 1114 3095; x_wconf 83' lang='lat' dir='ltr'><strong>genibus</strong></span> <span class='ocrx_word' id='word_1_605' title='bbox 1138 3023 1232 3092; x_wconf 87' lang='lat' dir='ltr'><strong>lleais,</strong></span> <span class='ocrx_word' id='word_1_606' title='bbox 1261 3023 1406 3080; x_wconf 89' lang='lat' dir='ltr'><strong>admonuit</strong></span> <span class='ocrx_word' id='word_1_607' title='bbox 1430 3020 1577 3080; x_wconf 86' lang='lat' dir='ltr'><strong>Dominum</strong></span> <span class='ocrx_word' id='word_1_608' title='bbox 1597 3023 1792 3095; x_wconf 81' lang='lat' dir='ltr'><strong>promissionis</strong></span> 
     </span>
    </p>
   </div>
   <div class='ocr_carea' id='block_1_22' title="bbox 956 3115 1794 3190">
    <p class='ocr_par' dir='ltr' id='par_1_23' title="bbox 956 3115 1794 3190">
     <span class='ocr_line' id='line_1_88' title="bbox 956 3115 1794 3190; baseline -0.001 -17"><span class='ocrx_word' id='word_1_609' title='bbox 956 3128 1061 3187; x_wconf 80' lang='lat' dir='ltr'><strong>csuae,</strong></span> <span class='ocrx_word' id='word_1_610' title='bbox 1077 3124 1108 3172; x_wconf 92' lang='lat' dir='ltr'><strong>ut</strong></span> <span class='ocrx_word' id='word_1_611' title='bbox 1122 3125 1244 3174; x_wconf 92' lang='lat' dir='ltr'><strong>montem</strong></span> <span class='ocrx_word' id='word_1_612' title='bbox 1268 3118 1377 3190; x_wconf 87' lang='lat' dir='ltr'><strong>longius</strong></span> <span class='ocrx_word' id='word_1_613' title='bbox 1389 3118 1469 3188; x_wconf 80' lang='lat' dir='ltr'><strong>juxta</strong></span> <span class='ocrx_word' id='word_1_614' title='bbox 1493 3115 1572 3172; x_wconf 90' lang='lat' dir='ltr'><strong>lldcm</strong></span> <span class='ocrx_word' id='word_1_615' title='bbox 1590 3117 1710 3187; x_wconf 89' lang='lat' dir='ltr'><strong>petentis</strong></span> <span class='ocrx_word' id='word_1_616' title='bbox 1731 3129 1794 3188; x_wconf 82' lang='lat' dir='ltr'><strong>age·</strong></span> 
     </span>
    </p>
   </div>
   <div class='ocr_carea' id='block_1_23' title="bbox 992 3207 1793 3925">
    <p class='ocr_par' dir='ltr' id='par_1_24' title="bbox 992 3207 1793 3925">
     <span class='ocr_line' id='line_1_89' title="bbox 995 3207 1791 3274; baseline 0 -12"><span class='ocrx_word' id='word_1_617' title='bbox 995 3217 1047 3264; x_wconf 92' lang='lat' dir='ltr'><strong>ret.</strong></span> <span class='ocrx_word' id='word_1_618' title='bbox 1064 3207 1096 3263; x_wconf 82' lang='lat' dir='ltr'><strong>Et</strong></span> <span class='ocrx_word' id='word_1_619' title='bbox 1111 3224 1192 3266; x_wconf 90' lang='lat' dir='ltr'><strong>manc</strong></span> <span class='ocrx_word' id='word_1_620' title='bbox 1213 3207 1286 3264; x_wconf 89' lang='lat' dir='ltr'><strong>laeto</strong></span> <span class='ocrx_word' id='word_1_621' title='bbox 1300 3225 1438 3274; x_wconf 84' lang='lat' dir='ltr'><strong>reuersus,</strong></span> <span class='ocrx_word' id='word_1_622' title='bbox 1460 3209 1564 3264; x_wconf 81' lang='lat' dir='ltr'><strong>inuenit</strong></span> <span class='ocrx_word' id='word_1_623' title='bbox 1582 3216 1703 3264; x_wconf 88' lang='lat' dir='ltr'><strong>montem</strong></span> <span class='ocrx_word' id='word_1_624' title='bbox 1728 3215 1791 3263; x_wconf 83' lang='lat' dir='ltr'><strong>tax-</strong></span> 
     </span>
     <span class='ocr_line' id='line_1_90' title="bbox 993 3299 1790 3372; baseline 0 -18"><span class='ocrx_word' id='word_1_625' title='bbox 993 3307 1051 3355; x_wconf 90' lang='lat' dir='ltr'><strong>tum</strong></span> <span class='ocrx_word' id='word_1_626' title='bbox 1068 3301 1151 3372; x_wconf 89' lang='lat' dir='ltr'><strong>spatii</strong></span> <span class='ocrx_word' id='word_1_627' title='bbox 1169 3301 1315 3371; x_wconf 87' lang='lat' dir='ltr'><strong>reliquisse</strong></span> <span class='ocrx_word' id='word_1_628' title='bbox 1339 3299 1524 3356; x_wconf 85' lang='lat' dir='ltr'><strong>structoribus</strong></span> <span class='ocrx_word' id='word_1_629' title='bbox 1549 3300 1682 3365; x_wconf 74' lang='lat' dir='ltr'><strong>ecclesie,</strong></span> <span class='ocrx_word' id='word_1_630' title='bbox 1700 3314 1790 3371; x_wconf 84' lang='lat' dir='ltr'><strong>quaa-</strong></span> 
     </span>
     <span class='ocr_line' id='line_1_91' title="bbox 993 3390 1791 3464; baseline 0.001 -18"><span class='ocrx_word' id='word_1_631' title='bbox 993 3399 1051 3446; x_wconf 88' lang='lat' dir='ltr'><strong>tmn</strong></span> <span class='ocrx_word' id='word_1_632' title='bbox 1067 3407 1137 3464; x_wconf 89' lang='lat' dir='ltr'><strong>opus</strong></span> <span class='ocrx_word' id='word_1_633' title='bbox 1153 3393 1317 3448; x_wconf 87' lang='lat' dir='ltr'><strong>habuerant.</strong></span> <span class='ocrx_word' id='word_1_634' title='bbox 1327 3391 1391 3448; x_wconf 85' lang='lat' dir='ltr'><strong>llaec</strong></span> <span class='ocrx_word' id='word_1_635' title='bbox 1404 3393 1550 3448; x_wconf 80' lang='lat' dir='ltr'><strong>aduersum</strong></span> <span class='ocrx_word' id='word_1_636' title='bbox 1562 3391 1711 3462; x_wconf 74' lang='lat' dir='ltr'><strong>quaerulos.</strong></span> <span class='ocrx_word' id='word_1_637' title='bbox 1728 3390 1791 3447; x_wconf 78' lang='lat' dir='ltr'><strong>Cae·</strong></span> 
     </span>
     <span class='ocr_line' id='line_1_92' title="bbox 992 3483 1792 3557; baseline 0.001 -17"><span class='ocrx_word' id='word_1_638' title='bbox 992 3494 1083 3542; x_wconf 89' lang='lat' dir='ltr'><strong>terum</strong></span> <span class='ocrx_word' id='word_1_639' title='bbox 1104 3501 1156 3540; x_wconf 90' lang='lat' dir='ltr'><strong>nos</strong></span> <span class='ocrx_word' id='word_1_640' title='bbox 1178 3494 1300 3542; x_wconf 90' lang='lat' dir='ltr'><strong>montem</strong></span> <span class='ocrx_word' id='word_1_641' title='bbox 1323 3486 1502 3557; x_wconf 88' lang='lat' dir='ltr'><strong>intelligimus</strong></span> <span class='ocrx_word' id='word_1_642' title='bbox 1524 3483 1674 3548; x_wconf 89' lang='lat' dir='ltr'><strong>diabolum,</strong></span> <span class='ocrx_word' id='word_1_643' title='bbox 1691 3483 1739 3554; x_wconf 81' lang='lat' dir='ltr'><strong>qui</strong></span> <span class='ocrx_word' id='word_1_644' title='bbox 1756 3484 1792 3541; x_wconf 90' lang='lat' dir='ltr'><strong>de</strong></span> 
     </span>
     <span class='ocr_line' id='line_1_93' title="bbox 992 3577 1792 3651; baseline -0.001 -19"><span class='ocrx_word' id='word_1_645' title='bbox 992 3579 1084 3634; x_wconf 88' lang='lat' dir='ltr'><strong>aalma</strong></span> <span class='ocrx_word' id='word_1_646' title='bbox 1107 3577 1227 3634; x_wconf 89' lang='lat' dir='ltr'><strong>hominis</strong></span> <span class='ocrx_word' id='word_1_647' title='bbox 1241 3591 1381 3651; x_wconf 88' lang='lat' dir='ltr'><strong>possessa,</strong></span> <span class='ocrx_word' id='word_1_648' title='bbox 1400 3578 1435 3633; x_wconf 88' lang='lat' dir='ltr'><strong>ab</strong></span> <span class='ocrx_word' id='word_1_649' title='bbox 1449 3577 1585 3648; x_wconf 86' lang='lat' dir='ltr'><strong>apostolis</strong></span> <span class='ocrx_word' id='word_1_650' title='bbox 1598 3585 1625 3631; x_wconf 89' lang='lat' dir='ltr'><strong>et</strong></span> <span class='ocrx_word' id='word_1_651' title='bbox 1642 3590 1736 3631; x_wconf 89' lang='lat' dir='ltr'><strong>corum</strong></span> <span class='ocrx_word' id='word_1_652' title='bbox 1752 3577 1792 3633; x_wconf 86' lang='lat' dir='ltr'><strong>si·</strong></span> 
     </span>
     <span class='ocr_line' id='line_1_94' title="bbox 992 3668 1790 3741; baseline -0.003 -15"><span class='ocrx_word' id='word_1_653' title='bbox 992 3671 1103 3726; x_wconf 88' lang='lat' dir='ltr'><strong>milibus</strong></span> <span class='ocrx_word' id='word_1_654' title='bbox 1121 3670 1268 3726; x_wconf 87' lang='lat' dir='ltr'><strong>translerri</strong></span> <span class='ocrx_word' id='word_1_655' title='bbox 1289 3678 1380 3741; x_wconf 86' lang='lat' dir='ltr'><strong>potest</strong></span> <span class='ocrx_word' id='word_1_656' title='bbox 1402 3669 1527 3734; x_wconf 87' lang='lat' dir='ltr'><strong>inmare,</strong></span> <span class='ocrx_word' id='word_1_657' title='bbox 1547 3669 1574 3724; x_wconf 93' lang='lat' dir='ltr'><strong>id</strong></span> <span class='ocrx_word' id='word_1_658' title='bbox 1601 3676 1653 3734; x_wconf 86' lang='lat' dir='ltr'><strong>est,</strong></span> <span class='ocrx_word' id='word_1_659' title='bbox 1678 3669 1707 3724; x_wconf 89' lang='lat' dir='ltr'><strong>in</strong></span> <span class='ocrx_word' id='word_1_660' title='bbox 1729 3668 1790 3724; x_wconf 85' lang='lat' dir='ltr'><strong>loca</strong></span> 
     </span>
     <span class='ocr_line' id='line_1_95' title="bbox 992 3761 1793 3835; baseline -0.004 -16"><span class='ocrx_word' id='word_1_661' title='bbox 992 3779 1096 3821; x_wconf 85' lang='lat' dir='ltr'><strong>amara.</strong></span> <span class='ocrx_word' id='word_1_662' title='bbox 1109 3762 1187 3821; x_wconf 87' lang='lat' dir='ltr'><strong>Unde</strong></span> <span class='ocrx_word' id='word_1_663' title='bbox 1200 3765 1229 3820; x_wconf 90' lang='lat' dir='ltr'><strong>iu</strong></span> <span class='ocrx_word' id='word_1_664' title='bbox 1242 3765 1348 3835; x_wconf 89' lang='lat' dir='ltr'><strong>psalmo</strong></span> <span class='ocrx_word' id='word_1_665' title='bbox 1365 3783 1372 3819; x_wconf 74' lang='grc' dir='ltr'><strong>ι</strong></span> <span class='ocrx_word' id='word_1_666' title='bbox 1391 3763 1454 3819; x_wconf 86' lang='lat' dir='ltr'><strong>Nou</strong></span> <span class='ocrx_word' id='word_1_667' title='bbox 1468 3761 1616 3820; x_wconf 84' lang='lat' dir='ltr'><strong>timebimus</strong></span> <span class='ocrx_word' id='word_1_668' title='bbox 1627 3762 1691 3818; x_wconf 89' lang='lat' dir='ltr'><strong>dum</strong></span> <span class='ocrx_word' id='word_1_669' title='bbox 1703 3761 1793 3816; x_wconf 84' lang='lat' dir='ltr'><strong>turla-</strong></span> 
     </span>
     <span class='ocr_line' id='line_1_96' title="bbox 993 3852 1790 3925; baseline -0.001 -18"><span class='ocrx_word' id='word_1_670' title='bbox 993 3853 1065 3908; x_wconf 84' lang='lat' dir='ltr'><strong>bitur</strong></span> <span class='ocrx_word' id='word_1_671' title='bbox 1088 3864 1170 3918; x_wconf 83' lang='lat' dir='ltr'><strong>terra,</strong></span> <span class='ocrx_word' id='word_1_672' title='bbox 1194 3864 1219 3910; x_wconf 88' lang='lat' dir='ltr'><strong>et</strong></span> <span class='ocrx_word' id='word_1_673' title='bbox 1246 3853 1441 3925; x_wconf 68' lang='lat' dir='ltr'><strong>transferentur</strong></span> <span class='ocrx_word' id='word_1_674' title='bbox 1461 3863 1561 3909; x_wconf 83' lang='lat' dir='ltr'><strong>montes</strong></span> <span class='ocrx_word' id='word_1_675' title='bbox 1586 3855 1615 3908; x_wconf 87' lang='lat' dir='ltr'><strong>ia</strong></span> <span class='ocrx_word' id='word_1_676' title='bbox 1641 3867 1687 3908; x_wconf 84' lang='lat' dir='ltr'><strong>eor</strong></span> <span class='ocrx_word' id='word_1_677' title='bbox 1705 3852 1790 3907; x_wconf 82' lang='lat' dir='ltr'><strong>muris</strong></span> 
     </span>
    </p>
   </div>
   <div class='ocr_carea' id='block_1_24' title="bbox 992 3945 1167 4020">
    <p class='ocr_par' dir='ltr' id='par_1_25' title="bbox 992 3945 1167 4020">
     <span class='ocr_line' id='line_1_97' title="bbox 992 3945 1167 4020; baseline 0.011 -19"><span class='ocrx_word' id='word_1_678' title='bbox 992 3945 1080 4020; x_wconf 72' lang='lat' dir='ltr'><strong>(Pani.</strong></span> <span class='ocrx_word' id='word_1_679' title='bbox 1094 3946 1167 4020; x_wconf 80' lang='lat' dir='ltr'><strong>xta).</strong></span> 
     </span>
    </p>
   </div>
   <div class='ocr_carea' id='block_1_25' title="bbox 989 4049 1788 4373">
    <p class='ocr_par' dir='ltr' id='par_1_26' title="bbox 989 4049 1788 4373">
     <span class='ocr_line' id='line_1_98' title="bbox 1232 4049 1550 4170; baseline -0.006 -6"><span class='ocrx_word' id='word_1_680' title='bbox 1232 4077 1285 4164; x_wconf 77' lang='lat' dir='ltr'><strong>Le</strong></span> <span class='ocrx_word' id='word_1_681' title='bbox 1322 4049 1368 4170; x_wconf 58' lang='lat' dir='ltr'><strong>&#39;i&#39;o</strong></span> <span class='ocrx_word' id='word_1_682' title='bbox 1404 4075 1467 4163; x_wconf 78' lang='lat' dir='ltr'><strong>Me</strong></span> <span class='ocrx_word' id='word_1_683' title='bbox 1504 4057 1550 4107; x_wconf 65' lang='lat'><strong>1⁷⁵</strong></span> 
     </span>
     <span class='ocr_line' id='line_1_99' title="bbox 1026 4220 1788 4295; baseline -0.004 -17"><span class='ocrx_word' id='word_1_684' title='bbox 1026 4222 1062 4278; x_wconf 83' lang='lat' dir='ltr'><strong>m</strong></span> <span class='ocrx_word' id='word_1_685' title='bbox 1076 4224 1199 4279; x_wconf 73' lang='lat' dir='ltr'><strong>dicerunt</strong></span> <span class='ocrx_word' id='word_1_686' title='bbox 1214 4226 1239 4279; x_wconf 89' lang='lat' dir='ltr'><strong>ei</strong></span> <span class='ocrx_word' id='word_1_687' title='bbox 1250 4224 1385 4295; x_wconf 83' lang='lat' dir='ltr'><strong>apostoli:</strong></span> <span class='ocrx_word' id='word_1_688' title='bbox 1403 4223 1525 4290; x_wconf 78' lang='lat' dir='ltr'><strong>Dounion,</strong></span> <span class='ocrx_word' id='word_1_689' title='bbox 1538 4220 1641 4294; x_wconf 84' lang='lat' dir='ltr'><strong>adauge</strong></span> <span class='ocrx_word' id='word_1_690' title='bbox 1660 4221 1734 4276; x_wconf 84' lang='lat' dir='ltr'><strong>nudis</strong></span> <span class='ocrx_word' id='word_1_691' title='bbox 1750 4223 1788 4293; x_wconf 72' lang='lat' dir='ltr'><strong>pi-</strong></span> 
     </span>
     <span class='ocr_line' id='line_1_100' title="bbox 989 4315 1303 4373; baseline 0.003 -2"><span class='ocrx_word' id='word_1_692' title='bbox 989 4316 1059 4372; x_wconf 84' lang='lat' dir='ltr'><strong>deta.</strong></span> <span class='ocrx_word' id='word_1_693' title='bbox 1075 4317 1111 4372; x_wconf 81' lang='lat' dir='ltr'><strong>Et</strong></span> <span class='ocrx_word' id='word_1_694' title='bbox 1123 4317 1193 4372; x_wconf 73' lang='lat' dir='ltr'><strong>discit</strong></span> <span class='ocrx_word' id='word_1_695' title='bbox 1203 4315 1303 4373; x_wconf 79' lang='lat' dir='ltr'><strong>detur:</strong></span> 
     </span>
    </p>
   </div>
   <div class='ocr_carea' id='block_1_26' title="bbox 1118 4446 1769 4563">
    <p class='ocr_par' dir='ltr' id='par_1_27' title="bbox 1118 4446 1769 4563">
     <span class='ocr_line' id='line_1_101' title="bbox 1118 4446 1769 4556; baseline -0.005 -55"><span class='ocrx_word' id='word_1_696' title='bbox 1118 4450 1240 4556; x_wconf 64' lang='lat' dir='ltr'><strong>libM</strong></span> <span class='ocrx_word' id='word_1_697' title='bbox 1299 4449 1327 4499; x_wconf 80' lang='lat'><strong>21</strong></span> <span class='ocrx_word' id='word_1_698' title='bbox 1378 4466 1412 4555; x_wconf 72' lang='grc' dir='ltr'>Α</span> <span class='ocrx_word' id='word_1_699' title='bbox 1470 4447 1525 4510; x_wconf 73' lang='lat' dir='ltr'><strong>las,</strong></span> <span class='ocrx_word' id='word_1_700' title='bbox 1543 4447 1598 4510; x_wconf 76' lang='lat'><strong>150,</strong></span> <span class='ocrx_word' id='word_1_701' title='bbox 1618 4447 1662 4498; x_wconf 74' lang='grc'><strong>153</strong></span> <span class='ocrx_word' id='word_1_702' title='bbox 1680 4453 1707 4498; x_wconf 84' lang='lat' dir='ltr'><strong>ei</strong></span> <span class='ocrx_word' id='word_1_703' title='bbox 1723 4446 1769 4498; x_wconf 78' lang='lat' dir='ltr'><strong>lai</strong></span> 
     </span>
     <span class='ocr_line' id='line_1_102' title="bbox 1128 4527 1431 4563; baseline -0.026 -1"><span class='ocrx_word' id='word_1_704' title='bbox 1128 4527 1152 4563; x_wconf 82' lang='lat' dir='ltr'><strong>tv</strong></span> <span class='ocrx_word' id='word_1_705' title='bbox 1250 4531 1262 4556; x_wconf 80' lang='grc' dir='ltr'><strong>ο</strong></span> <span class='ocrx_word' id='word_1_706' title='bbox 1419 4529 1431 4554; x_wconf 76' lang='lat'>0</span> 
     </span>
    </p>
   </div>
   <div class='ocr_carea' id='block_1_27' title="bbox 987 4611 1787 5518">
    <p class='ocr_par' dir='ltr' id='par_1_28' title="bbox 987 4611 1787 5518">
     <span class='ocr_line' id='line_1_103' title="bbox 1027 4611 1787 4690; baseline -0.008 -16"><span class='ocrx_word' id='word_1_707' title='bbox 1027 4617 1125 4675; x_wconf 82' lang='lat' dir='ltr'><strong>Omnia</strong></span> <span class='ocrx_word' id='word_1_708' title='bbox 1136 4633 1295 4690; x_wconf 81' lang='lat' dir='ltr'><strong>quacunque</strong></span> <span class='ocrx_word' id='word_1_709' title='bbox 1307 4625 1412 4672; x_wconf 84' lang='lat' dir='ltr'><strong>orantes</strong></span> <span class='ocrx_word' id='word_1_710' title='bbox 1431 4616 1532 4688; x_wconf 82' lang='lat' dir='ltr'><strong>petitis,</strong></span> <span class='ocrx_word' id='word_1_711' title='bbox 1550 4611 1648 4669; x_wconf 89' lang='lat' dir='ltr'><strong>credite</strong></span> <span class='ocrx_word' id='word_1_712' title='bbox 1661 4629 1724 4686; x_wconf 79' lang='lat' dir='ltr'><strong>pura</strong></span> <span class='ocrx_word' id='word_1_713' title='bbox 1741 4629 1787 4668; x_wconf 83' lang='lat' dir='ltr'><strong>uc-</strong></span> 
     </span>
     <span class='ocr_line' id='line_1_104' title="bbox 990 4708 1370 4784; baseline 0 -18"><span class='ocrx_word' id='word_1_714' title='bbox 990 4712 1141 4784; x_wconf 65' lang='lat' dir='ltr'><strong>ripiellam</strong></span> <span class='ocrx_word' id='word_1_715' title='bbox 1155 4711 1272 4766; x_wconf 77' lang='lat' dir='ltr'><strong>evenient</strong></span> <span class='ocrx_word' id='word_1_716' title='bbox 1287 4708 1370 4766; x_wconf 81' lang='lat' dir='ltr'><strong>nobis.</strong></span> 
     </span>
     <span class='ocr_line' id='line_1_105' title="bbox 988 4799 1783 4873; baseline -0.006 -15"><span class='ocrx_word' id='word_1_717' title='bbox 988 4815 996 4868; x_wconf 76' lang='lat' dir='ltr'><strong>t</strong></span> <span class='ocrx_word' id='word_1_718' title='bbox 1025 4801 1172 4859; x_wconf 86' lang='lat' dir='ltr'><strong>intraturis</strong></span> <span class='ocrx_word' id='word_1_719' title='bbox 1192 4801 1220 4856; x_wconf 93' lang='lat' dir='ltr'><strong>in</strong></span> <span class='ocrx_word' id='word_1_720' title='bbox 1241 4808 1343 4857; x_wconf 91' lang='lat' dir='ltr'><strong>terram</strong></span> <span class='ocrx_word' id='word_1_721' title='bbox 1367 4799 1571 4873; x_wconf 81' lang='lat' dir='ltr'><strong>promissionis,</strong></span> <span class='ocrx_word' id='word_1_722' title='bbox 1595 4799 1783 4854; x_wconf 84' lang='lat' dir='ltr'><strong>dictumest:</strong></span> 
     </span>
     <span class='ocr_line' id='line_1_106' title="bbox 991 4891 1784 4966; baseline -0.013 -14"><span class='ocrx_word' id='word_1_723' title='bbox 991 4896 1085 4953; x_wconf 83' lang='lat' dir='ltr'><strong>Omnis</strong></span> <span class='ocrx_word' id='word_1_724' title='bbox 1105 4894 1178 4950; x_wconf 82' lang='lat' dir='ltr'><strong>locus</strong></span> <span class='ocrx_word' id='word_1_725' title='bbox 1199 4910 1276 4966; x_wconf 83' lang='lat' dir='ltr'><strong>quem</strong></span> <span class='ocrx_word' id='word_1_726' title='bbox 1295 4893 1438 4949; x_wconf 84' lang='lat' dir='ltr'><strong>culcunerit</strong></span> <span class='ocrx_word' id='word_1_727' title='bbox 1454 4909 1498 4963; x_wconf 85' lang='lat' dir='ltr'><strong>pes</strong></span> <span class='ocrx_word' id='word_1_728' title='bbox 1520 4900 1612 4955; x_wconf 84' lang='lat' dir='ltr'><strong>uester,</strong></span> <span class='ocrx_word' id='word_1_729' title='bbox 1633 4899 1717 4943; x_wconf 77' lang='lat' dir='ltr'><strong>uester</strong></span> <span class='ocrx_word' id='word_1_730' title='bbox 1734 4891 1784 4944; x_wconf 89' lang='lat' dir='ltr'><strong>erit</strong></span> 
     </span>
     <span class='ocr_line' id='line_1_107' title="bbox 990 4981 1785 5063; baseline -0.011 -19"><span class='ocrx_word' id='word_1_731' title='bbox 990 4989 1081 5063; x_wconf 83' lang='lat' dir='ltr'><strong>(Deut.</strong></span> <span class='ocrx_word' id='word_1_732' title='bbox 1095 4987 1146 5058; x_wconf 82' lang='lat' dir='ltr'><strong>ar).</strong></span> <span class='ocrx_word' id='word_1_733' title='bbox 1161 4985 1212 5042; x_wconf 87' lang='lat' dir='ltr'><strong>llic</strong></span> <span class='ocrx_word' id='word_1_734' title='bbox 1226 4993 1317 5042; x_wconf 89' lang='lat' dir='ltr'><strong>autem</strong></span> <span class='ocrx_word' id='word_1_735' title='bbox 1332 4987 1412 5042; x_wconf 88' lang='lat' dir='ltr'><strong>nobis</strong></span> <span class='ocrx_word' id='word_1_736' title='bbox 1427 4986 1537 5048; x_wconf 87' lang='lat' dir='ltr'><strong>dicitur,</strong></span> <span class='ocrx_word' id='word_1_737' title='bbox 1558 4983 1622 5054; x_wconf 82' lang='lat' dir='ltr'><strong>qaia</strong></span> <span class='ocrx_word' id='word_1_738' title='bbox 1639 4981 1730 5036; x_wconf 90' lang='lat' dir='ltr'><strong>omnis</strong></span> <span class='ocrx_word' id='word_1_739' title='bbox 1743 4981 1785 5035; x_wconf 86' lang='lat' dir='ltr'><strong>lo-</strong></span> 
     </span>
     <span class='ocr_line' id='line_1_108' title="bbox 989 5075 1783 5150; baseline -0.018 -11"><span class='ocrx_word' id='word_1_740' title='bbox 989 5097 1039 5138; x_wconf 89' lang='lat' dir='ltr'><strong>cus</strong></span> <span class='ocrx_word' id='word_1_741' title='bbox 1057 5078 1254 5136; x_wconf 76' lang='lat' dir='ltr'><strong>misericordie</strong></span> <span class='ocrx_word' id='word_1_742' title='bbox 1267 5093 1349 5150; x_wconf 86' lang='lat' dir='ltr'><strong>quem</strong></span> <span class='ocrx_word' id='word_1_743' title='bbox 1364 5077 1485 5134; x_wconf 86' lang='lat' dir='ltr'><strong>calcabis</strong></span> <span class='ocrx_word' id='word_1_744' title='bbox 1502 5076 1571 5148; x_wconf 91' lang='lat' dir='ltr'><strong>pcde</strong></span> <span class='ocrx_word' id='word_1_745' title='bbox 1595 5075 1694 5128; x_wconf 88' lang='lat' dir='ltr'><strong>mentis</strong></span> <span class='ocrx_word' id='word_1_746' title='bbox 1718 5085 1783 5144; x_wconf 68' lang='lat' dir='ltr'><strong>gra⁴</strong></span> 
     </span>
     <span class='ocr_line' id='line_1_109' title="bbox 988 5163 1782 5238; baseline -0.015 -8"><span class='ocrx_word' id='word_1_747' title='bbox 988 5173 1096 5230; x_wconf 87' lang='lat' dir='ltr'><strong>dientes</strong></span> <span class='ocrx_word' id='word_1_748' title='bbox 1118 5172 1146 5226; x_wconf 90' lang='lat' dir='ltr'><strong>in</strong></span> <span class='ocrx_word' id='word_1_749' title='bbox 1160 5169 1258 5236; x_wconf 75' lang='lat' dir='ltr'><strong>licum</strong></span> <span class='ocrx_word' id='word_1_750' title='bbox 1278 5178 1374 5226; x_wconf 89' lang='lat' dir='ltr'><strong>noster</strong></span> <span class='ocrx_word' id='word_1_751' title='bbox 1388 5169 1451 5225; x_wconf 90' lang='lat' dir='ltr'><strong>crit.</strong></span> <span class='ocrx_word' id='word_1_752' title='bbox 1477 5167 1513 5222; x_wconf 89' lang='lat' dir='ltr'><strong>Ut</strong></span> <span class='ocrx_word' id='word_1_753' title='bbox 1532 5167 1616 5238; x_wconf 88' lang='lat' dir='ltr'><strong>igitar</strong></span> <span class='ocrx_word' id='word_1_754' title='bbox 1633 5163 1697 5219; x_wconf 84' lang='lat' dir='ltr'><strong>haic</strong></span> <span class='ocrx_word' id='word_1_755' title='bbox 1721 5163 1782 5235; x_wconf 89' lang='lat' dir='ltr'><strong>pedi</strong></span> 
     </span>
     <span class='ocr_line' id='line_1_110' title="bbox 988 5261 1783 5342; baseline -0.013 -20"><span class='ocrx_word' id='word_1_756' title='bbox 988 5263 1087 5322; x_wconf 84' lang='lat' dir='ltr'><strong>lortius</strong></span> <span class='ocrx_word' id='word_1_757' title='bbox 1108 5265 1270 5328; x_wconf 88' lang='lat' dir='ltr'><strong>innitamur,</strong></span> <span class='ocrx_word' id='word_1_758' title='bbox 1283 5264 1387 5319; x_wconf 87' lang='lat' dir='ltr'><strong>utinam</strong></span> <span class='ocrx_word' id='word_1_759' title='bbox 1404 5277 1452 5332; x_wconf 90' lang='lat' dir='ltr'><strong>pes</strong></span> <span class='ocrx_word' id='word_1_760' title='bbox 1467 5261 1536 5316; x_wconf 89' lang='lat' dir='ltr'><strong>alter</strong></span> <span class='ocrx_word' id='word_1_761' title='bbox 1551 5266 1707 5342; x_wconf 73' lang='lat' dir='ltr'><strong>enervetur,</strong></span> <span class='ocrx_word' id='word_1_762' title='bbox 1727 5273 1783 5328; x_wconf 85' lang='lat' dir='ltr'><strong>quo</strong></span> 
     </span>
     <span class='ocr_line' id='line_1_111' title="bbox 987 5350 1783 5428; baseline -0.011 -15"><span class='ocrx_word' id='word_1_763' title='bbox 987 5373 1065 5415; x_wconf 91' lang='lat' dir='ltr'><strong>meas</strong></span> <span class='ocrx_word' id='word_1_764' title='bbox 1075 5357 1110 5414; x_wconf 92' lang='lat' dir='ltr'><strong>ad</strong></span> <span class='ocrx_word' id='word_1_765' title='bbox 1125 5366 1233 5414; x_wconf 88' lang='lat' dir='ltr'><strong>terrena</strong></span> <span class='ocrx_word' id='word_1_766' title='bbox 1247 5356 1380 5428; x_wconf 90' lang='lat' dir='ltr'><strong>graditur,</strong></span> <span class='ocrx_word' id='word_1_767' title='bbox 1393 5353 1472 5421; x_wconf 78' lang='lat' dir='ltr'><strong>Juxta</strong></span> <span class='ocrx_word' id='word_1_768' title='bbox 1488 5352 1560 5424; x_wconf 87' lang='lat' dir='ltr'><strong>quod</strong></span> <span class='ocrx_word' id='word_1_769' title='bbox 1573 5353 1686 5423; x_wconf 88' lang='lat' dir='ltr'><strong>angelus</strong></span> <span class='ocrx_word' id='word_1_770' title='bbox 1700 5350 1783 5405; x_wconf 87' lang='lat' dir='ltr'><strong>bene-</strong></span> 
     </span>
     <span class='ocr_line' id='line_1_112' title="bbox 988 5443 1617 5518; baseline -0.014 -10"><span class='ocrx_word' id='word_1_771' title='bbox 988 5449 1084 5509; x_wconf 89' lang='lat' dir='ltr'><strong>dicens</strong></span> <span class='ocrx_word' id='word_1_772' title='bbox 1101 5449 1187 5507; x_wconf 83' lang='lat' dir='ltr'><strong>iacob</strong></span> <span class='ocrx_word' id='word_1_773' title='bbox 1199 5449 1298 5506; x_wconf 88' lang='lat' dir='ltr'><strong>iecisse</strong></span> <span class='ocrx_word' id='word_1_774' title='bbox 1311 5447 1411 5517; x_wconf 90' lang='lat' dir='ltr'><strong>legitur</strong></span> <span class='ocrx_word' id='word_1_775' title='bbox 1428 5443 1504 5518; x_wconf 83' lang='lat' dir='ltr'><strong>(Gen.</strong></span> <span class='ocrx_word' id='word_1_776' title='bbox 1518 5446 1617 5518; x_wconf 81' lang='lat' dir='ltr'><strong>xxxia).</strong></span> 
     </span>
    </p>
   </div>
   <div class='ocr_carea' id='block_1_28' title="bbox 1233 5557 1533 5673">
    <p class='ocr_par' dir='ltr' id='par_1_29' title="bbox 1233 5557 1533 5673">
     <span class='ocr_line' id='line_1_113' title="bbox 1233 5557 1533 5673; baseline 0.003 -65"><span class='ocrx_word' id='word_1_777' title='bbox 1233 5581 1286 5666; x_wconf 55' lang='lat' dir='ltr'><strong>R·</strong></span> <span class='ocrx_word' id='word_1_778' title='bbox 1322 5557 1368 5673; x_wconf 53' lang='lat'><strong>13¹6</strong></span> <span class='ocrx_word' id='word_1_779' title='bbox 1402 5579 1466 5666; x_wconf 58' lang='grc' dir='ltr'><strong>Μ.</strong></span> <span class='ocrx_word' id='word_1_780' title='bbox 1502 5559 1533 5610; x_wconf 79' lang='lat' dir='ltr'><strong>ll</strong></span> 
     </span>
    </p>
   </div>
   <div class='ocr_carea' id='block_1_29' title="bbox 1021 5725 1778 5802">
    <p class='ocr_par' dir='ltr' id='par_1_30' title="bbox 1021 5725 1778 5802">
     <span class='ocr_line' id='line_1_114' title="bbox 1021 5725 1778 5802; baseline -0.008 -14"><span class='ocrx_word' id='word_1_781' title='bbox 1021 5731 1129 5789; x_wconf 79' lang='lat' dir='ltr'><strong>Etcum</strong></span> <span class='ocrx_word' id='word_1_782' title='bbox 1147 5731 1253 5790; x_wconf 77' lang='lat' dir='ltr'><strong>stultitia</strong></span> <span class='ocrx_word' id='word_1_783' title='bbox 1269 5728 1304 5786; x_wconf 90' lang='lat' dir='ltr'><strong>ud</strong></span> <span class='ocrx_word' id='word_1_784' title='bbox 1314 5729 1455 5800; x_wconf 86' lang='lat' dir='ltr'><strong>orandum,</strong></span> <span class='ocrx_word' id='word_1_785' title='bbox 1474 5729 1598 5788; x_wconf 84' lang='lat' dir='ltr'><strong>dimittite</strong></span> <span class='ocrx_word' id='word_1_786' title='bbox 1612 5729 1636 5787; x_wconf 85' lang='lat' dir='ltr'><strong>ri</strong></span> <span class='ocrx_word' id='word_1_787' title='bbox 1656 5725 1719 5802; x_wconf 77' lang='lat' dir='ltr'><strong>guid</strong></span> <span class='ocrx_word' id='word_1_788' title='bbox 1729 5725 1778 5782; x_wconf 63' lang='lat' dir='ltr'><strong>aa</strong></span> 
     </span>
    </p>
   </div>
   <div class='ocr_carea' id='block_1_30' title="bbox 1951 4119 1955 4486">
    <p class='ocr_par' dir='ltr' id='par_1_31' title="bbox 1951 4119 1955 4486">
     <span class='ocr_line' id='line_1_115' title="bbox 1953 4119 1955 4154; baseline 0 -4"><span class='ocrx_word' id='word_1_789' title='bbox 1953 4119 1955 4154; x_wconf 75' lang='lat' dir='ltr'><strong>t</strong></span> 
     </span>
     <span class='ocr_line' id='line_1_116' title="bbox 1952 4219 1954 4265; baseline 0 0"><span class='ocrx_word' id='word_1_790' title='bbox 1952 4219 1954 4265; x_wconf 88' lang='lat' dir='ltr'><strong>l</strong></span> 
     </span>
     <span class='ocr_line' id='line_1_117' title="bbox 1952 4293 1953 4324; baseline 0 0"><span class='ocrx_word' id='word_1_791' title='bbox 1952 4293 1953 4324; x_wconf 87' lang='lat' dir='ltr'><strong>l</strong></span> 
     </span>
     <span class='ocr_line' id='line_1_118' title="bbox 1951 4327 1953 4377; baseline 0 0"><span class='ocrx_word' id='word_1_792' title='bbox 1951 4327 1953 4377; x_wconf 83' lang='lat' dir='ltr'><strong>l</strong></span> 
     </span>
     <span class='ocr_line' id='line_1_119' title="bbox 1951 4423 1952 4486; baseline 0 0"><span class='ocrx_word' id='word_1_793' title='bbox 1951 4423 1952 4486; x_wconf 83' lang='lat' dir='ltr'><strong>l</strong></span> 
     </span>
    </p>
   </div>
   <div class='ocr_carea' id='block_1_31' title="bbox 0 0 1988 6332">
    <p class='ocr_par' dir='ltr' id='par_1_32' title="bbox 0 0 1988 6332">
     <span class='ocr_line' id='line_1_120' title="bbox 0 0 1988 6332; baseline 0 0"><span class='ocrx_word' id='word_1_794' title='bbox 0 0 1988 6332; x_wconf 95' lang='lat' dir='ltr'><strong> </strong></span> 
     </span>
    </p>
   </div>
  </div>
 </body>
</html>
