3967 6334
225 363 260 417 27
711 365 899 422 zactlstthll
918 366 1221 424 cltutsoroetvan't
1242 367 1395 426 Ertscort
1817 379 1861 434 28

261 479 328 546 ottae
337 484 429 535 autern
442 494 531 536 causae
540 481 697 536 exstiterint
712 491 742 536 ut
757 481 934 554 Evangeliunr
947 482 1017 543 seri·
1030 492 1055 545 A
1068 497 1082 534 a
1096 484 1197 552 seipso.
1217 481 1296 550 Quod
1309 484 1431 556 genitum
1444 492 1497 550 cst,
1509 483 1595 542 Filius
1606 494 1659 552 est,
1674 487 1720 544 eui
1737 503 1753 544 a
1773 490 1861 549 Patre
1965 496 1966 539 t

226 569 348 636 iteretur,
363 571 516 632 videamus,
533 570 717 644 hieronymus
732 573 759 629 in
772 573 940 645 Arguaneoio
954 581 1019 638 ante
1068 581 1110 630 est
1126 576 1273 645 essequod
1288 583 1341 635 cst.
1356 573 1435 642 Quod
1450 591 1516 631 veru
1527 592 1579 632 trec
1591 577 1742 649 ingenitum
1753 588 1861 639 estnec

226 657 374 734 Evangelia
390 681 397 718 :
415 680 424 713 ι
442 660 484 718 Ob
507 676 603 717 eorum
627 661 745 718 manime
766 677 889 727 causam.
918 663 964 734 qui
988 663 1018 717 in
1068 666 1205 736 genitum,
1226 664 1346 748 Spiritus
1359 674 1472 729 sanctus
1484 675 1537 732 est,
1551 669 1596 723 eui
1606 676 1648 727 est
1658 685 1757 750 esse'a
1776 671 1862 731 Patre

225 751 319 812 lesuin
344 752 516 810 crediderant
530 770 564 809 er
576 752 689 818 ludaeis,
712 764 739 810 et
758 770 931 834 nequaquam
951 754 1018 826 legis
1068 767 1095 812 et
1106 756 1177 812 Tillo
1190 758 1349 828 procedere.
1364 757 1398 812 Et
1410 758 1468 814 baec
1479 760 1532 814 tria
1543 760 1655 818 trinitas
1663 772 1706 820 est
1716 778 1780 820 vere
1789 779 1861 821 con-

227 844 351 899 urnbram
373 844 529 910 servabant,
548 845 712 900 succedente
732 843 871 916 Evangelii
893 844 1017 909 veritate,
1068 849 1258 906 substantialis
1271 855 1299 904 el
1313 857 1456 909 coaeterna.
1471 851 1539 918 Quia
1555 853 1637 924 igitur
1657 855 1730 911 aliud
1748 865 1791 913 est
1809 873 1862 929 ge-

226 933 371 993 balaneas
392 935 570 1008 Evangellum
594 935 688 994 edidit.
706 936 751 998 Sic
765 939 838 994 enlm
858 938 1018 1010 priusquam
1068 940 1162 999 naalsse
1177 955 1257 1012 quam
1272 948 1367 996 natum
1381 957 1460 1009 esse,
1479 943 1555 1005 aliud
1565 946 1711 1014 procedere
1724 949 1795 1019 quod
1808 965 1861 1021 ge-

226 1030 357 1086 transiret
367 1045 431 1084 eum
445 1029 507 1084 aliis
522 1031 655 1104 apostolis
671 1031 704 1089 ad
719 1041 824 1104 gentes,
839 1033 969 1090 Ecelesils
984 1036 1019 1091 de
1068 1038 1163 1100 unisse
1185 1039 1227 1094 vel
1249 1049 1343 1098 natum
1368 1055 1439 1105 csse,
1463 1043 1640 1100 nranilestum
1660 1053 1703 1106 est
1726 1047 1860 1122 quoniam

225 1117 319 1180 tanea
343 1121 417 1194 qaod
439 1122 638 1192 praedicaverat
654 1124 749 1192 verbo,
766 1124 883 1184 firmavit
903 1128 1017 1198 scripto,
1069 1131 1140 1185 alius
1154 1139 1197 1186 est
1208 1130 1300 1195 Pater,
1316 1133 1387 1189 alius
1404 1131 1502 1200 Filius,
1514 1135 1585 1194 alius
1599 1135 1718 1208 Spiritus
1732 1148 1859 1194 sanctus.

226 1229 262 1268 ne
275 1212 338 1270 lalsi
353 1213 546 1284 predicatores
569 1222 597 1271 et
615 1214 801 1274 Eccleslarum
826 1233 1017 1290 perversores,
1069 1219 1191 1283 Trinitas
1210 1222 1301 1295 itaque
1321 1224 1354 1279 ad
1380 1241 1513 1296 personas
1526 1226 1617 1285 Patris
1636 1237 1664 1285 et
1680 1228 1741 1290 Filii
1754 1239 1782 1288 et
1796 1230 1862 1302 Spl-

227 1306 334 1378 aliquos
349 1307 726 1376 superseminarenterrores.
745 1329 754 1362 ι
772 1307 887 1366 ldemin
902 1311 1017 1372 eodem:
1067 1313 1139 1369 ritus
1169 1315 1256 1370 sancti
1283 1315 1412 1384 retertur,
1436 1319 1529 1381 unitas
1547 1321 1582 1377 ad
1602 1331 1729 1384 naturam
1749 1333 1863 1380 eternae

229 1417 240 1451 ι
257 1398 387 1462 loannes.
413 1415 475 1454 enm
499 1409 572 1458 esset
592 1403 621 1456 in
640 1401 716 1466 Asia,
730 1409 757 1458 et
770 1402 958 1462 laeretieorum
974 1419 1019 1462 se·
1067 1404 1183 1470 Deitatis
1195 1408 1322 1480 pertinet.
1338 1427 1347 1461 a

226 1495 301 1550 nrina
316 1495 481 1568 pullularent
495 1495 609 1553 Ebionis
622 1504 649 1552 et
664 1507 836 1564 caeterorum,
848 1507 963 1560 coaetus
975 1502 1014 1560 esi
1104 1497 1277 1556 lastinianus
1297 1500 1324 1556 ln
1345 1499 1449 1558 Edicto.
1460 1501 1523 1562 sulci
1543 1522 1551 1560 a
1575 1522 1585 1555 ι
1602 1501 1633 1560 ln
1655 1505 1743 1564 tribus
1766 1507 1862 1563 subsi-

227 1585 262 1642 ab
276 1585 349 1644 Asiae
362 1585 501 1658 episcopis
516 1588 549 1643 de
566 1588 710 1644 divinitate
722 1587 872 1648 Salvatoris
886 1592 1019 1659 Scribere,
1070 1590 1180 1648 steutiis
1193 1592 1250 1646 sire
1264 1592 1390 1661 personis
1406 1607 1487 1648 avaram
1501 1592 1631 1650 licitatem
1647 1596 1705 1652 sive
1718 1605 1861 1664 natarrarn,

227 1675 307 1735 llunc
321 1681 508 1738 ecclesiastiea
525 1688 621 1736 narrat
634 1681 763 1747 historia,
778 1698 841 1740 cunr
855 1698 871 1738 a
886 1682 1020 1744 iratribus
1068 1690 1095 1747 et
1108 1683 1291 1740 substantEam
1307 1692 1334 1740 et
1348 1685 1476 1740 rirurtem
1494 1684 1657 1751 adoramus,
1677 1689 1864 1760 proprietates
1966 1666 1967 1743 ζ

227 1780 373 1844 cogeretur
386 1781 416 1829 ut
431 1773 574 1838 scriberet,
585 1777 624 1828 lta
637 1773 773 1829 iacturum
787 1789 817 1830 se
830 1775 1016 1846 respondisse,
1069 1772 1179 1844 quidem
1193 1781 1365 1845 separantes,
1377 1774 1510 1838 Deitatenr
1524 1786 1615 1835 autern
1628 1777 1860 1844 uenientesltem:

228 1861 264 1938 pi,
280 1861 508 1934 indictojeiunlo,
526 1864 555 1920 in
569 1880 714 1922 eonrnrane
728 1865 913 1924 omnqsbenm
925 1883 1021 1939 proea—
1036 1858 1057 1913 B
1070 1863 1161 1924 Uarrum
1180 1873 1224 1922 est
1244 1865 1336 1923 licitas
1353 1867 1380 1922 in
1397 1867 1523 1926 tribuset
1534 1869 1588 1923 lria
1603 1885 1698 1934 ttrrnrn,
1718 1872 1863 1944 inquibus
1966 1876 1967 1901 ¹

229 1962 334 2015 rentur.
357 1955 418 2030 qu
440 1959 565 2027 expleto,
585 1958 720 2034 eructavit
734 1977 740 2014 :
755 1957 788 2019 ia
812 1960 940 2030 principio
962 1971 1020 2022 erae
1036 1998 1038 2001 .
1070 1955 1163 2012 lleltas
1176 1962 1229 2022 est,
1246 1970 1303 2023 ant,
1316 1966 1346 2015 ιιι
1360 1959 1489 2016 subtilius
1505 1959 1648 2028 dicamus,
1669 1962 1729 2034 ipsa
1747 1965 1799 2018 tria
1815 1973 1863 2022 ess

233 2045 364 2115 Verbum,
384 2034 437 2108 ete‘.
452 2049 523 2106 Beda
547 2051 575 2105 ln
600 2050 719 2106 llarennr
740 2071 746 2106 :
769 2069 777 2104 ι
797 2050 865 2106 Corn
891 2049 1021 2110 Ronrnnae
1069 2045 1172 2104 belvas.
1198 2047 1265 2104 ltem
1285 2055 1397 2120 oportet
1416 2066 1499 2104 ιιιιιιιιι
1520 2049 1862 2118 Dcttrrr,utramrratu1·am

228 2141 290 2196 urbi
306 2139 354 2196 bet
370 2140 471 2206 lunren,
488 2141 653 2211 praedicante
667 2141 748 2197 Petro
762 2141 901 2212 apostolo.
922 2141 1021 2204 inisset
1070 2140 1128 2196 sive
1148 2140 1330 2196 substantians
1345 2149 1373 2196 et
1389 2140 1504 2203 lorntatn
1519 2141 1660 2207 eorrfiteri,
1681 2150 1708 2198 et
1726 2151 1782 2200 tres
1795 2145 1864 2199 snb·

228 2241 371 2296 exortunr,
387 2231 455 2287 adeo
469 2231 675 2287 delectabantur
689 2240 795 2290 mentes
809 2234 976 2290 audientium
992 2236 1021 2294 in
1071 2231 1215 2287 sistentias
1236 2231 1386 2302 praedicare
1409 2247 1458 2288 sen
1479 2240 1537 2289 lres
1559 2248 1711 2304 personas,
1724 2243 1750 2290 et
1763 2251 1863 2291 unam-

230 2321 322 2380 divino
346 2339 483 2388 sermone,
504 2331 535 2378 ιιι
557 2311 632 2378 nulla
653 2324 767 2381 satietas
786 2326 827 2382 eis
849 2326 912 2382 inde
932 2326 1021 2388 lieret.
1071 2337 1280 2396 qnarnquecnm
1294 2338 1344 2388 sna
1358 2325 1533 2396 proprietate.
1549 2323 1614 2380 ltenr
1627 2345 1633 2382 :
1646 2323 1865 2398 Nentounqaam

229 2407 307 2470 Unde
319 2411 440 2468 llarcum
456 2413 621 2486 discipulam
636 2415 696 2484 ejus
710 2424 904 2483 exoraverant,
920 2425 949 2473 ut
961 2433 1022 2489 qnae
1072 2430 1157 2472 ausus
1169 2423 1211 2474 est
1232 2415 1262 2470 in
1277 2415 1412 2473 catholica
1435 2414 1557 2476 Ecclesia
1577 2414 1668 2472 elicere
1689 2418 1761 2488 qnod
1789 2418 1864 2474 sient

229 2503 276 2562 itte
297 2505 480 2577 praedicabat,
496 2505 554 2578 ipse
571 2504 720 2579 scripturae
733 2509 863 2574 traderet,
878 2527 933 2582 quo
947 2510 1022 2566 domi
1071 2514 1129 2562 tres
1148 2506 1343 2562 subsistentiae.
1370 2507 1411 2564 sic
1433 2515 1462 2560 et
1482 2514 1540 2562 tres
1561 2515 1667 2563 naturae
1683 2508 1739 2564 sint
1759 2516 1865 2564 sanetae

231 2596 354 2670 lorisque
375 2598 404 2654 io
427 2598 614 2668 hujuscemodi
627 2601 703 2656 verbi
719 2601 942 2658 meditationibus
958 2617 1022 2674 per·
1072 2596 1255 2658 Trinitatis.»
1276 2596 1461 2670 llieronpmus
1486 2599 1515 2652 ln
1539 2597 1716 2670 Expositione
1739 2597 1863 2674 Syrrrboli

231 2697 384 2748 manerent.
408 2690 486 2758 Quod
507 2692 622 2748 multum
638 2691 741 2764 placuit
759 2691 876 2753 Petro.»
895 2691 1023 2750 Clemens
1072 2691 1107 2746 ad
1124 2705 1221 2761 papam
1233 2688 1411 2754 Lavtreutium
1427 2709 1434 2746 :
1453 2708 1462 2741 ι
1480 2687 1554 2762 lgnis
1567 2692 1690 2749 celestis
1701 2701 1813 2764 generat
1827 2708 1863 2749 ex

231 2781 260 2843 in
275 2781 358 2840 Libro
374 2799 400 2838 tv
415 2783 628 2856 dispositionum
653 2784 761 2840 barcita
782 2791 859 2856 gesta
879 2785 1020 2842 describit.
1072 2782 1165 2854 seipso
1184 2781 1358 2853 splendorem
1378 2780 1460 2848 lucis,
1481 2791 1508 2838 et
1529 2783 1657 2855 producit
1671 2800 1811 2858 vaporem,
1835 2795 1864 2843 et

230 2871 304 2931 ilcila
326 2873 355 2929 in
381 2873 503 2931 Lucam:
520 2893 530 2930 ι
551 2872 693 2946 Significat
716 2875 744 2930 ila
764 2877 898 2948 praecario
921 2876 1022 2942 Ltreas,
1072 2889 1136 2929 ctam
1155 2873 1212 2930 sint
1230 2873 1286 2929 tria
1305 2874 1334 2928 in
1351 2874 1445 2939 relnrs,
1469 2890 1554 2930 arnum
1575 2885 1638 2930 suut
1654 2875 1680 2930 ln
1695 2877 1862 2940 substantia,

231 2983 292 3022 earn
307 2967 359 3024 sibi
374 2967 493 3024 maxime
505 2982 616 3024 causam
627 2966 767 3041 Evangelii
778 2967 863 3026 luisse
873 2969 1022 3036 scribendi,
1073 2966 1111 3021 ita
1123 2965 1245 3025 Trinitas
1258 2981 1313 3022 una
1328 2976 1370 3022 est
1383 2966 1525 3036 maiestas.
1546 2987 1556 3019 ι
1572 2965 1741 3038 hargrrstinus
1751 2968 1779 3024 in
1794 2984 1864 3024 een-

232 3076 267 3116 ne
297 3059 578 3131 pseudoevangelistis
605 3060 722 3118 laerrltas
751 3069 824 3117 esset
857 3061 1023 3133 predicandi
1073 3059 1149 3114 linua
1174 3057 1351 3129 Expositione
1374 3057 1458 3129 capit.
1481 3073 1547 3114 xxix
1574 3056 1715 3119 loannis:
1749 3079 1758 3112 ι
1786 3058 1863 3128 Quo-

232 3148 313 3216 laisa,
330 3150 377 3221 qui
398 3150 450 3206 snb
469 3151 581 3206 nominc
595 3152 783 3222 apostolorum
798 3153 887 3210 eonati
901 3159 965 3207 suot
979 3151 1023 3206 in·
1073 3149 1155 3206 modo
1169 3157 1199 3205 ιιι
1214 3148 1334 3206 Verbum
1349 3148 1422 3221 quod
1435 3149 1567 3221 loqueris,
1582 3150 1610 3205 in
1623 3150 1705 3207 corde
1719 3151 1818 3216 babes,
1835 3159 1865 3209 et

232 3240 333 3298 ducere
355 3251 445 3300 sertas
465 3242 730 3316 praetenditque
751 3243 875 3300 nanrrnlli
899 3242 1020 3310 Tlromae,
1073 3241 1215 3313 conceptio
1239 3241 1299 3313 ipsa
1314 3240 1474 3311 'spiritualis
1495 3249 1554 3301 est:
1567 3243 1680 3300 verbum
1696 3243 1767 3300 enim
1789 3245 1866 3316 quod

232 3333 279 3390 alii
306 3330 506 3400 barllrolomaei,
532 3335 643 3406 quidam
671 3334 805 3399 Matthiae,
832 3335 915 3408 aliqui
939 3336 1022 3392 etiarn
1073 3334 1242 3407 concepisti,
1260 3335 1380 3406 spiritns.
1396 3343 1437 3393 est
1454 3344 1486 3393 ut
1499 3337 1589 3391 anima
1603 3357 1611 3392 :
1625 3337 1666 3392 sic
1681 3335 1754 3393 betas
1770 3336 1867 3409 genuit

232 3425 377 3484 duodecim
394 3429 580 3499 apostolomm
601 3427 682 3484 titulo
704 3429 879 3500 reperiuntur
889 3428 958 3484 laiso
972 3443 1023 3484 sua
1073 3422 1182 3502 Filium.
1200 3424 1253 3482 Sed
1267 3435 1297 3486 to
1312 3426 1424 3486 verbum
1439 3427 1528 3499 gignis
1538 3444 1570 3485 ev
1584 3436 1716 3500 ternpore,
1732 3426 1804 3484 Dens
1817 3444 1867 3500 gc·
1968 3488 1969 3491 ,

233 3521 335 3594 scripta
349 3531 528 3594 praenotasse,
545 3519 593 3577 sed
606 3529 633 3577 et
644 3521 777 3580 basilides
791 3529 872 3594 atque
884 3521 1021 3593 Appelles,
1074 3517 1135 3572 nuit
1149 3515 1247 3573 Filium
1266 3519 1327 3576 sine
1343 3528 1473 3590 tempore.
1490 3539 1499 3572 ι
1513 3519 1542 3576 Ιιι
1555 3519 1693 3592 Origenis,
1710 3529 1739 3574 ιιι
1751 3519 1864 3584 dicitur,
1968 3504 1969 3519 ¹

232 3630 349 3684 quorum
365 3629 436 3670 uraris
450 3613 504 3668 attat
516 3614 611 3677 coelos,
627 3613 694 3669 alter
707 3611 777 3669 duos
788 3613 903 3672 invicem
914 3623 1024 3669 contra·
1075 3608 1186 3663 tronvilla
1208 3625 1268 3680 qnae
1290 3610 1331 3666 sic
1353 3609 1448 3682 incipit
1459 3631 1466 3666 ι
1478 3609 1535 3665 Vox
1560 3611 1657 3682 aquilae
1678 3611 1769 3681 pulsat
1783 3626 1866 3666 autres

233 3705 291 3761 rios
307 3704 373 3762 deos
387 3705 461 3762 inter
481 3707 534 3761 alia
556 3705 673 3762 neianda
688 3705 919 3776 dogmatizabant,
934 3703 1024 3759 Eran·
1075 3699 1204 3757 Ecclesia
1217 3699 1315 3758 :Patre
1337 3702 1466 3773 loquente
1481 3703 1592 3759 verbum
1617 3718 1708 3767 sarrana,
1733 3703 1784 3758 lroe
1810 3712 1868 3768 cst,
1968 3698 1969 3707 ’

233 3794 304 3864 gella
327 3795 370 3851 sni
394 3796 513 3852 nominis
536 3809 632 3850 errore
655 3793 728 3850 loetla
750 3795 928 3866 reliquerunt.
952 3792 1026 3850 lnter
1075 3792 1156 3849 Patre
1170 3794 1297 3865 gignente
1310 3795 1473 3866 sapientiam
1485 3809 1574 3861 suam,
1588 3796 1680 3851 omnia
1695 3795 1773 3853 irunt.
1787 3793 1868 3858 Unde

234 3899 296 3956 qnae
310 3885 460 3942 notandum
483 3885 619 3957 estquod
641 3885 743 3939 dicitnr
757 3884 932 3958 Evangeliurn
945 3885 1025 3956 juxta
1063 3885 1209 3957 ‘propheta
1226 3906 1233 3942 :
1248 3885 1345 3943 Omerita
1368 3887 1397 3941 in
1420 3887 1553 3956 rapientia
1573 3886 1660 3958 {eristi
1683 3886 1770 3960 (Paul.
1792 3889 1866 3956 ιιιι),

234 3974 374 4040 llebraeos,
399 3990 455 4046 quo
478 3975 584 4032 scilicet
599 3975 858 4040 utuntarb'uzaraei,
879 3991 936 4031 non
955 3975 1026 4032 inter
1061 3969 1208 4032 'Praecedit
1230 3976 1312 4034 Pater
1340 3976 1459 4034 l'erburn
1485 3995 1541 4034 non
1566 3987 1675 4044 naama,
1700 3979 1748 4037 sed
1770 3995 1866 4038 cansa.

235 4069 418 4142 apocryphas,
440 4068 489 4126 sed
504 4069 577 4124 inter
601 4069 804 4125 ecclesiasticas
825 4069 1042 4125 numerandum·
1076 4065 1146 4140 dardi
1172 4069 1259 4140 ipsam
1277 4068 1382 4130 ,Eilinm
1404 4069 1561 4154 albentem:
1583 4070 1648 4134 bear,
1665 4087 1771 4141 proretam
1785 4089 1872 4142 egoq-

235 4161 366 4220 bistorias
387 4181 395 4218 ε
416 4177 480 4220 tram
504 4163 557 4234 ipsi
581 4178 667 4220 sacrae
699 4161 848 4234 Scripturae
882 4163 1026 4234 interpreti
1075 4145 1868 4236 oreipso[dcereqrridqrion'aiioan.v)·,et‚aoaeipraiacio

235 4252 401 4328 Hieronymo
416 4255 504 4310 visum
518 4263 561 4312 est
575 4271 608 4312 ex
620 4271 654 4311 eo
673 4263 700 4313 et
721 4257 850 4326 pleraque
871 4255 1026 4311 testimonia
1077 4251 1143 4306 nrlril
1165 4251 1264 4324 (ibid),
1288 4247 1363 4310 vel'e
1378 4269 1417 4312 aare
1433 4255 1489 4323 ipro
1504 4272 1555 4309 aron
1572 4254 1777 4327 loquatium).
1793 4253 1868 4310 Prae*-

236 4359 361 4412 sunterc,
376 4351 403 4400 ct
417 4345 505 4417 ipsum
525 4347 552 4400 in
573 4344 701 4401 Latinum
725 4343 903 4415 Graecurnquc
922 4361 1028 4400 sermo·
1077 4346 1150 4403 cedit
1162 4345 1243 4402 Pater
1255 4343 1353 4401 Filium
1367 4349 1525 4416 carnaliter,
1536 4350 1665 4421 praeeedit
1676 4349 1760 4406 Pilius
1774 4350 1867 4410 orrtraia

236 4455 299 4496 nero
313 4439 472 4496 transferre.
488 4438 567 4496 Falsa
584 4454 649 4494 vero
666 4437 813 4510 Evangelia
832 4435 921 4492 Lucas
934 4437 963 4491 io
977 4453 1027 4493 sua
1078 4453 1138 4509 quae
1152 4453 1201 4509 per
1214 4437 1303 4510 ipsum
1319 4436 1389 4493 laeta
1404 4449 1468 4494 sunt
1481 4439 1654 4495 naturaliter.
1677 4439 1759 4495 l‘ater
1778 4439 1868 4511 loqui·

237 4533 396 4606 praelatione
410 4531 519 4589 refellit.
536 4553 545 4584 r
565 4531 713 4604 llncusque
724 4531 805 4587 Reda.
1039 4538 1134 4611 Dtur,
1156 4527 1277 4586 i'erbum
1301 4529 1431 4601 gignitur,
1450 4533 1542 4586 onrrria
1566 4532 1729 4587 ellielunlur.
1746 4531 1780 4586 Et
1795 4548 1866 4603 qao·

274 4623 343 4680 Cum
358 4623 440 4696 igitur
453 4631 551 4695 praeter
564 4631 682 4695 quatuor
698 4611 783 4679 libros
797 4621 935 4693 Evangelii
946 4621 1028 4692 quin·
1078 4621 1159 4678 modo
1175 4623 1222 4693 qui
1236 4621 1357 4693 loquitur
1376 4623 1404 4677 in
1419 4621 1519 4686 berto,
1535 4622 1609 4692 quod
1630 4624 1750 4695 loquitur
1772 4637 1868 4678 neces·

237 4723 295 4768 tum
317 4727 373 4784 quo
393 4719 509 4768 utuntur
527 4711 660 4777 Nazaraei,
685 4713 801 4784 recipiat
823 4709 956 4777 Ecclesia,
971 4728 1028 4788 non
1078 4715 1151 4770 sario
1166 4713 1298 4785 Spiritum
1316 4713 1428 4786 perllat;
1449 4715 1486 4769 ita
1505 4715 1575 4770 llevrs
1589 4712 1671 4789 Pater
1685 4714 1766 4770 sinrnl
1781 4727 1808 4770 et
1821 4730 1865 4770 se-

236 4807 371 4862 absonum
393 4805 510 4868 videtur,
535 4804 712 4872 Evangelium
738 4804 946 4874 compendiose,
976 4821 1028 4860 nos
1077 4806 1141 4872 mei,
1156 4813 1182 4862 ct
1198 4804 1297 4860 Filium
1313 4804 1410 4877 gignit,
1425 4813 1452 4860 et
1469 4803 1600 4876 Spiritum
1618 4821 1697 4863 sarram
1721 4822 1770 4877 per
1791 4807 1869 4878 geni·

237 4899 359 4972 recipere
373 4899 401 4954 in
417 4915 472 4954 uno
495 4915 579 4970 opere
601 4897 745 4968 Theophili
770 4899 901 4970 episcopi,
917 4900 959 4955 vel
975 4897 1029 4952 Ta·
1078 4908 1134 4954 tum
1148 4896 1248 4953 Eilium
1263 4886 1430 4967 producitjr
1447 4894 1570 4952 isidorus
1592 4897 1619 4951 in
1640 4896 1724 4952 Libro
1740 4896 1869 4954 differen-

236 4991 321 5059 clani,
347 5009 395 5049 seu
418 4973 556 5048 arn‘rnnntt
571 4989 758 5056 Alexandrini,
777 4991 904 5047 eulalius
918 4991 1029 5060 crrjrrsli·
1078 4991 1178 5046 tiaram
1191 5007 1222 5046 :r
1249 4987 1388 5060 Sapientia
1410 4985 1459 5044 bet
1486 4987 1586 5044 dicitur
1609 4985 1740 5052 Verbum,
1757 4996 1785 5046 et
1803 4990 1868 5060 quia

237 5086 295 5150 bet,
315 5100 437 5158 congruo
450 5083 641 5154 componentis
656 5082 753 5138 ordine
767 5099 846 5138 arram
863 5099 895 5139 ex
910 5092 1028 5154 quatuor
1077 5082 1181 5138 nilrilin
1191 5079 1344 5138 substantia
1354 5088 1460 5135 naturcc
1470 5096 1526 5137 suae
1536 5081 1642 5138 visibile
1653 5080 1693 5135 rel
1705 5095 1869 5150 corporeum

236 5176 435 5232 narrationem.
449 5173 491 5228 Ad
506 5171 647 5244 Evangelii
658 5171 821 5244 theologiam
834 5187 899 5229 sane
914 5172 1028 5227 creden·
1073 5184 1136 5248 ¹est,
1151 5180 1179 5228 et
1194 5187 1244 5244 pro
1258 5187 1291 5228 eo
1305 5172 1377 5242 quod
1390 5171 1472 5228 Pater
1493 5189 1542 5245 per
1560 5189 1621 5228 eaor
1635 5172 1727 5228 omrrla
1747 5171 1870 5228 condidit

237 5268 300 5326 dam
313 5275 370 5323 tum
386 5283 420 5325 ex
435 5265 601 5323 testimoniis
614 5273 781 5328 sanctorum,
805 5271 861 5318 tum
885 5263 1028 5320 mittendis
1077 5263 1227 5334 veljussit,
1241 5271 1271 5319 et
1283 5264 1349 5335 quia
1363 5279 1412 5334 per
1436 5264 1510 5318 illam
1532 5263 1612 5319 Pater
1635 5262 1766 5318 innotui..
1786 5283 1796 5314 r
1812 5262 1870 5316 Αιι-

237 5361 433 5432 magistrornm
457 5361 567 5414 brevem
592 5371 782 5428 praeponamus
805 5371 957 5412 aceessum.
978 5355 1027 5409 dl⁴
1078 5358 1216 5429 gostinus,
1241 5353 1326 5412 Libro
1350 5357 1490 5428 octoginta
1512 5356 1596 5412 trium
1618 5356 1799 5428 questionum
1823 5370 1870 5411 ca·

237 5455 337 5512 euinus
358 5453 430 5510 libro
454 5467 474 5506 n
499 5449 537 5505 be
558 5447 702 5514 Trinitate,
728 5447 816 5519 eapite
841 5448 871 5502 ll
895 5467 901 5501 :
923 5444 1028 5513 «Quod
1078 5447 1134 5520 pite
1153 5446 1208 5502 23:
1233 5445 1330 5503 «Cum
1358 5448 1467 5519 sapiens
1488 5447 1561 5505 Deus
1583 5447 1695 5514 dicitur,
1719 5455 1747 5503 et
1775 5463 1790 5502 a
1821 5463 1870 5503 sa·

238 5562 346 5618 semper
367 5545 459 5600 luitet
472 5556 581 5611 semper
598 5547 651 5606 est,
668 5547 714 5595 aut
730 5539 878 5612 ingenitum
902 5546 955 5603 est,
981 5543 1028 5592 aut
1078 5539 1181 5611 pientia
1203 5538 1313 5610 sapiens
1335 5539 1447 5606 dieitur,
1473 5540 1532 5596 sine
1553 5555 1607 5611 qua
1629 5555 1691 5596 eum
1715 5540 1759 5596 vel
1783 5539 1870 5599 luisse

237 5635 359 5710 genitum
371 5653 377 5700 ;
394 5639 442 5688 aut
456 5647 508 5686 nee
523 5630 690 5702 ingenitum,
710 5645 759 5685 nee
774 5630 904 5701 genitum.
917 5629 950 5682 Et
964 5634 1029 5684 sunt
1080 5628 1226 5700 aliquando
1237 5631 1278 5684 rel
1293 5646 1355 5686 esse
1370 5646 1451 5700 posse
1463 5629 1539 5685 netas
1552 5636 1594 5684 est
1608 5629 1728 5693 credere,
1739 5645 1796 5684 non
1806 5645 1870 5701 par·

237 5727 296 5782 itare
315 5726 378 5788 tria,
393 5723 559 5780 aeternaliter
572 5724 634 5778 tria.
653 5721 730 5790 erod
745 5722 893 5792 ingenitum
910 5728 961 5782 est,
976 5719 1029 5773 Pa·
1079 5721 1237 5791 lieipatione
1260 5721 1401 5792 sapientiae
1424 5721 1533 5791 sapiens
1554 5720 1665 5784 dicitnr,
1687 5721 1758 5776 sient
1778 5723 1868 5775 anima

238 5823 281 5876 ter
302 5825 342 5874 cst
367 5817 452 5883 soles,
469 5815 515 5888 qni
533 5833 546 5870 a
563 5815 637 5870 nullo
652 5829 712 5871 csse
728 5815 804 5870 lrabct
821 5813 892 5886 quod
909 5827 961 5879 est,
975 5811 1028 5870 nisi
1080 5829 1139 5886 que
1161 5820 1187 5869 el
1209 5827 1270 5870 esse
1283 5821 1310 5869 ct
1325 5828 1379 5869 noo
1403 5827 1464 5868 esse
1486 5810 1595 5883 sapiens
1616 5820 1716 5883 potest,
1733 5811 1780 5868 sed
1795 5813 1869 5884 «qaod
