3967 6334
283 292 338 352 idi
768 287 920 350 botenti
941 289 1044 350 rutel
1074 290 1103 350 8.
1129 288 1163 350 il.
1188 289 1220 350 E.
1245 286 1453 350 subornauit
1819 305 1858 366 η

281 409 366 478 drrnt;
378 405 515 481 tangendo
524 411 616 464 autent
630 406 765 477 asperitas
778 405 836 462 slve
848 407 959 472 lenitas,
971 405 1074 462 duritia
1088 417 1112 476 Α
1125 405 1217 476 speeie
1228 412 1387 478 permanent
1401 413 1429 460 et
1444 404 1540 460 torma.
1551 401 1649 476 litique
1659 406 1859 492 subtusque*

282 498 664 560 airemollitiesnoneolatur.
676 494 790 554 Transit
807 497 898 568 itaque
910 498 1074 562 substantia,
1126 497 1167 566 cie
1190 504 1263 552 totus
1280 495 1408 553 Cirristus
1429 497 1578 569 suscipitur
1602 496 1768 572 sifispeeiem,
1788 513 1860 582 m·

282 595 332 654 ted
347 599 470 651 remanet
483 591 588 659 lorma;
601 598 729 646 neutrum
743 591 869 658 miraris,
887 589 934 646 sed
949 590 1076 662 omnipo-
1125 588 1213 644 amica
1227 589 1310 646 verba
1324 595 1538 660 prosequuntur.

281 693 386 744 tentem
399 681 604 753 contemplaris.
619 680 803 749 Quamobrem
818 697 874 738 non
887 691 929 738 est
943 697 1074 738 sensuum
1561 722 1567 748 1

281 777 398 841 delusio,
413 773 462 832 sed
472 789 536 830 vera
546 773 586 830 rei
596 773 814 844 comprehensio,
826 773 899 844 quod
909 788 972 828 cum
985 772 1075 828 Domi.
1382 723 1465 796 πθ
1478 721 1593 780 GAPLT
1608 722 1650 781 Vl·

280 871 343 927 nica
355 871 384 925 in
397 883 491 925 mensa
500 867 633 924 sitsolum
644 881 710 921 caro
723 875 751 922 et
759 865 882 938 sanquis,
893 865 1073 922 nibilominus
1125 837 1177 908 ραι
1189 840 1290 910 dmm
1299 839 1434 911 ⁶⁰”fioef‘t
1444 835 1603 911 ⁶²q¹¹⁰¹²¹⁰d⁰
1611 837 1714 894 dmm
1727 841 1863 910 dmm?

279 971 373 1018 tannen
388 958 447 1018 tini
467 959 566 1016 natura
581 959 749 1031 percipietur
761 965 790 1014 et
804 959 893 1030 panis.
909 957 969 1014 Non
980 965 1073 1014 tamen
1158 951 1231 1026 (ibi)
1247 951 1307 1010 Non
1322 955 1357 1009 ab
1370 953 1432 1009 aliis
1445 969 1526 1026 quam
1542 953 1738 1020 sacerdotibus,
1757 967 1863 1032 nequest

280 1051 354 1125 quod
379 1067 445 1110 caro
469 1059 497 1107 et
521 1050 633 1122 sanguis
652 1049 808 1119 uniusmodi
832 1049 889 1105 sint
910 1049 1071 1121 qualitatis,
1123 1045 1191 1116 ipsis
1205 1054 1443 1104 calatrastatutum
1458 1045 1781 1116 Ecclesiaeaccedentlbus,
1794 1057 1863 1116 altaris

279 1161 374 1202 rerum
385 1144 469 1216 quod,
480 1151 542 1214 post
551 1142 730 1198 mutationem
740 1141 885 1213 utriusque
899 1141 1071 1207 substantiae,
1122 1145 1296 1194 sacramenta
1309 1138 1501 1196 coniiciuntur.
1525 1137 1645 1196 Possunt
1660 1141 1772 1212 equidem
1787 1145 1862 1220 indigni

278 1253 337 1292 noo
354 1243 475 1291 mutatur
491 1234 611 1305 qualitas
626 1240 741 1288 naturae.
762 1231 827 1288 llaec
846 1232 966 1303 qualitas
980 1239 1071 1288 tamen
1121 1229 1177 1284 vita
1191 1229 1340 1297 coniicerm
1355 1232 1526 1288 sedneccsse
1538 1238 1580 1287 est
1593 1231 1675 1287 ritum
1689 1233 1861 1296 ecclesiasticum

280 1327 430 1401 frangendo
443 1333 471 1382 et
492 1324 660 1380 conterendo
683 1322 764 1380 aliter
779 1324 912 1394 aliterque
931 1322 1070 1392 variatur,
1122 1337 1241 1378 serrare.
1262 1322 1366 1396 indigni
1386 1339 1514 1394 uanaque,
1526 1322 1589 1378 lieet
1602 1321 1700 1380 daurno
1710 1343 1763 1390 suo,
1776 1337 1862 1390 attamen

277 1435 323 1476 res
333 1420 391 1490 ipsa
403 1433 464 1490 quae
478 1417 530 1473 sub
545 1416 637 1488 specie
656 1416 722 1470 latet
736 1413 812 1470 nullo
826 1415 909 1470 modo
927 1411 1069 1471 alteratur.
1120 1415 1285 1481 conticium,
1296 1418 1343 1473 sed
1358 1431 1497 1489 uunquam
1516 1416 1595 1472 aliter
1618 1417 1670 1472 nisi
1683 1417 1820 1488 ¹eorrliciendi
1834 1427 1863 1480 qt.

277 1511 345 1567 Cum
356 1509 427 1566 enim
439 1509 557 1580 speciem
572 1508 652 1579 panis
662 1507 732 1563 rarii
746 1507 915 1563 divisionum
929 1508 1004 1563 modi
1017 1508 1072 1564 dis·
1121 1510 1263 1580 sciplinam
1278 1509 1450 1566 aemulentur.
1466 1508 1499 1564 Et
1508 1501 1619 1581 'quidem
1634 1510 1671 1564 ita
1680 1510 1741 1566 mibi
1754 1513 1843 1572 ridetur.

277 1604 379 1676 sipont,
389 1603 428 1658 ita
442 1601 570 1671 Christus
583 1601 636 1657 sub
648 1616 813 1672 unaquaque
828 1599 928 1672 speciei
944 1600 1071 1670 portione
1155 1603 1228 1674 (455)
1240 1600 1418 1658 Sacerdoturu
1432 1609 1523 1658 autem
1537 1609 1580 1658 est
1589 1603 1862 1674 eurarequibuseueia·

276 1695 384 1767 integer
395 1696 555 1765 suscipitur,
571 1695 642 1749 sicut
656 1695 708 1750 sub
717 1694 823 1764 integra
843 1695 933 1764 specie
943 1693 1071 1749 sumeba-
1120 1692 1198 1747 ristia
1219 1693 1316 1749 debeat
1335 1693 1411 1758 dari,
1433 1693 1534 1765 quibus
1559 1709 1625 1750 tero
1646 1693 1743 1765 negari.
1765 1693 1863 1758 duribus

276 1796 332 1847 tur.
348 1787 483 1843 Nimirum
498 1787 570 1844 sicut
584 1787 707 1842 inaltera
722 1787 823 1856 speeie,
835 1785 991 1841 elnondum
1008 1800 1067 1848 suo,
1085 1769 1106 1824 B
1121 1785 1228 1856 publice
1242 1786 1363 1856 iniquam
1384 1793 1411 1841 et
1431 1784 1531 1844 loedam
1547 1785 1631 1840 uitam
1646 1785 1775 1856 agentibus
1791 1805 1861 1862 neptu-

275 1879 462 1936 seuidendtrm
476 1877 618 1942 exbibuit,
634 1882 776 1945 assumpta
791 1874 824 1929 ad
846 1881 953 1944 tempus
976 1889 1070 1929 resur·
1121 1875 1185 1931 dum
1201 1884 1243 1932 est
1258 1876 1292 1948 (si
1303 1893 1369 1933 cum
1384 1876 1524 1948 patelieri
1540 1875 1642 1948 potest)
1656 1891 1703 1946 pro
1714 1893 1758 1933 sua
1771 1894 1863 1938 retent·

275 1972 406 2028 rectionis
430 1971 538 2041 gloria,
560 1969 696 2025 adbuein
718 1966 969 2040 Transfiguratione
990 1975 1069 2024 uetus
1120 1970 1157 2026 tia
1179 1976 1285 2025 tantum
1304 1977 1521 2034 sacramentum,
1544 1985 1578 2026 ne
1592 1969 1616 2024 si
1640 1969 1735 2026 talibus
1753 1973 1862 2038 tribuatur,

275 2063 360 2120 laotno
385 2062 548 2135 (secundum
576 2060 786 2132 passibilitatem
811 2059 905 2130 dico),
933 2067 1070 2116 vetustate
1120 2070 1250 2133 tanlquam
1274 2061 1308 2117 de
1332 2061 1441 2132 indigne
1462 2061 1528 2116 dato
1551 2061 1655 2116 intirmi
1679 2063 1862 2120 scandalizetur.

275 2171 385 2228 quoque
399 2160 592 2227 postmortem
605 2151 729 2222 deposita
738 2151 794 2220 jann
806 2151 985 2221 glorificatus,
998 2151 1070 2206 sicut
1119 2155 1172 2226 ipsi
1187 2170 1296 2227 quoque
1311 2154 1436 2210 scelerati
1443 2162 1574 2225 tanquam
1586 2155 1692 2212 coelesti
1702 2170 1764 2226 panc
1773 2156 1862 2212 bonorati

274 2248 305 2304 iu
314 2249 399 2304 reteri
409 2247 497 2302 dorma
505 2245 650 2318 discipulis
664 2244 843 2308 intermittet
851 2253 916 2298 nota
930 2244 964 2299 ad
972 2243 1069 2298 horam
1119 2245 1190 2302 laisa
1204 2261 1252 2316 spe
1262 2243 1445 2311 deludantur;
1461 2243 1590 2300 sacerdos
1601 2251 1692 2300 autem
1708 2245 1771 2302 sicut
1786 2247 1813 2302 de
1829 2249 1863 2302 iu·

275 2340 417 2413 apparuit;
433 2341 471 2396 ita
493 2337 575 2394 modo
594 2337 700 2409 species
724 2337 803 2406 panis
816 2337 904 2392 oculis
927 2337 1068 2406 obiicitur,
1120 2338 1291 2410 prouidentia
1301 2336 1514 2408 dispensationis
1525 2335 1735 2394 reusbabeatur.
1747 2337 1864 2408 thuomo·

274 2432 324 2489 sed
335 2433 387 2488 sub
398 2432 490 2502 speeie
502 2430 628 2486 Salvator
638 2429 733 2485 mundi
744 2437 861 2486 tenetur.
875 2428 989 2499 Utrique
1001 2429 1069 2484 dua-
1119 2428 1165 2492 do,
1177 2428 1288 2498 inquam
1302 2425 1385 2482 aeusi
1409 2425 1480 2482 sicut
1498 2425 1545 2497 qui
1566 2435 1692 2483 sanctum
1712 2427 1754 2482 dat
1772 2429 1863 2496 camma,

275 2541 337 2581 rum
362 2525 499 2582 visionum
533 2523 588 2578 alia
613 2525 720 2595 species
748 2538 830 2594 quum
849 2520 977 2578 Christus
1004 2528 1068 2576 tunc
1120 2519 1176 2574 imo
1191 2518 1322 2574 Sanctum
1334 2528 1501 2573 sanctorum.
1515 2516 1593 2574 Unde
1604 2519 1678 2590 apud
1689 2517 1784 2576 tudae
1795 2537 1864 2576 meur·

275 2617 371 2674 babuit
386 2616 583 2674 ostendebatur
595 2615 662 2688 (nisi
677 2615 749 2672 iortc
764 2616 798 2670 ad
814 2616 910 2671 boram
932 2615 996 2670 talis
1011 2613 1070 2668 esi·
1119 2613 1185 2669 dum
1205 2611 1307 2684 pascha
1321 2619 1380 2668 erat
1406 2611 1580 2679 institutum,
1606 2611 1715 2682 quando
1733 2614 1773 2686 qui
1786 2625 1864 2686 proptu

273 2711 374 2777 olebat,
387 2711 495 2782 qualem
508 2725 539 2766 se
548 2709 695 2765 ridendum
704 2709 850 2779 objiciebat
857 2709 879 2778 l)
888 2709 968 2764 tertia
978 2715 1069 2762 autern
1120 2705 1332 2771 immunditiam,
1349 2705 1466 2777 primurn
1481 2705 1584 2776 pascha
1598 2707 1734 2762 celebrare
1751 2725 1796 2764 non
1811 2719 1864 2779 pote

272 2805 345 2860 risio
372 2802 446 2874 quod
469 2801 535 2876 [aut
562 2801 663 2875 quant]
683 2801 906 2872 comprehendit,
929 2813 1070 2870 nunquam
1120 2809 1182 2854 rant
1198 2797 1347 2856 secundum
1367 2797 1469 2870 pascha
1494 2797 1634 2870 purilicati
1656 2800 1820 2868 celebrabant;
1838 2803 1864 2856 sic

273 2895 402 2952 Christus
419 2895 447 2952 in
474 2893 562 2950 lorma
582 2895 689 2948 babuit.
701 2890 770 2950 Tres
787 2901 879 2948 autem
902 2893 944 2947 ltae
964 2891 1070 2961 speeies
1120 2907 1229 2964 quoque
1248 2906 1300 2947 nos
1323 2893 1347 2948 si
1368 2901 1478 2963 propter
1494 2899 1605 2962 peecata
1626 2908 1689 2948 cum
1709 2894 1764 2952 aliis
1776 2903 1864 2950 nostrum
1938 2933 1939 2950 r

274 2989 344 3046 nibil
366 2985 440 3044 aliud
462 2988 515 3044 sub
528 3002 559 3043 se
577 2986 745 3052 uidendum,
769 2986 839 3042 nihil
862 2985 935 3040 aliud
960 2984 1073 3040 eaibent
1122 2985 1224 3056 pascha
1234 2983 1373 3040 celebrare
1385 2999 1439 3040 uon
1448 3001 1605 3056 possuuum,
1622 2993 1742 3058 opusest
1753 2987 1863 3050 dibtioue,

273 3081 466 3146 tractandum,
482 3081 536 3139 nisi
550 3095 652 3150 corpus
665 3079 785 3144 Christi,
806 3079 861 3134 imo
876 3086 904 3133 et
917 3077 1067 3132 Christum.
1123 3093 1266 3148 quousque
1279 3078 1399 3150 purgati,
1414 3079 1535 3134 secundo
1548 3079 1689 3136 celebrare
1702 3078 1826 3150 possimus.

272 3171 342 3228 nan
356 3180 387 3228 ut
406 3172 435 3228 in
452 3187 495 3240 eo,
506 3171 667 3229 undenobis
681 3185 773 3228 sermo
787 3170 931 3227 inchoatus
944 3175 997 3235 est,
1015 3169 1066 3224 im·
1154 3169 1207 3238 Qui
1220 3177 1311 3226 autem
1324 3169 1695 3244 llagitiosusquantumlibet,
1707 3170 1750 3228 sed
1761 3171 1863 3232 oecdtut,

273 3277 430 3329 moremur,
454 3262 534 3335 panis
565 3262 716 3318 transitio
742 3276 842 3333 corpus
872 3275 982 3326 rerum;
1010 3273 1066 3314 non
1120 3264 1227 3318 occulte
1242 3271 1457 3334 premoneatur,
1474 3280 1508 3321 ne
1528 3265 1603 3336 quod
1624 3263 1705 3322 debet
1722 3279 1776 3320 esse
1791 3263 1863 3328 saluti,

272 3371 413 3428 exsangue
426 3356 474 3412 sed
490 3356 600 3427 plenum
614 3355 747 3426 sangnine
759 3372 767 3421 ;
780 3369 837 3409 nan
852 3359 1002 3417 mortuum,
1018 3351 1066 3408 scd
1119 3363 1266 3427 praesumat
1277 3356 1434 3426 perditioni.
1452 3354 1480 3410 Si
1490 3363 1581 3412 tamen
1593 3369 1678 3427 super
1692 3355 1740 3410 boc
1752 3355 1865 3421 instanti

273 3449 366 3506 enimn
379 3447 545 3504 vivilrcatum
560 3445 670 3518 lleoque
682 3447 800 3502 unitum.
1067 3439 1070 3444 ’
1119 3447 1202 3520 bique
1220 3447 1279 3504 lieri
1301 3448 1375 3520 quod
1398 3449 1522 3532 lldelibus
1546 3446 1589 3514 ta,
1607 3449 1772 3519 expostulat;
1784 3462 1864 3502 numu

309 3539 340 3596 io
359 3538 517 3610 huiusmodi
531 3551 633 3609 corpus
646 3551 745 3608 panem
766 3534 836 3592 terli
856 3541 973 3606 oporiet.
995 3546 1065 3604 ‘11¹⁰-
1118 3543 1161 3594 est
1174 3537 1479 3600 dareeommunionem,
1496 3553 1530 3594 ne
1541 3537 1669 3610 negando
1689 3537 1779 3609 prodas
1793 3535 1863 3606 iniqui·

273 3631 348 3689 niam
368 3630 481 3688 alterius
501 3630 577 3686 modi
600 3629 680 3703 [fort.
704 3629 820 3684 alterum
840 3625 962 3701 modum]
983 3625 1065 3682 Cbri·
1117 3637 1211 3696 tatem,
1227 3629 1544 3687 autnertdearisittnrn
1561 3629 1724 3696 edisserui
1741 3627 1864 3684 rbabmd·

274 3730 335 3780 stus
343 3737 400 3779 uon
410 3722 502 3778 babet.
517 3720 548 3778 in
559 3722 649 3794 ipsum
661 3736 762 3792 corpus
775 3721 949 3793 panemrertl
964 3719 1066 3776 asseri·
1118 3723 1183 3779 burn
1201 3723 1274 3778 nolis
1293 3720 1429 3779 conlerrc.
1445 3721 1555 3792 ltaque,
1572 3736 1607 3778 ne
1631 3727 1680 3777 aut
1700 3721 1767 3776 illum
1784 3718 1862 3789 detepu

273 3829 346 3878 mus,
365 3814 497 3885 quoniam
510 3814 635 3888 corporis
651 3813 722 3870 verti
738 3813 766 3867 in
784 3819 890 3883 partem
903 3811 996 3866 dicere
1010 3825 1066 3864 non
1100 3843 1102 3852 ‚
1118 3815 1269 3886 indignum,
1284 3822 1331 3869 aut
1344 3821 1372 3870 te
1388 3813 1488 3870 reddas
1503 3820 1681 3884 anspertum
1695 3819 1795 3868 mortem
1809 3823 1863 3865 stau

274 3907 428 3964 audemus:
444 3909 584 3964 nonenim
602 3908 641 3962 ait
657 3905 806 3965 Dominus:
821 3906 947 3975 decipite,
962 3904 1011 3959 ltoc
1027 3913 1065 3958 est
1116 3909 1272 3964 certissime
1286 3907 1326 3962 illi
1339 3907 1429 3972 dabis,
1447 3915 1475 3963 et
1491 3905 1543 3962 bac
1559 3907 1619 3962 sola
1633 3907 1677 3962 ria
1688 3905 1799 3960 Ecclesia
1809 3917 1863 3956 stan

272 4001 360 4070 portio
370 4001 487 4070 corporis
497 4000 561 4064 mei:
583 4015 680 4056 verum
694 3999 829 4071 accipite:
845 3997 903 4054 iloc
919 4007 958 4052 ert
969 4011 1066 4068 corpur
1117 3999 1210 4056 datum
1224 3981 1341 4069 uitabis3
1363 3999 1387 4054 si
1405 4013 1531 4072 negares,
1547 3999 1644 4071 utique
1660 3991 1862 4070 qmriterollende

273 4109 361 4148 rrum
371 4091 480 4164 (liettlt.
492 4107 567 4156 xxti,
578 4091 636 4163 26).
650 4090 680 4147 Si
690 4092 763 4148 enim
774 4092 846 4148 sicut
856 4091 949 4146 uinum
960 4090 989 4145 in
1002 4103 1066 4146 san·
1117 4109 1178 4161 res;
1189 4093 1254 4148 dum
1268 4094 1328 4156 das,
1344 4091 1412 4148 nibil
1426 4091 1538 4147 omnino
1549 4107 1649 4163 peccas
1665 4089 1800 4146 :iudicitur
1815 4085 1862 4140 erin

273 4180 394 4252 illimis
418 4181 483 4236 fimi
497 4180 527 4235 5¹¹
541 4180 653 4236 'mille
667 4180 910 4252 00fflllflh0ss⁸¹¹mt
932 4179 970 4233 51³
986 4177 1066 4249 patris
1117 4185 1320 4242 ridirnnnducat
1339 4195 1365 4242 et
1381 4185 1446 4240 didit
1465 4184 1492 4258 (l
1508 4183 1571 4242 Cor.
1591 4201 1631 4252 ιι,
1643 4183 1706 4258 29),
1724 4177 1862 4254 unquenti.

272 4271 303 4328 in
317 4271 482 4343 portionem,
499 4271 563 4326 licet
583 4271 685 4326 ambitu
705 4271 831 4342 corporis
855 4271 988 4326 inclusam
1005 4284 1068 4326 uer·
1117 4295 1172 4336 110„
1186 4280 1269 4336 ettam
1282 4279 1332 4334 ribi
1344 4277 1438 4352 (fflli
1455 4279 1479 4334 si
1498 4278 1547 4334 sipi
1561 4277 1689 4335 polanum
1701 4273 1795 4348 qnando
1806 4269 1862 4327 duri

272 4369 389 4428 teretur,
402 4363 498 4434 utique
508 4369 648 4434 oporteret
658 4364 733 4420 dicit
747 4361 812 4418 lice
822 4373 862 4418 est
873 4378 935 4433 para
948 4353 1066 4433 corporis
1117 4387 1179 4428 cnm
1190 4373 1271 4428 honis
1283 4372 1429 4428 distribuis
1439 4379 1466 4428 nt
1481 4373 1575 4438 malls,
1587 4369 1662 4443 qaod
1675 4369 1791 4426 Damirm
1805 4363 1862 4420 itaut

273 4455 335 4512 mei.
350 4456 423 4511 sicut
437 4455 560 4512 dicitur:
577 4454 628 4511 llic
638 4465 679 4511 eat
694 4458 887 4528 arapennem
901 4454 1002 4529 (loidi,
1017 4469 1066 4526 po·
1080 4485 1103 4542 D
1117 4465 1166 4519 tibi
1182 4464 1307 4536 exemplo
1318 4462 1392 4519 idem
1407 4461 1482 4528 lecit,
1496 4477 1559 4518 cum
1586 4463 1659 4519 inter
1678 4459 1800 4533 apostolos
1816 4467 1861 4510 suat

273 4547 331 4604 ⁸5⁰⁸
349 4561 432 4618 (imm
451 4554 558 4619 partem
577 4549 689 4604 ¹¹⁰¹¹¹i¹¹0
711 4547 837 4619 corporis
851 4546 977 4616 θθῐῑθθΐῑὶ
997 4561 1067 4618 l1¹¹⁰·
1115 4555 1213 4614 iudam
1236 4571 1350 4613 semna
1371 4572 1421 4614 sua
1444 4556 1558 4612 minime
1582 4553 1686 4626 sugant
1706 4549 1779 4625 (itt).
1802 4547 1861 4603 ΕΜ

273 4639 349 4694 niam
363 4653 415 4695 nec
427 4639 541 4712 sanquis
556 4640 667 4696 nomine
678 4640 799 4696 bominis
815 4645 952 4696 censetur.
973 4637 1067 4711 ltaque
1116 4649 1188 4706 enim
1203 4648 1261 4703 haec
1275 4646 1354 4703 radio
1367 4648 1435 4705 solis
1448 4647 1555 4720 purior,
1571 4645 1682 4704 sordida
1696 4640 1818 4716 percurrit,
1827 4649 1861 4690 aar

275 4729 349 4786 sicut
361 4729 474 4801 sanguis
486 4732 595 4789 nomine
604 4740 692 4789 suoet
701 4747 757 4788 non
768 4731 936 4788 continentis
947 4731 1065 4801 dicitur;
1116 4739 1302 4812 percurrenda
1314 4740 1410 4796 sordes
1418 4738 1572 4806 contrairit3
1585 4737 1683 4794 deeora
1693 4737 1803 4794 illustrat,
1811 4725 1860 4782 tnta

275 4823 314 4878 ita
322 4837 432 4894 quoque
441 4823 465 4879 si
478 4823 506 4880 in
520 4831 626 4896 partem
639 4825 765 4897 eorporis
773 4824 848 4882 lieret
861 4823 941 4895 panis
951 4839 1068 4881 conver·
1116 4832 1258 4904 propalat3
1273 4833 1375 4904 qnippe
1388 4833 1431 4888 nir
1444 4831 1534 4890 bonus
1548 4839 1611 4903 post
1626 4843 1731 4886 coenam
1747 4821 1859 4882 unuln,

277 4913 337 4981 sio,
352 4914 464 4972 nomine
483 4931 535 4972 suo
548 4924 577 4972 et
590 4932 648 4974 non
665 4917 834 4974 continentis
848 4916 997 4974 diceretur.
1013 4915 1067 4974 lta·
1116 4927 1206 4984 malas
1216 4934 1333 4982 antenna
1347 4940 1426 4982 coena
1435 4925 1507 4982 redit
1516 4923 1675 4981 deformior.

275 5019 329 5076 que
341 5006 612 5079 quantulamcunque
632 5008 851 5080 qualemcunque
865 5023 895 5064 se
915 5007 1003 5065 oculis
1016 5025 1068 5064 no-
1415 5058 1530 5117 ΜΠ
1544 5057 1591 5115 vn

275 5097 342 5154 stris
365 5099 472 5170 speeies
496 5105 559 5171 post
578 5099 797 5158 benedictionem
819 5100 976 5171 objecerit,
999 5099 1067 5156 lldes
1593 5102 1601 5117 '

274 5186 329 5242 stab
344 5189 445 5260 speclei
463 5189 651 5262 integumento
663 5205 719 5246 uon
734 5191 823 5248 solum
835 5205 947 5246 caruem
959 5199 988 5246 et
1002 5205 1067 5246 san·
1248 5178 1356 5247 0¹⁸⁰&ss
1367 5177 1402 5234 Μ
1416 5179 1503 5236 mim
1518 5179 1764 5235 mmmm·

276 5275 404 5348 pntnenn
418 5279 467 5336 sed
477 5279 580 5337 Cbristi
593 5282 778 5354 integritatem
794 5282 854 5339 sine
864 5297 919 5354 qua
930 5296 981 5339 nee
1001 5296 1067 5338 caro
1151 5287 1226 5365 (tto)
1240 5289 1309 5348 Aliis
1322 5291 1433 5364 saepius,
1448 5293 1511 5351 aliis
1521 5295 1610 5351 rarius
1623 5307 1684 5348 mos
1695 5297 1735 5348 cst
1745 5295 1860 5345 mumm-

275 5367 390 5440 Cbrlstl‚
410 5387 463 5428 nec
474 5374 587 5446 stagiris
596 5381 648 5442 est,
670 5375 763 5434 debito
777 5375 882 5433 bonore
896 5383 1064 5434 teneretur:
1116 5383 1185 5440 cari.
1201 5383 1310 5440 Statuta
1332 5395 1425 5444 tamen
1439 5386 1552 5442 Patrum
1567 5387 1693 5444 muciunt
1713 5391 1751 5440 ter
1767 5382 1791 5438 in
1808 5387 1858 5432 titt

196 5459 202 5469 '
276 5461 473 5529 nibilmirans,
494 5465 517 5521 si
533 5467 716 5524 manducandi
730 5475 758 5524 et
777 5467 887 5525 bibendi
904 5468 988 5524 verba
1003 5483 1065 5524 cum
1115 5476 1385 5545 communicandum,
1404 5478 1450 5536 die
1461 5477 1581 5546 Natalis,
1597 5475 1744 5536 rasabae
1761 5472 1858 5529 lutto·

311 5595 386 5668 ittet
402 5595 484 5670 llam.
499 5599 527 5657 d.
543 5601 587 5656 lb.
686 5603 691 5610 '
1152 5609 1225 5738 (453)
1239 5609 1421 5683 Augustinus,
1439 5613 1459 5671 l.
1475 5629 1507 5670 ιιι
1518 5611 1557 5670 lle
1569 5613 1690 5685 bapt.,c.
1701 5609 1742 5670 lt.

325 5665 387 5752 ιξὸ)
401 5667 529 5736 turpise..
541 5678 638 5726 contra
652 5670 800 5756 donatist,
813 5679 842 5728 et
855 5674 874 5731 l.
887 5690 914 5744 r,
925 5689 950 5732 c.
962 5673 1009 5731 to..
1152 5679 1215 5753 (lbi
1241 5683 1345 5742 Cornell.
1362 5683 1491 5745 AEubam.
1510 5685 1539 5744 iu
1552 5683 1656 5758 Angla.

323 5736 386 5808 lai)
401 5738 482 5809 trip,
497 5755 552 5796 ser.
566 5741 603 5796 ἢ
621 5740 659 5797 tte
675 5744 765 5799 verbm
784 5751 874 5815 apost.
