3967 6334
91 303 121 358 il
487 299 521 354 IN
536 297 703 372 UNUII‘EX
717 298 899 370 Qunttton.

89 411 138 468 XI.
158 411 210 468 Ubi
219 417 299 468 Iesus
309 410 490 466 revocaturob
501 409 619 483 AEpppto

89 482 149 540 X'II.
165 482 216 537 Iibi
226 481 306 538 iesus
318 483 445 538 remansit
461 483 490 536 in
503 481 599 551 templo
611 480 815 554 Hierosolymis.

89 551 162 609 XIII.
179 551 229 607 L'bi
238 551 356 607 Joanues
370 551 495 621 Baptista
505 553 629 622 apparuit
643 553 671 606 in
683 551 780 607 Israel.

89 622 163 680 XIV.
184 622 234 677 IIbi
244 620 323 678 iesus
340 622 530 690 baptizabatur
544 639 561 675 a
574 621 690 678 Ioanne.

90 691 150 748 XV.
171 692 222 748 Ubi
236 691 316 748 Iesus
326 691 422 747 ductus
435 702 473 747 est
487 692 516 746 in
530 692 661 747 desertum
676 695 809 765 aspiritu.

90 761 163 820 XVI.
183 761 233 818 IIbi
250 763 302 818 dun
313 762 440 834 discipuli
452 761 567 817 ioannis
580 763 663 818 secuti
673 773 734 820 sunt
743 763 846 821 Iesum.

90 832 176 889 XVII.
194 833 232 888 ne
244 833 368 903 Philippo
378 843 402 888 et
415 831 577 888 Natltartael.

92 901 189 960 XVIII.
208 901 258 958 Ubi
271 903 352 958 Iesus
365 904 393 958 in
404 902 546 974 Synapopa
561 902 623 974 iepit
638 902 736 958 librum
752 902 845 961 istria.

91 971 235 1097 XIX-'Ubi
246 973 326 1030 iesus
336 975 437 1028 uocauit
447 973 557 1028 Petrum
566 983 591 1027 et
601 973 747 1041 Andrean,
758 972 889 1031 Iacobum

126 1057 152 1099 et
187 1061 308 1100 oannem.
339 1072 343 1081 ·

91 1113 151 1170 XX.
172 1113 222 1169 IIbi
235 1113 314 1170 Jesns
325 1115 425 1169 uocauit
440 1112 598 1168 IIottboeum
609 1113 792 1183 publicanum.

92 1183 164 1240 XXI.
184 1184 235 1238 Ubi
256 1185 336 1240 besue
361 1184 471 1240 audiens
492 1183 561 1256 quod
577 1183 696 1240 Ioannes
717 1186 833 1243 traditus
847 1205 889 1243 es·

92 1267 179 1408 xiii
193 1267 339 1381 ‘tlt‘ttll
354 1253 777 1408 blitibllttllttlilfb
796 1329 889 1384 ...om

127 1413 157 1450 sn
182 1407 279 1460 moute,
304 1396 382 1477 clepet
412 1396 550 1450 duodecim
575 1397 723 1464 apostolos,
750 1407 775 1452 et
799 1399 890 1456 docuit

127 1483 172 1520 eos
183 1465 215 1520 de
225 1464 387 1520 beatitudine
398 1466 471 1538 repni
483 1467 618 1532 culorum,
629 1475 722 1538 etqua
733 1479 886 1540 sequuntur.

92 1533 190 1592 XXIII.
209 1535 360 1605 Irtcrepatio
372 1536 492 1591 divitum.

92 1604 190 1662 XXIV.
208 1605 258 1662 Ubi
269 1605 358 1660 dicit:
379 1605 431 1661 Vos
441 1607 505 1662 estis
515 1605 558 1660 sal
574 1616 659 1662 terra.

92 1675 178 1732 XXV.
197 1675 323 1732 Vosestis
334 1676 382 1730 lue
397 1675 498 1745 mundi,
516 1686 540 1730 ct
560 1676 657 1732 iterum
678 1679 888 1749 comparationes

128 1746 160 1800 de
204 1746 394 1817 aceptislepis.

93 1762 524 1885 VXVXIramndiaprobibitio.

93 1885 202 1942 XXVII.
218 1886 256 1942 Ile
272 1885 443 1956 relinquendo
457 1901 552 1940 munus
567 1887 602 1940 ad
613 1886 708 1944 attare.

93 1954 214 2014 XXVIII.
231 1956 270 2011 Ibo
281 1957 416 2012 adulterio
427 1957 656 2025 concupiscentia.

92 2025 192 2082 XXIX.
208 2026 249 2082 De
264 2026 382 2096 repudio.

92 2095 181 2151 XXX.
199 2095 238 2150 Ibe
248 2097 409 2167 juramento.

92 2165 195 2222 XXXI.
210 2167 251 2222 De
266 2167 369 2222 oculum
381 2182 430 2236 pro
441 2168 526 2224 oculo.

93 2231 399 2308 XXXIIIIedilipendo
433 2239 566 2294 rouimnm

94 2305 215 2386 ijxttt.
233 2307 271 2362 De
282 2253 569 2381 occultaebtemospna.

92 2375 205 2440 XXXIV
234 2377 523 2434 Desecretaorationo.

93 2445 203 2502 XXXV.
221 2447 260 2502 De
272 2449 374 2502 occulto
380 2449 494 2520 jejunio.

93 2515 214 2572 XXXVI.
231 2518 271 2572 De
282 2535 334 2573 non
343 2517 550 2574 thesaurizando
561 2528 759 2591 superterram.

93 2585 227 2642 XXXVII.
244 2589 316 2656 Quin
331 2606 404 2644 nemo
421 2598 506 2660 potest
526 2589 628 2644 duobus
649 2591 888 2648 dominis'serolre.
913 2597 919 2606 '

93 2655 239 2711 XXXVIII.
256 2657 319 2713 Non
329 2658 421 2715 debore
434 2660 579 2716 sollicitum
589 2676 645 2716 esse
654 2660 753 2716 deesca
763 2662 802 2716 uei
812 2661 890 2716 indu·

92 2737 305 2856 XXRXInXoNon
325 2797 416 2856 debere
439 2815 597 2872 quemquam
614 2799 737 2870 iudicare
760 2802 800 2857 oei
827 2817 890 2856 con-

92 2867 496 3006 Xffibbeoladeammo‚oel
509 2939 542 2996 de
555 2941 640 2996 tribus
654 2940 779 3012 partibus.
795 2940 890 2998 Peten-

127 3010 204 3074 dum,
218 3009 399 3084 quarendum,
416 3009 588 3080 pulsandum.

93 3078 162 3136 XLI.
181 3081 222 3136 De
236 3080 351 3136 canendo
366 3098 383 3134 n
399 3081 477 3150 [aisis
491 3081 633 3152 prophetis.

92 3147 173 3208 XLII.
196 3151 259 3207 IVon
274 3151 301 3206 tt
315 3152 452 3205 Intrabunt
465 3152 492 3205 in
506 3168 615 3223 repnum
627 3153 889 3224 calorum‚t1uitatt·

128 3229 187 3276 tnm
201 3223 293 3277 dicunt
309 3237 318 3275 .·
335 3219 446 3276 Domine
461 3219 580 3278 Domitio.

92 3289 185 3348 XLIII.
208 3291 380 3360 Comparatio
394 3293 422 3346 in
439 3291 480 3347 isis
492 3292 613 3348 omnibus
628 3291 662 3348 de
675 3293 792 3364 sapiente
805 3301 829 3350 et
848 3293 889 3348 in-

127 3364 240 3432 sipiente
256 3361 477 3434 aedificatoribus.

327 3474 501 3534 CXPI‘IULX
518 3473 611 3530 LIBRI
629 3474 660 3530 II.

93 3563 187 3623 XLIV.
210 3565 234 3622 tt
236 3566 262 3622 bi
270 3567 349 3624 Iesus
365 3569 446 3622 mittit
459 3566 597 3621 duodecim
610 3565 755 3636 discipulos
766 3583 828 3623 suos
841 3567 889 3621 do-

140 3653 186 3692 ere
199 3647 225 3692 et
238 3655 332 3722 curare
345 3655 435 3723 omenes
451 3637 594 3763 VEWQ
607 3702 610 3708 Ι
734 3707 740 3720 Ι
859 3706 865 3720 .

92 3705 174 3762 XLV.
200 3707 251 3762 IIbs
260 3708 339 3764 Iesus
350 3725 377 3763 nt
388 3709 463 3764 Lana
499 3707 593 3762 ablaa
608 3721 705 3778 aquom
715 3723 804 3762 ornum
815 3706 887 3778 feast.

93 3775 187 3833 XLVI.
211 3777 261 3833 Ubi
276 3776 354 3834 Iesus
370 3777 482 3834 mundat
496 3778 639 3850 leprosum.

92 3846 198 3903 XLVII.
215 3847 275 3932 ‚Ubi
291 3846 371 3904 Iesus
391 3864 503 3920 puerum
525 3848 684 3902 centurionis
710 3847 888 3920 paralyticum

93 3926 285 4068 ubbbtbbnbts
298 4006 403 4044 socrum
420 3987 495 4044 Petri
509 3985 655 4112 obobribus
675 3988 779 4044 sonavit
796 3986 887 4044 Iesus.

92 4055 186 4143 XLIX.
207 4056 258 4114 Ubi
269 4058 349 4117 iesus
365 4060 512 4115 incivitate
554 4059 609 4114 aim
622 4068 756 4114 mortuum
774 4058 888 4114 resusci-

92 4139 306 4256 L.⁸bbbbomnes
326 4201 497 4324 infrmitates
519 4209 606 4266 curat,
629 4207 658 4254 ut
682 4198 889 4270 adimplerentur

92 4280 563 4424 LI‘ciri'bblbbbbrbbbbbtbblb‘bbsbb'tdipit:
578 4339 674 4412 Vulpes
681 4339 771 4424 [oscas
781 4339 887 4423 babent.

94 4407 148 4465 LII.
167 4411 219 4466 IIbt
238 4413 364 4483 nauipans
379 4421 516 4484 imperant
539 4420 590 4466 tem
608 4421 698 4475 estote.
719 4419 745 4466 et
765 4420 885 4466 cessant.

92 4477 157 4538 LIII.
177 4479 229 4538 Ubi
247 4483 348 4538 curavit
367 4492 440 4540 trans
460 4481 558 4554 {retum
596 4480 841 4552 cenomannum
861 4481 888 4534 in

128 4554 305 4608 monumentis
317 4553 448 4610 manebat.

915 333 951 343 -
963 299 1157 358 Inuontstn
1170 298 1333 360 nectunt.
1704 317 1740 374 a

940 409 1020 467 LXII.
1038 409 1090 495 libi
1098 411 1223 481 pbarisai
1237 411 1329 469 dicunt
1339 415 1372 470 de
1382 411 1495 482 lesuin
1507 418 1652 476 Beelzebub
1664 427 1737 495 ejici!

940 481 1108 609 LIbbbelmbbbb1
1112 525 1221 608 biartba
1235 554 1351 624 suscepit
1363 552 1455 610 iesum
1471 557 1499 612 in
1513 556 1592 613 domo
1608 577 1668 617 sua.

939 621 1032 678 LXIV.
1051 622 1103 676 libi
1122 623 1242 678 Ioannes
1263 623 1296 679 de
1320 640 1424 680 carcere
1446 628 1519 682 misit
1540 629 1576 682 ad
1588 628 1683 687 besum
1698 635 1725 687 in

940 703 1245 846 LXVboibbibbbb'bbrat
1257 764 1420 830 ciuitatibus,
1438 769 1465 822 in
1478 768 1573 839 quibus
1584 779 1665 840 pactu
1675 783 1736 827 sunt

975 832 1099 902 piurima
1113 843 1231 888 uirtutes.

940 901 1032 985 LXVI.
1051 901 1102 958 Ubi
1117 904 1231 974 apostoli
1245 913 1411 960 reuertuntur
1422 905 1562 964 odiosum
1583 924 1616 964 ae
1634 913 1735 980 pradi-

940 983 1113 1098 LXVbbonLIbi
1126 1043 1205 1099 Iesus
1218 1042 1296 1114 clepit
1309 1045 1377 1100 alios
1393 1049 1561 1118 septunpinta
1575 1048 1642 1107 duos
1654 1052 1728 1108 disci

975 1115 1064 1184 pulos,
1080 1115 1225 1185 adjunpens
1237 1114 1395 1184 parabolam
1411 1126 1511 1174 turrem
1525 1119 1695 1190 ludificantis,
1710 1132 1736 1179 et

976 1201 1004 1238 re
1021 1187 1045 1238 is
1059 1184 1094 1238 ad
1108 1186 1229 1254 praelium
1245 1188 1421 1254 properantis.

940 1254 986 1309 LII
1014 1254 1056 1310 III.
1074 1254 1124 1310 Ubi
1136 1253 1297 1309 accusabant
1312 1255 1458 1325 discipulos
1473 1258 1541 1328 ejus.

941 1323 1034 1408 LXIX.
1051 1324 1101 1379 Ubi
1115 1324 1158 1380 dic
1169 1324 1287 1380 Sabbata
1297 1326 1324 1379 in
1343 1324 1485 1398 Spuapopa
1506 1331 1609 1385 curauit
1626 1348 1736 1388 manum

940 1394 1093 1521 LXXXV}
1107 1463 1186 1548 iesus
1200 1465 1228 1548 in
1241 1474 1329 1548 monte
1343 1474 1414 1548 oreti,
1428 1476 1453 1522 et
1463 1468 1547 1536 jueta
1559 1487 1633 1526 mare
1646 1473 1733 1531 turbis

975 1547 1010 1616 et·
1019 1535 1159 1619 descipults
1170 1553 1226 1616 suts
1239 1536 1358 1618 plurtma
1372 1555 1399 1618 m
1414 1537 1550 1606 parabolis
1566 1540 1669 1602 Iocutus
1680 1553 1732 1602 est.

939 1605 1552 1748 IIII.Ittntttittlttttttl...
1563 1697 1734 1754 ...omn

975 1756 1000 1802 et
1011 1747 1043 1800 de
1053 1747 1177 1802 zizaniis.

940 1815 1056 1872 LXXIII.
1072 1817 1111 1872 De
1122 1831 1204 1888 prono
1216 1817 1327 1887 sinapis.

940 1885 1058 1941 LXXIV.
1075 1887 1115 1942 De
1129 1887 1257 1956 fermento
1269 1887 1338 1958 quod
1354 1885 1492 1944 abscondit
1506 1890 1613 1957 mulier,
1635 1901 1661 1949 et
1679 1895 1736 1951 olio

976 1957 1063 2012 multa
1073 1955 1140 2012 disci
1159 1956 1222 2011 niis.

941 2026 1048 2082 LXXV.
1067 2025 1117 2081 Ubi
1148 2027 1267 2096 iscipnbis
1280 2026 1387 2082 disserit
1397 2027 1554 2097 parabolam
1565 2033 1733 2090 seminantis.

940 2096 1058 2155 LXXVI.
1082 2097 1135 2164 Qui
1155 2097 1269 2151 seminat
1291 2112 1390 2158 semen,
1411 2108 1436 2152 et
1450 2099 1522 2154 ondit
1536 2100 1681 2156 dormitum
1696 2106 1737 2160 cei

975 2169 1072 2250 sumit,
1087 2176 1113 2222 et
1125 2165 1263 2237 discipulis
1277 2165 1435 2235 parabolam
1450 2167 1558 2224 disserit
1580 2173 1640 2241 apri
1660 2175 1736 2230 aica-

941 2253 1124 2390 LXbb’bb'f'be
1134 2305 1257 2390 tbesauro
1276 2304 1432 2362 abscondito
1447 2308 1476 2390 in
1489 2323 1555 2390 apro
1571 2319 1598 2363 et
1614 2315 1736 2368 neaotia·

976 2385 1046 2432 tuone
1056 2385 1275 2447 marparrtarum.
1286 2375 1318 2429 dc
1329 2393 1428 2446 capena
1439 2394 1559 2433 narseum
1571 2396 1654 2448 mare,
1666 2394 1691 2438 et
1702 2385 1736 2440 de

976 2447 1172 2518 patrefamilias
1183 2448 1228 2517 qni
1247 2446 1348 2516 profert
1366 2445 1399 2501 de
1416 2446 1540 2503 tltesauro
1561 2465 1609 2505 suo
1626 2468 1694 2509 nona
1709 2465 1737 2510 et

940 2527 1082 2644 LXXVXI
1097 2584 1146 2640 Ubi
1158 2587 1215 2642 ait:
1228 2584 1331 2640 liontrn
1346 2584 1440 2642 desum
1451 2586 1518 2642 eires
1535 2604 1594 2658 epus
1604 2599 1737 2664 maspnats'

977 2657 1192 2722 sunt‚dicentes:
1207 2654 1281 2710 Unde
1289 2655 1349 2709 Ituio
1358 2665 1434 2710 terna
1442 2658 1594 2726 sapientiai

940 2727 1059 2784 LXXIII.
1076 2725 1126 2782 Ilbi
1137 2725 1169 2781 de
1181 2725 1295 2810 Iberodis
1304 2727 1430 2797 contuitio,
1441 2735 1467 2782 et
1479 2727 1512 2782 do
1524 2725 1639 2787 loannis
1650 2735 1734 2790 inter-

941 2800 1116 2925 LIXX'Ibn
1144 2804 1243 2922 bsnrbbin
1253 2865 1356 2921 deserto
1367 2866 1403 2950 de
1410 2868 1524 2940 quinque
1535 2881 1650 2940 pannus
1659 2875 1737 2944 puin»

993 2957 1025 2994 ue
1037 2939 1126 2993 millia
1137 2936 1273 2990 bonnnum
1282 2946 1423 2992 saturaott.

940 3007 962 3065 1.
989 3009 1058 3065 XXI.
1076 3007 1127 3063 Ubi
1135 3006 1214 3062 Jesm
1224 3023 1307 3076 supra
1321 3023 1395 3062 mare
1403 3006 1514 3077 pedibus
1533 3008 1691 3080 antbularit,
1709 3023 1736 3071 ct

965 3079 1088 3148 „Petrum
1101 3085 1258 3148 merpentern
1269 3076 1375 3134 liberat.

941 3148 1071 3206 LXXXII.
1086 3147 1137 3203 Ubi
1147 3147 1351 3216 transfretantes
1362 3157 1486 3203 uenerunt
1496 3149 1525 3204 in
1539 3159 1639 3205 terram
1651 3149 1739 3209 Gene-

976 3238 1034 3287 sar,
1047 3229 1072 3276 et
1083 3218 1168 3274 turba
1180 3227 1275 3272 secuta
1286 3227 1349 3271 sunt
1360 3226 1437 3272 trans
1452 3235 1535 3284 utare,
1549 3218 1582 3275 de
1595 3238 1695 3278 manna
1707 3223 1736 3280 in

975 3291 1089 3358 deserto,
1102 3288 1134 3344 de
1148 3289 1358 3344 murmuratione
1371 3286 1539 3353 Iuda’orum,
1549 3306 1580 3344 eo
1589 3291 1660 3362 cuod
1669 3293 1736 3348 dicit

974 3360 1055 3416 iesus
1067 3375 1076 3414 s
1089 3359 1113 3414 E
1131 3375 1215 3414 osum
1241 3359 1301 3412 anm
1312 3359 1395 3412 riuus.

940 3428 1081 3512 LXXXIII.
1103 3377 1153 3484 sbti
1168 3429 1213 3500 oui
1229 3445 1277 3510 nor
1294 3426 1450 3483 Pharisaeus
1470 3429 1574 3512 ropapit
1589 3444 1683 3513 terum
1700 3431 1737 3488 ad

940 3496 1737 3640 rtinblb.institituitititlttt‘ttt:

940 3643 1122 3768 LVXXXube
1132 3707 1242 3766 mullere
1252 3705 1464 3780 Syroplttenisso,
1475 3723 1590 3780 quapro
1605 3711 1666 3782 filiu
1685 3729 1737 3768 suo

940 3852 961 3907 L
988 3781 1089 3907 XXXV.
1098 3845 1239 3932 IIbiubesus
1252 3846 1363 3904 surdum
1373 3857 1399 3902 et
1410 3857 1513 3902 mutum
1524 3858 1614 3908 sanat.

939 3920 1094 3979 LXXXVII.
1108 3918 1158 3974 IIbs
1167 3916 1247 3974 iesus
1257 3934 1335 3989 snper
1345 3927 1451 3989 puteum
1461 3916 1670 3992 tornantur·
1682 3921 1737 3980 so.

976 3993 1119 4047 meritona
1130 3989 1233 4044 locutus
1248 3999 1297 4044 est.

940 4059 1107 4120 LXXXVIII.
1125 4058 1176 4115 Ubi
1192 4058 1392 4142 Hierosolymis·
1405 4059 1541 4142 infirmum
1558 4063 1672 4126 curent,
1690 4065 1737 4136 qul

975 4135 1086 4204 tripinta
1106 4140 1164 4185 octo
1183 4146 1260 4184 annes
1274 4135 1362 4200 pacutt
1382 4145 1411 4182 tn
1429 4130 1596 4199 infirmtiate,
1613 4136 1737 4189 etmultu

973 4221 1034 4258 cum
1044 4201 1147 4257 Indais
1157 4200 1215 4323 el'us
1226 4200 1363 4254 occasione
1371 4197 1524 4269 disputavit.

938 4271 1084 4331 LXXXIX.
1099 4270 1149 4328 Ubi
1178 4287 1238 4326 esus
1247 4268 1279 4324 de
1292 4268 1644 4341 septempanibusetpuucis
1654 4273 1737 4343 pisci·

975 4344 1034 4408 bus,
1045 4352 1160 4415 nuatum
1170 4341 1256 4396 millio
1265 4340 1401 4394 homiuum
1412 4340 1556 4403 saturavit,
1574 4350 1599 4395 et
1611 4343 1735 4412 precepit

975 4415 1103 4485 apostolis
1113 4428 1204 4468 curere
1214 4429 1230 4466 a
1241 4410 1369 4482 [conuento
1378 4408 1581 4479 pltarlsaorum.

1165 4521 1290 4583 CAPITU
1295 4521 1339 4577 LX
1353 4515 1445 4576 LIBIII
1460 4518 1505 4577 III.

93 4619 161 4678 LIV.
181 4621 233 4678 Ubi
246 4624 350 4678 curarit
360 4623 548 4696 paralyticum,
564 4637 640 4695 quem
658 4617 832 4690 deposuerunt
842 4635 889 4690 per
938 4617 995 4675 XC.
1015 4615 1066 4674 titt
1076 4615 1156 4673 Iesus
1170 4616 1316 4686 interropot
1326 4613 1470 4685 apostolos,
1487 4611 1570 4680 Quem
1584 4629 1625 4669 me
1644 4616 1737 4672 dicunt

129 4701 237 4751 tectum.

94 4760 148 4818 LV.
169 4761 221 4818 Ubi
234 4763 322 4834 lilium
337 4763 420 4836 repuli
433 4763 566 4822 absentem
581 4763 692 4818 curauit.

94 4831 160 4888 LVI.
181 4831 233 4888 Ubi
247 4832 309 4889 Leni
323 4836 479 4903 publicemus
494 4835 641 4890 concinium
660 4833 684 4887 ei
707 4839 779 4902 put.
801 4839 826 4887 ct
846 4831 890 4886 dl·

128 4914 217 4960 centes
233 4903 334 4960 Scribcu
354 4914 379 4960 et
404 4903 537 4960 Pisarisai
556 4903 704 4974 discipulis.
718 4903 808 4969 Quare
829 4917 890 4957 cum

127 4975 310 5040 publicrmiset
333 4974 648 5032 eccntoribusmandncat
659 4973 785 5044 rrtapister
795 4982 886 5027 uester.

94 5043 242 5168 me
256 4991 351 5102 scriba
365 5048 469 5118 sipnunt
483 5055 573 5117 petunt
587 5047 620 5100 ab
635 5061 676 5110 eo,
697 5052 723 5099 et
744 5044 782 5098 eis
804 5042 889 5097 mnitn

148 5127 206 5171 rcrt.

972 4689 1091 4744 bomines
1111 4704 1184 4750 csse.
1203 4695 1229 4742 ot
1242 4701 1302 4758 qum
1316 4693 1478 4756 senumnur,
1496 4690 1522 4737 et
1544 4681 1609 4738 dicit
1630 4683 1735 4741 Petro:

976 4757 1141 4815 Scandalum
1155 4755 1221 4812 milti
1230 4772 1269 4812 es.

939 4828 1011 4888 X'CI.
1029 4827 1079 4884 Ubi
1089 4827 1168 4883 Iesus
1182 4827 1247 4882 dicit
1262 4841 1272 4880 .·
1288 4823 1356 4880 Sunt
1369 4823 1479 4896 quidam
1492 4823 1526 4880 de
1538 4821 1582 4878 bic
1601 4823 1737 4880 stantibus

970 4900 1016 4972 spui
1030 4916 1082 4954 non
1094 4896 1239 4972 portabunt
1253 4905 1373 4962 mortem,
1386 4904 1413 4951 ct
1434 4895 1463 4950 in
1483 4901 1570 4950 rttontc
1589 4895 1736 4964 transpipu·

940 4980 1089 5098 XCrIIbuLIbi
1099 5037 1233 5094 Pisarisai
1245 5035 1337 5092 dicunt
1352 5033 1388 5090 ad
1400 5032 1493 5092 desum
1508 5043 1519 5087 ‚⁶
1534 5032 1646 5088 Discede
1662 5032 1733 5098 berre,

974 5112 1037 5182 quia
1053 5108 1170 5165 IIerodes
1186 5108 1241 5163 nult
1251 5107 1412 5170 teoccidcre,
1424 5116 1449 5162 et
1462 5105 1564 5160 curarit
1574 5103 1732 5159 lunaticum.

94 5185 185 5242 LVIII.
205 5185 255 5243 L‘bi
278 5186 399 5258 quadam
423 5188 519 5242 mulier
544 5185 577 5242 de
605 5185 683 5241 turba
705 5183 829 5239 clamabit
854 5182 889 5236 ad
939 5179 1032 5238 XCIII.
1049 5179 1099 5236 IIbi
1112 5177 1191 5236 Iesus
1206 5178 1238 5232 de
1251 5179 1373 5248 passione
1387 5193 1438 5232 sna
1451 5174 1589 5243 discipulis
1599 5173 1734 5242 potuissit,

128 5255 223 5314 besum
240 5274 249 5312 :
265 5257 363 5314 Beatus
378 5268 466 5313 ventor
479 5259 524 5330 qui
539 5267 562 5312 te
576 5257 700 5330 portauit.

93 5325 163 5383 LIX.
189 5327 239 5382 Ubi
259 5331 399 5384 nuntiatur
418 5326 484 5384 Iesu
503 5329 567 5400 quia
591 5339 676 5383 nemer
692 5335 738 5381 tua
752 5333 777 5380 et
792 5322 889 5394 iratres

131 5408 169 5454 tur
184 5400 273 5454 solunt
289 5397 422 5456 tesidere.

93 5465 150 5524 LX.
168 5467 218 5524 Ubi
232 5468 310 5525 iesus
328 5469 535 5554 mulieremque
554 5469 656 5540 {Inuum
680 5466 815 5539 sanpninis
839 5479 888 5533 pa-

131 5540 256 5604 tiebatur,
271 5551 296 5596 et
312 5541 398 5611 filiam
415 5539 488 5596 tatu
501 5541 628 5612 principis
645 5539 791 5612 Synapopta
815 5551 888 5591 mor·

131 5621 205 5664 tuam
218 5612 364 5666 suscitavit.

94 5679 163 5737 LXI.
187 5679 238 5736 IIbi
259 5683 326 5737 daos
340 5700 423 5740 sucos
434 5685 546 5752 curauit,
562 5691 587 5739 et
603 5680 761 5738 insomnium
776 5677 887 5739 surdum

131 5761 155 5808 st
172 5763 272 5808 mutum
284 5753 369 5824 ejecit.

231 5847 369 5910 Parent.
385 5847 573 5911 CLXXXVI

975 5262 1001 5335 et
1015 5250 1203 5332 Capitarrraum
1217 5265 1264 5318 pro
1278 5265 1306 5305 se
1318 5257 1343 5302 ct
1360 5246 1440 5302 Petro
1452 5243 1609 5300 didraclnna
1627 5255 1722 5300 ecacto

940 5322 1194 5449 xcrlrplasvrgpmergm
1209 5391 1386 5458 interropatus
1401 5403 1417 5440 o
1432 5383 1570 5455 discipulis
1590 5389 1659 5448 suis,
1674 5386 1734 5456 quis

977 5464 1064 5546 ncajor
1076 5465 1127 5518 erit
1141 5463 1171 5544 in
1182 5477 1260 5545 repno
1275 5458 1411 5540 emiorum,
1422 5457 1530 5511 instruit
1541 5471 1585 5537 ens
1595 5454 1636 5509 Itis
1646 5469 1736 5510 eccm·

942 5531 1358 5726 XXV?’Vbrgbbbtbbb’bbrbelusbbbit
1367 5526 1599 5670 bbbzvbbbsfacinnt
1613 5595 1690 5668 sipon
1707 5594 1736 5650 itt

977 5691 1081 5730 nomme
1112 5688 1167 5728 esu.

942 5743 1035 5802 XCVI.
1052 5743 1115 5802 Non
1127 5741 1224 5822 'debere
1239 5741 1370 5799 contemni
1393 5759 1476 5800 unum
1484 5739 1528 5896 2do
1549 5736 1665 5812 pusillis,
1686 5727 1724 5789 od
