3967 6334
152 407 217 467 *tut
640 403 675 464 ΙΝ
691 397 854 474 brunelli
872 395 1041 475 Qustuort
1057 395 1159 460 utenti
1177 397 1317 460 ceruus,
1740 401 1795 460 tlt

163 523 229 594 pou,
243 517 298 578 uidi
314 529 348 578 te.
368 517 510 590 Respondit
529 522 553 576 ei
574 519 728 577 Notianael
741 530 766 576 et
781 522 837 576 eit:
852 521 948 587 nostr,
963 525 987 584 Α
1000 517 1074 590 quod
1085 519 1157 574 inter
1166 517 1407 590 congregationem
1427 517 1501 573 unde
1515 515 1670 591 synagoga,
1684 526 1712 576 et
1725 535 1794 577 ean·

165 625 196 670 tu
209 631 238 670 es
253 611 341 668 Filius
354 613 414 678 Dei,
427 620 455 667 tu
464 629 492 667 es
503 627 550 668 ree
567 611 664 668 lsrael.
1006 615 1177 671 vocationem
1187 613 1262 669 unde
1272 611 1396 667 Ecclesia
1410 626 1511 667 nomen
1524 612 1640 682 aceepit,
1651 611 1736 668 distet
1743 615 1796 668 sli-

201 701 955 781 [Animus]QuiacognoritNatlranaelDominumcor·
1006 705 1093 777 qnid:
1120 705 1195 777 quod
1218 705 1325 760 seilicet
1347 705 1509 776 congregari
1530 710 1557 760 et
1579 718 1680 776 peoora
1693 705 1797 774 solent,

162 795 957 872 perstiterabsememvidissequeipseinalioloeogesse
1006 797 1154 854 conuocari
1176 803 1267 852 eutem
1289 795 1377 867 magis
1392 802 1436 851 est
1457 796 1593 851 utentium
1624 797 1742 866 ratione,
1765 802 1797 855 ut

162 896 218 954 1²¹,
234 885 466 958 idest,qnomou0
475 885 741 956 etublsubquaeam
750 883 897 940 arboreliei
908 897 957 938 ro·
1007 894 1071 945 sunt
1083 888 1218 944 homines.
1234 885 1353 958 Ideoque
1363 902 1441 943 nouae
1454 887 1549 958 gratie
1563 888 1694 960 populum
1704 890 1797 945 risum

163 976 720 1051 catussital'bilippo,quodestinrlieium
728 975 958 1040 Deitatis‚latetur
1007 986 1050 1035 ost
1059 979 1221 1035 doctoribus
1238 979 1339 1034 debere
1350 978 1445 1035 uocari
1456 977 1619 1045 Ecclesiam,
1639 981 1738 1051 majori
1755 981 1798 1036 ni.

163 1085 222 1130 non
236 1074 325 1130 solum
332 1070 467 1136 Rebbi,id
476 1070 700 1141 estmagistrum,
712 1065 958 1124 sedetllelFilium
1007 1072 1112 1143 gnitate
1125 1079 1305 1127 convocatum
1317 1071 1347 1126 in
1360 1070 1492 1126 unitatem
1508 1071 1582 1128 lidei.

164 1181 199 1222 ac
213 1181 305 1238 regem
318 1164 413 1229 lsrael,
436 1163 463 1220 id
480 1171 522 1220 est
538 1161 688 1219 Christum.
705 1159 736 1216 ln
757 1175 811 1231 quo
827 1159 959 1230 probatur
1043 1159 1079 1214 lit
1100 1161 1218 1215 surrexit
1239 1159 1334 1232 legere,
1350 1169 1375 1216 et
1390 1161 1505 1216 truditur
1516 1170 1555 1217 ert
1570 1160 1613 1216 illi
1627 1160 1694 1217 lilrr
1711 1161 1795 1220 lsoioe

164 1271 231 1313 esse
249 1255 384 1321 Israelita,
407 1253 434 1310 id
456 1263 512 1319 est,
532 1253 575 1309 vir
596 1252 692 1309 ridens
713 1249 809 1314 Deum,
831 1249 878 1320 qui
899 1249 959 1304 sine
1008 1251 1151 1324 propiore.

165 1347 232 1404 tiolo
245 1357 314 1413 erat,
329 1347 382 1403 boe
396 1355 449 1411 est,
473 1345 533 1402 sine
554 1345 738 1400 simulatione.
755 1340 784 1396 Si
799 1341 872 1398 enirn
892 1351 958 1412 pec·
1046 1343 1180 1400 indicium
1198 1343 1251 1400 luit
1268 1342 1442 1409 brrmllitatis,
1461 1343 1602 1416 suscipere
1622 1346 1733 1402 lectoris
1743 1347 1800 1402 oltra

165 1445 230 1494 cata
245 1439 371 1504 babebat,
386 1436 568 1494 confitebatur
580 1450 624 1492 ea.
643 1433 776 1490 Pharisaei
791 1443 856 1488 uero
870 1431 958 1488 dolosi
1010 1435 1094 1492 cirum.
1113 1428 1313 1493 verumetiam
1337 1435 1480 1509 Scriptura
1502 1437 1536 1493 de
1556 1438 1617 1509 ipso
1635 1455 1684 1510 per
1708 1439 1798 1511 ipsum

166 1538 244 1596 srrnt,
258 1531 306 1602 qui
320 1545 351 1586 se
363 1530 452 1585 bonos
467 1527 630 1600 praedicant,
641 1541 704 1582 eum
722 1526 779 1581 sint
789 1523 865 1579 mali.
881 1523 959 1580 lnre-
1010 1528 1091 1583 nobis
1105 1534 1165 1584 erat
1177 1527 1323 1599 aperienda
1337 1535 1364 1584 et
1378 1527 1561 1598 adimplenda.

164 1625 260 1680 nimus
274 1623 399 1678 arborem
423 1621 467 1677 lici
486 1619 669 1682 maledictam,
684 1619 749 1691 quia
769 1617 887 1673 tructam
902 1632 958 1673 non
1046 1618 1082 1675 Et
1093 1634 1124 1674 nr
1137 1621 1244 1676 recoluit
1259 1619 1368 1686 librum,
1392 1619 1489 1674 inuenit
1504 1618 1590 1675 iocum
1603 1619 1649 1674 uti
1669 1622 1796 1692 scripturn

166 1715 265 1772 babuit
279 1713 389 1788 (linitis.
403 1729 468 1781 xxr,
484 1711 569 1769 Hora.
586 1711 637 1785 rr).
649 1709 753 1765 Etcum
769 1707 856 1764 Adam
867 1716 894 1764 et
903 1707 960 1765 Eta
1013 1721 1087 1766 mat:
1100 1711 1214 1782 Spiritus
1222 1710 1330 1766 Domini
1338 1711 1665 1784 superinepropterguod
1676 1715 1801 1786 unsilme

166 1813 342 1878 peccassent,
354 1807 388 1862 de
402 1803 476 1862 loliis
488 1803 612 1860 liculneis
626 1801 810 1860 succinctoria
821 1801 875 1856 sibi
888 1799 960 1857 lece-
1012 1801 1081 1875 (isa.
1107 1804 1176 1877 un).
1193 1803 1385 1874 Evangelizare
1397 1803 1555 1874 pauperibus
1569 1803 1642 1859 misit
1660 1821 1711 1868 me,
1733 1785 1801 1876 prose

166 1896 329 1954 nuptialia
343 1911 410 1968 ergo
419 1896 466 1950 illa
481 1902 594 1966 peccata
604 1894 803 1974 intelliguntur.
815 1889 960 1964 [secuse]
975 1872 999 1932 B
1012 1887 1101 1950 diem
1111 1894 1221 1964 cuprinis
1234 1890 1461 1961 remissionom,et
1472 1897 1548 1950 cecis
1562 1897 1656 1962 nisum,
1668 1889 1801 1955 dimittere

167 1987 237 2044 Erat
250 1994 343 2043 sutem
351 1985 505 2042 Natbanael
517 1987 570 2042 sub
584 1983 683 2040 arbore
701 1982 744 2040 lici
764 1991 894 2055 tanquam
910 1982 961 2038 sub
1012 1986 1161 2056 contractos
1176 1985 1407 2050 inremissionem,
1420 1978 1566 2056 predicare·
1580 2004 1679 2042 annum
1692 1983 1802 2046 Domini

168 2080 270 2136 umbra
284 2078 390 2143 mortis,
407 2077 517 2148 quando
532 2077 625 2133 lumen
640 2085 731 2132 ortunr
746 2081 788 2130 est
805 2071 842 2130 ei.
856 2073 961 2129 Natha-
1013 2088 1184 2150 acceptumst
1197 2077 1267 2134 diem
1278 2075 1469 2134 retributionis.
1574 2138 1576 2141 ,

171 2172 249 2237 nael,
265 2171 360 2226 donum
383 2169 434 2225 liei
456 2169 662 2240 interpretatur.
681 2165 834 2240 [Aternus]
852 2165 886 2220 Et
908 2165 962 2224 nisi
1048 2169 1160 2227 Librum
1175 2168 1448 2244 prophetaeclausum
1460 2169 1574 2241 aceepit,
1586 2165 1634 2227 sed
1648 2171 1801 2228 resolutum

173 2264 248 2321 dono
263 2262 310 2319 liei
326 2263 444 2334 quisque
456 2270 580 2328 nocetur,
595 2274 737 2332 nunquam
750 2265 857 2316 reatum
867 2257 963 2330 primm
1013 2259 1092 2333 legit;
1105 2260 1170 2331 qnia
1184 2261 1345 2332 mysterium
1356 2257 1560 2316 incarnationis
1574 2274 1631 2316 sue
1643 2262 1670 2317 in
1680 2263 1801 2334 proplie-

170 2355 406 2430 transgressionis
419 2354 526 2412 evadet.
890 2417 895 2430 ,
1013 2352 1061 2408 tiis
1074 2353 1232 2417 obscurum,
1248 2355 1276 2408 et
1290 2353 1368 2423 prius
1378 2351 1499 2422 suscepit
1508 2352 1686 2425 implendum,
1699 2361 1726 2410 et
1739 2360 1803 2426 post

207 2445 349 2520 Respondit
369 2445 447 2502 lesus
461 2455 487 2502 et
509 2445 578 2499 dicit
593 2445 634 2500 ei:
660 2442 732 2510 Quin
751 2441 809 2497 dini
828 2441 886 2505 tibi,
910 2440 962 2496 uidi
1013 2444 1177 2500 mortalibus
1201 2444 1308 2515 aperuit
1328 2443 1545 2516 intelligendum.
1570 2442 1674 2501 Unctus
1695 2445 1746 2501 luit
1773 2449 1802 2503 in

169 2547 198 2594 ts
211 2537 260 2594 sud
281 2538 344 2608 ficu,
364 2535 467 2591 credit:
483 2533 573 2604 millis
592 2531 635 2587 ¹¹5³
651 2531 760 2587 videbit·
784 2529 819 2584 Et
841 2530 906 2584 &5⁶51
919 2529 963 2584 ei:
1013 2541 1094 2592 utcro
1114 2535 1212 2590 matris
1232 2541 1329 2591 sancto
1344 2533 1448 2605 Spiritu
1468 2546 1524 2607 pree
1540 2537 1715 2594 consortibus
1731 2539 1800 2604 suis,

169 2631 268 2696 Amen,
282 2625 655 2698 tmndftotlolitrsslt'dtlt'lt't
666 2623 742 2680 “21⁰⁸
753 2632 866 2693 “peritis
878 2630 903 2678 tl
919 2637 965 2678 tlt·
1014 2628 1095 2700 cujus
1115 2627 1254 2684 unctionis
1277 2636 1480 2686 sacramentum
1494 2633 1522 2682 et
1538 2628 1725 2687 manifestatio
1738 2629 1800 2693 luit,

169 2722 244 2794 gelos
254 2719 305 2776 Dei
313 2718 482 2776 assendentes
491 2726 516 2773 et
524 2715 709 2772 descendentes
723 2711 965 2786 suproFiliumlso
1015 2718 1089 2790 quod
1111 2717 1140 2772 in
1162 2717 1299 2789 baptismo
1321 2728 1404 2788 super
1425 2732 1488 2774 eum
1507 2710 1626 2789 Spiritus
1646 2727 1758 2778 sanetus
1773 2723 1802 2777 ln

171 2813 267 2868 minis.
1016 2808 1109 2880 speeie
1122 2808 1256 2864 columbe
1269 2809 1404 2880 apparuit,
1415 2807 1596 2880 Pauperibus,
1619 2808 1700 2870 idest
1714 2816 1803 2885 gentle

212 2901 357 2978 [lecese]
371 2899 436 2958 Plus
458 2899 595 2972 estquod
619 2897 752 2954 Dominus
772 2911 824 2952 nos
853 2906 965 2952 uocatos
1015 2901 1099 2967 libus,
1123 2896 1321 2972 evangelizarit
1345 2903 1573 2958 resurrectionem
1594 2919 1643 2976 per
1663 2916 1804 2978 precones

169 2994 345 3066 iristiticavit,
357 3009 440 3066 quam
456 2991 530 3065 quod
549 3007 602 3049 nas
622 2991 691 3047 vidit
707 2991 828 3061 iacentes
840 2988 892 3046 tub
905 3005 965 3044 um·
1016 3007 1085 3050 suos
1097 3010 1105 3060 ;
1118 2992 1246 3064 captivis,
1267 2992 1295 3047 id
1313 2999 1357 3048 est
1379 2994 1480 3064 populo
1497 2991 1653 3052 ludaeorum
1666 2999 1804 3069 captivate

171 3089 230 3144 bra
244 3087 352 3143 mortis.
375 3085 492 3153 Quando
507 3083 592 3140 laceb
607 3082 677 3140 uidit
698 3081 800 3138 scalam
815 3085 842 3136 et
856 3078 965 3151 angelos
1016 3084 1045 3139 ln
1065 3082 1196 3155 peccatis,
1216 3083 1375 3154 predicavit
1398 3083 1589 3140 remissionem
1615 3092 1801 3156 peecatorum.

172 3177 359 3236 ascendentes
379 3185 407 3233 et
428 3176 637 3240 descendentes,
657 3180 685 3230 el
707 3171 823 3244 lapidem
839 3171 966 3242 supposi-
1017 3173 1115 3241 cneio,
1129 3176 1159 3233 id
1171 3183 1214 3232 est
1226 3173 1374 3233 Pharisaeis
1387 3191 1443 3232 non
1462 3175 1681 3250 'intelligentibus
1704 3180 1801 3252 legem,

170 3280 234 3324 tum
245 3269 328 3340 capiti
348 3285 400 3325 suo
417 3269 506 3333 unxit,
529 3267 694 3339 significatio
708 3275 795 3323 totum
813 3276 874 3324 erat
888 3267 962 3340 (Gen.
1016 3267 1284 3339 praedicsuitrisum,
1295 3266 1348 3322 hoc
1357 3274 1400 3323 est
1409 3267 1575 3323 intellectum
1587 3267 1802 3340 scripturarum.

171 3359 286 3432 nuru).
296 3358 379 3431 Lapis
393 3375 460 3431 orgo
472 3359 600 3416 Christus
614 3359 785 3432 intelligitur.
797 3357 964 3431 lngellboni
1016 3359 1190 3426 Goniractos,
1205 3359 1273 3415 dicit
1280 3359 1323 3416 uel
1335 3359 1419 3416 corde
1433 3360 1577 3424 contritos,
1585 3363 1628 3417 rel
1640 3362 1706 3433 legis
1718 3379 1804 3419 onere

171 3451 369 3523 predicatores
392 3459 457 3508 sunt
481 3451 510 3507 in
530 3450 664 3517 Ecclesia,
675 3453 721 3524 qui
733 3452 906 3523 predicando
920 3453 965 3508 Fi·
1016 3467 1259 3524 pressos;annnm
1271 3450 1508 3524 bomini,tempus
1519 3454 1802 3526 praedicationisque

171 3545 244 3600 llrsm
255 3543 385 3610 bominis,
402 3543 556 3600 ascendunt
570 3551 598 3600 et
612 3543 792 3608 descendunt,
808 3559 870 3600 cum
883 3546 967 3601 subli—
1015 3540 1089 3597 diem
1109 3540 1312 3606 retributionis,
1335 3540 1462 3596 ultimum
1479 3530 1625 3610 judicium.
1649 3542 1720 3600 ilinc
1734 3546 1803 3600 scri-

170 3637 300 3692 mitatem
311 3635 466 3692 diuinitatis
481 3637 540 3708 ejus
551 3644 578 3692 et
589 3637 768 3692 humanitatis
778 3637 885 3693 infirma
894 3654 966 3694 nun-
1016 3640 1093 3704 plum
1106 3640 1149 3690 esl
1162 3653 1169 3688 :
1184 3632 1215 3689 Si
1229 3650 1274 3688 ιιι
1285 3632 1374 3688 Filius
1390 3631 1549 3700 liberareris,
1565 3651 1623 3690 we
1637 3634 1712 3690 ‘liert'
1725 3637 1802 3694 eritis

170 3728 256 3783 liant.
275 3725 429 3800 [Auernus]
447 3725 621 3792 Ascendunt,
646 3743 708 3783 curn
735 3727 835 3784 docent
854 3729 918 3800 quia
938 3731 965 3784 in
1016 3720 1108 3793 (loun.
1123 3721 1195 3795 vrrs).
1212 3722 1246 3778 Et
1259 3722 1293 3780 de
1307 3723 1476 3781 contractis:
1494 3722 1663 3794 Sacrificium
1676 3724 1732 3781 Deo
1744 3727 1801 3796 spi-

170 3819 304 3890 oriucipio
318 3828 377 3874 mat
395 3817 525 3884 lotum·
541 3819 721 3889 descendunt,
733 3835 796 3876 cum
814 3821 966 3893 adjungunt
1016 3815 1084 3870 ritus
1095 3815 1298 3881 contribulatus,
1311 3818 1541 3872 coreontritumet
1552 3815 1721 3874 tonsillarum
1731 3819 1822 3876 Deus

171 3911 242 3984 qula
261 3909 374 3966 Verium
389 3927 452 3964 cora
463 3911 564 3982 {ectum
578 3919 627 3966 est.
1017 3921 1070 3960 non
1081 3904 1206 3975 despiciet
1219 3903 1306 3977 (Psoi.
1319 3904 1359 3978 n).
1376 3904 1409 3958 Et
1420 3905 1506 3962 illud:
1519 3905 1572 3973 Qui
1584 3917 1662 3963 sanat
1677 3910 1804 3967 centrum

280 4019 311 4106 L
369 3999 398 4052 lt
433 4020 473 4108 Μ
532 4003 563 4051 23
598 4023 631 4109 R
689 4004 720 4054 il
753 4022 786 4113 Α
844 4005 875 4056 to
1016 3995 1104 4063 corde,
1119 4005 1144 4051 et
1158 3997 1253 4069 alliget
1273 3998 1442 4054 contritiones
1456 4014 1546 4052 eorum
1564 3995 1650 4069 (Psoi.
1666 4000 1750 4073 xnus).
1766 4000 1805 4058 De

318 4082 331 4106 ⁰
378 4077 387 4110 ¹
482 4082 495 4107 ⁰
641 4083 653 4108 ⁶
796 4087 807 4111 ⁸
1017 4095 1090 4144 anno
1111 4088 1221 4145 Domini
1240 4087 1307 4144 dicit
1327 4089 1410 4145 etlam
1432 4087 1804 4147 Dauid2lienedieeseoronoe

1018 4180 1082 4235 anni
1089 4178 1258 4250 benignitatis
1269 4189 1323 4234 ture
1333 4178 1421 4252 (Paul.
1433 4178 1520 4252 extr).
1534 4178 1575 4235 llo
1586 4179 1630 4236 die
1643 4181 1804 4238 retributio-

175 4237 268 4344 ιω·
280 4229 314 4293 ¹3¹
325 4239 399 4309 sm
412 4241 475 4344 ξω
485 4256 531 4310 W
545 4242 695 4296 “mmm
711 4245 841 4314 “dmm
860 4243 891 4300 αθ
908 4245 963 4300 5¹²⁰·
1017 4271 1062 4328 nis
1075 4272 1207 4343 scriptum
1220 4278 1283 4328 est:
1299 4269 1389 4326 Filius
1399 4271 1512 4327 lanuinis
1522 4280 1646 4326 uenturus
1656 4283 1696 4328 est
1706 4273 1734 4328 in
1746 4275 1804 4345 gio-

175 4331 215 4386 Et
227 4346 282 4402 epse
291 4333 399 4388 decelat
410 4349 439 4386 sn
450 4331 598 4405 synogagis
608 4351 718 4400 eorum,·
737 4345 763 4390 et
776 4337 966 4408 magnificala-

175 4427 224 4476 tur
234 4421 266 4476 od
280 4417 409 4476 omnibus.

214 4507 323 4583 [Brenn]
344 4504 480 4565 Virtutem
503 4505 638 4580 Spiritus,
667 4509 745 4584 signa
771 4511 966 4567 miraculorum

174 4599 311 4674 intellige,
323 4601 396 4658 sieut
416 4600 481 4656 alibi
495 4599 582 4656 ludaei
594 4599 737 4674 inquiunt:
755 4596 828 4660 Unde
847 4605 907 4659 luis
922 4622 966 4660 su-

173 4693 278 4764 pientia
291 4689 346 4750 teo
360 4703 386 4749 et
400 4693 502 4748 uirtus?
518 4691 626 4766 (narrt.
647 4695 721 4768 χιιι).
739 4693 907 4766 Sapientiam
922 4693 966 4753 ui·

173 4785 277 4842 delicet
291 4780 325 4840 ad
338 4784 504 4852 doctrinam,
519 4785 650 4841 uirtutem
663 4802 728 4842 uero
744 4787 777 4841 ad
793 4802 876 4859 opera
892 4783 965 4844 rele-

173 4880 282 4935 rentes,

212 4136 249 4200 ln
260 4163 391 4218 regressus
402 4157 441 4202 est
455 4144 533 4203 lesus
551 4147 580 4202 in
598 4149 693 4204 uirtute
710 4149 827 4219 Spiritus
844 4153 873 4206 in
891 4149 967 4207 Gali-

1018 4365 1060 4419 ria
1073 4380 1125 4420 sua
1135 4381 1195 4418 rum
1211 4363 1311 4435 angelis
1325 4365 1393 4431 suis,
1406 4373 1432 4418 et
1442 4371 1503 4416 tunc
1513 4361 1603 4417 reddet
1613 4364 1805 4436 unicuiquere·

1020 4454 1135 4510 eundum
1148 4470 1228 4525 opero
1238 4469 1288 4508 sun
1299 4452 1409 4524 (llottlr.
1425 4450 1494 4523 xrs).

983 4574 1007 4630 ὓ
1056 4547 1167 4604 Etcum
1189 4547 1326 4619 plicuisset
1344 4546 1452 4616 librum,
1481 4546 1595 4602 reddidit
1621 4548 1761 4615 ntinistre,
1779 4557 1806 4605 rt

1018 4636 1095 4694 mdis.

1053 4725 1127 4783 Cum
1136 4733 1210 4782 esset
1225 4726 1254 4781 in
1264 4724 1366 4782 mundo
1374 4724 1518 4790 Dominus,
1528 4726 1636 4783 locutus
1646 4733 1690 4783 est
1702 4726 1805 4782 docens

1019 4819 1048 4873 ln
1063 4815 1227 4890 Syreagega3
1247 4815 1296 4873 sed
1309 4816 1343 4873 ad
1364 4815 1488 4872 celestia
1509 4831 1594 4888 regna
1614 4831 1803 4888 regressurus,

463 4941 578 5004 CAPUT
597 4941 678 5002 mn
1018 4910 1128 4981 reliquit
1141 4909 1260 4964 cilicium
1275 4907 1480 4980 evangelizandi
1494 4909 1630 4964 ministris
1652 4907 1802 4978 Evangelii,

485 4991 493 5001 ⁸
606 5040 636 5090 13
682 4989 688 5005 ’
1018 5010 1047 5058 ct
1059 5001 1163 5058 resedit
1179 5002 1208 5056 in
1232 5000 1345 5058 dextera
1365 4999 1466 5058 Patris.
1484 4998 1578 5067 Stans,
1596 5000 1715 5070 legit„et
1733 4999 1805 5083 libre

515 5055 569 5146 L·
613 5115 630 5153 x
1017 5094 1136 5159 reddito,
1164 5093 1252 5163 sedin
1268 5093 1334 5166 quia
1361 5094 1460 5151 stando
1484 5093 1514 5148 in
1541 5091 1654 5157 munda,-
1674 5099 1804 5162 operatus

216 5185 253 5242 Et
268 5189 335 5243 uenit
353 5186 501 5250 Nasoretlr,
522 5186 567 5241 uli
586 5195 645 5242 erat
664 5185 791 5252 nutritus,
812 5197 837 5242 et
858 5187 967 5243 intrusis
1018 5195 1061 5244 est
1095 5187 1176 5243 nobis
1207 5187 1280 5244 nam
1310 5185 1471 5258 proliciendi
1500 5191 1527 5242 et
1557 5192 1670 5240 mesum
1700 5182 1805 5248 doctri*

175 5280 323 5338 urendum
337 5280 552 5336 consuetudinem
565 5295 643 5334 ruem
654 5278 705 5351 {die
721 5278 824 5334 salinsi
838 5280 866 5334 in
880 5279 967 5352 senna
1018 5295 1074 5347 nae;
1098 5281 1223 5337 residens
1249 5294 1316 5337 nero
1340 5280 1368 5335 in
1392 5278 1503 5335 dextera
1516 5275 1617 5342 Patris,
1632 5275 1726 5332 docuit
1751 5291 1804 5332 nos

144 5365 152 5378 '
174 5388 285 5446 gogone.
1018 5378 1081 5446 post
1093 5371 1216 5428 laborem
1228 5369 1518 5441 babituros-requiem.
1541 5367 1621 5426 Stare
1639 5369 1712 5425 enim
1737 5383 1805 5440 upe-

217 5463 314 5538 [llsns.
329 5494 364 5504 -
380 5450 514 5536 lecese]
534 5457 619 5519 iesus
636 5462 748 5519 intrarit
764 5479 827 5518 cum
852 5464 924 5530 allis,
937 5473 969 5520 ut
1019 5460 1107 5518 rantis
1120 5468 1174 5527 est,
1195 5462 1290 5519 sedere
1308 5476 1373 5516 vero
1395 5460 1564 5534 quiescentis
1585 5459 1629 5516 rel
1640 5459 1802 5530 judicantis,

177 5555 436 5627 adimpleretgratla
447 5553 728 5625 emlestiritumlegis.
737 5552 893 5611 iudeorum
903 5571 968 5628 pro·
1019 5553 1234 5624 Quiounque-est
1248 5551 1483 5625 ergopratienor
1505 5543 1592 5618 serbi,
1611 5559 1716 5622 surgat,
1730 5552 1805 5620 legat

176 5645 392 5722 prieSynagoga
403 5646 547 5713 dicisolet,
558 5646 685 5718 quamvis
699 5645 773 5702 dieta
784 5647 821 5702 sit
832 5641 974 5704 Ecclesia?
1019 5652 1046 5702 et
1060 5643 1253 5711 resideat‚-boc
1264 5651 1317 5710 est,
1336 5652 1474 5716 operetur,
1486 5644 1625 5718 predicet,
1638 5652 1666 5700 et
1679 5643 1721 5700 sie
1730 5657 1803 5713 pree

176 5736 967 5812 bestramreronunqeamapostolidixeruntspnagogaru,
1018 5736 1074 5792 mia
1098 5735 1200 5807 quietis
1221 5743 1370 5813 exspectet.
1399 5735 1534 5794 Resoluto
1549 5736 1620 5792 libro
1643 5735 1718 5807 legit,
1737 5731 1805 5804 quia

171 5819 233 5912 seed
247 5845 356 5902 semper
365 5828 525 5897 Ecclesiam,
539 5828 596 5886 siue
610 5827 784 5888 discernendi
800 5843 896 5900 carros,
910 5831 969 5891 sire
1019 5821 1143 5888 Ecclesia
1157 5831 1243 5890 misso
1254 5829 1359 5906 Spiritu
1369 5845 1478 5890 omnem
1492 5832 1624 5890 uminum
1638 5828 1740 5887 dnus.
1755 5823 1804 5888 iel·
