3967 6334
83 313 141 372 ssa
183 281 185 284 ’
534 313 802 372 smrnnrunuu
821 313 911 370 utum
931 313 1034 376 ocro.
1065 349 1101 360 -
1124 319 1187 376 ιιι.
1208 319 1274 376 ιιιι.
1664 321 1720 380 tto

82 427 240 484 contexerit
253 425 406 491 cernenda,
421 443 503 498 quiam
519 429 648 484 celaverit
663 431 752 500 turpia
764 449 772 496 ;
793 429 877 484 hone·
891 429 915 485 h
929 437 1056 496 terrenus,
1069 431 1133 486 teies
1147 441 1172 488 tr
1188 429 1399 498 carentomus
1415 429 1517 500 Adam,
1530 434 1598 490 tales
1610 436 1644 490 ah
1659 436 1720 507 ipso

81 527 146 576 stas
171 533 237 591 ergo
263 526 290 574 et
313 517 475 575 sufficientia
498 520 708 576 resurrectionis
727 519 877 575 indumenti
928 521 1144 591 proficiscentes,
1161 524 1184 579 si
1200 533 1305 580 tamen:
1320 521 1393 578 Sicut
1406 525 1720 598 portavimuaimngiuem

81 610 162 668 haud
176 620 254 682 eget,
269 618 316 666 ant
331 611 514 667 occultatione
534 621 580 666 aut
599 612 767 668 defensione.
785 613 878 683 Neque
929 615 1035 678 terreni,
1049 624 1181 683 portemus
1195 624 1218 670 et
1235 615 1377 684 imaginem
1392 615 1513 672 coelestis.
1534 615 1569 672 Ut
1589 617 1659 672 sicut
1674 635 1721 674 re·

79 703 235 760 enirnideo
250 704 278 757 in
293 701 545 775 Transfiguratione
559 702 701 759 Dominica
715 705 878 760 vestimenta
928 710 1001 758 teres
1016 704 1137 760 inhdam
1155 706 1355 776 processimus,
1365 715 1564 778 consequenter
1573 709 1602 764 in
1610 708 1720 766 Christo

81 794 160 850 tacta
175 803 239 851 sunt
260 795 321 849 alba
337 795 409 850 sicut
423 792 484 858 nix,
499 803 529 849 ut
543 795 693 866 quidquam
709 796 761 849 talc
775 795 876 849 intelli·
927 793 1100 850 innovemur.

80 887 299 957 gaturlntnrurn
315 887 343 941 in
353 888 570 954 resurrectione;
585 904 679 943 rerum
695 887 757 942 ideo
767 897 797 942 ut
811 902 877 942 ean·
1223 886 1337 944 CAPUT
1356 887 1424 942 XlX.

79 977 153 1034 dore
166 979 282 1035 restium
300 976 391 1032 decori
406 979 592 1034 insinuaretur
606 978 816 1050 resurgentium.
977 979 1016 1034 De
1026 979 1151 1034 descensu
1167 979 1284 1046 deretini,
1300 991 1324 1036 et
1337 981 1410 1042 tuin,
1425 991 1450 1035 et
1464 985 1669 1055 resurgentibus,

120 1071 196 1143 (880)
212 1069 288 1127 Sicut
302 1079 392 1126 autem
406 1072 476 1126 inter
485 1071 625 1127 Christum
637 1079 664 1127 et
673 1071 755 1145 274
768 1080 878 1128 sanctos
964 1069 1037 1142 (885)
1059 1069 1231 1142 lgrrisutrtern
1247 1072 1274 1126 in
1288 1088 1343 1142 quo
1359 1073 1480 1126 omniurn
1495 1076 1660 1130 resurreetio
1674 1075 1718 1132 iu-

79 1161 216 1216 distantia
229 1170 272 1218 est
292 1162 320 1216 in
334 1161 477 1226 claritate,
497 1163 533 1217 ita
547 1179 657 1234 quoque
675 1163 746 1217 iuter
767 1169 877 1218 sanctos
928 1168 989 1216 tara
1006 1168 1057 1225 est,
1076 1169 1105 1216 ιιι
1119 1162 1221 1216 dictum
1238 1168 1294 1225 est,
1316 1171 1379 1218 ante
1395 1163 1540 1218 adrentum
1560 1165 1663 1222 iudicis
1680 1169 1719 1223 ri-

79 1253 132 1308 alii
149 1254 303 1310 alliserunt
316 1255 343 1308 in
357 1255 558 1310 resurreetione
572 1253 786 1326 prestantiores.
800 1252 877 1310 Unde
928 1255 1008 1308 detur
1018 1261 1150 1308 vetiturus
1162 1271 1169 1322 ;
1183 1253 1262 1322 cujus
1277 1254 1391 1318 ardore,
1407 1257 1534 1311 omuibus
1547 1257 1594 1326 qui
1608 1259 1660 1313 rivi
1675 1276 1720 1316 re-

77 1345 234 1417 Apostolus
247 1367 253 1402 :
266 1347 329 1402 utta
344 1349 453 1402 claritas
465 1347 539 1411 solis,
555 1349 608 1402 alia
621 1347 730 1402 claritas
745 1347 831 1411 lune,
852 1355 877 1400 et
926 1346 1068 1414 perientur
1088 1345 1268 1410 erarrimatis,
1285 1353 1350 1402 tunc
1364 1347 1472 1402 tarrdem
1492 1356 1599 1418 tempus
1613 1349 1719 1406 ridetur

78 1439 141 1493 elie
152 1439 263 1494 cleriter
276 1440 437 1495 stellarum:
455 1441 533 1499 steilo
547 1441 644 1495 euiruu
660 1438 835 1509 tteiiodiffert
849 1439 877 1492 in
928 1444 958 1491 ιιι
978 1437 1057 1508 justa
1071 1436 1232 1508 Apostolum
1249 1455 1256 1492 :
1273 1436 1333 1506 lpse
1353 1437 1484 1493 Dominus
1505 1441 1532 1493 in
1549 1439 1628 1510 jussu
1646 1453 1670 1495 et
1691 1445 1718 1497 in

77 1529 224 1595 ctoritate;
236 1532 275 1586 sic
291 1542 316 1587 et
332 1533 488 1587 resurrectio
498 1541 671 1586 mortuorunt.
687 1529 840 1586 Serrtiuotur
850 1532 878 1584 in
927 1546 986 1584 noce
1006 1527 1169 1598 arcitunqeli,
1185 1538 1210 1582 et
1230 1529 1258 1582 in
1280 1528 1342 1583 tuin
1355 1529 1403 1583 Dei
1419 1529 1558 1586 descendet
1570 1531 1602 1586 de
1616 1533 1678 1587 coeio
1691 1533 1718 1606 (l

77 1626 270 1695 corruptione,
288 1635 377 1697 surget
393 1627 420 1680 iu
439 1627 651 1695 incorruptione:
674 1625 774 1680 scilicet
788 1634 812 1678 et
826 1625 877 1678 int·
930 1622 1020 1677 Thess.
1038 1637 1074 1686 ιι,
1091 1621 1146 1692 85).
1159 1619 1249 1688 Quare
1265 1630 1329 1676 tuuc
1342 1622 1472 1677 tandem?
1485 1631 1593 1680 constat
1605 1627 1678 1696 quod
1691 1627 1718 1682 in

76 1719 197 1772 nrortcte
208 1727 233 1773 et
244 1718 406 1788 suspendite
415 1720 561 1774 sentiuntur
570 1719 597 1773 iu
607 1717 781 1790 iprrobilitute,
789 1725 878 1786 surget
928 1718 995 1772 tuba
1015 1716 1062 1773 Dei
1076 1717 1206 1773 desendet
1223 1719 1256 1774 de
1272 1722 1351 1776 coelo.
1373 1721 1448 1779 Tuba
1463 1741 1526 1780 rera
1543 1733 1608 1782 tune
1624 1727 1657 1798 (ιί
1677 1735 1719 1782 ta-

76 1810 110 1864 ire
127 1811 234 1880 qtoria;
248 1811 393 1864 sentinatur
404 1811 431 1862 iu
446 1811 612 1879 infirmitate,
633 1818 721 1880 surget
739 1808 767 1861 iu
780 1808 877 1862 uirtute
891 1797 913 1852 B
927 1825 989 1865 men
1005 1810 1112 1866 ridetur
1128 1809 1254 1866 habitura
1269 1813 1369 1885 locum)
1385 1817 1495 1886 quando
1508 1833 1582 1873 trrnrs
1596 1821 1718 1874 omnium

77 1898 110 1966 (1
125 1897 190 1954 Cor.
202 1916 247 1962 rr,
263 1900 325 1970 ill,
337 1900 441 1956 seilicet
458 1901 502 1954 oui
517 1900 586 1954 nihil
599 1907 707 1954 noceat.
724 1896 877 1954 sentinatur
927 1903 1106 1972 praecesserit.
1118 1902 1209 1971 Quare
1227 1912 1317 1960 auteur
1332 1908 1418 1960 tunc?
1432 1907 1564 1972 Quoniam
1580 1910 1640 1964 ideo
1652 1912 1718 1966 tuba

75 2007 179 2061 corpus
199 1991 333 2056 ordinate,
357 2002 447 2063 surget
469 1990 607 2060 spirituale
625 1991 709 2062 (888).
731 1989 792 2046 Non
809 1990 876 2044 dicit
926 1993 1077 2060 intonabit,
1092 2002 1122 2050 ut
1141 1996 1241 2051 mortui
1254 2004 1408 2066 resurgant.
1429 1997 1504 2054 Cnde
1524 2001 1715 2072 subjungitur:

75 2084 209 2154 spiritus,
225 2091 256 2138 ut
267 2100 368 2154 eorpus
378 2091 500 2139 certatur
510 2085 539 2138 in
550 2082 771 2154 spiritum,quod
784 2089 876 2138 tamen
926 2085 961 2140 Et
985 2089 1083 2142 urortui
1107 2089 1200 2162 quiin
1226 2087 1330 2144 Christo
1356 2099 1433 2154 suut,
1460 2101 1596 2162 resurgent
1619 2095 1716 2161 primi:

76 2176 158 2246 (888)
173 2177 284 2248 quidam
296 2184 402 2248 putant.
414 2177 515 2232 Contra
526 2178 599 2248 quod
613 2175 745 2232 Dominus
754 2185 816 2247 post
832 2191 876 2231 re·
925 2179 1019 2235 deiude
1029 2198 1076 2235 uos
1086 2181 1131 2252 qui
1142 2182 1251 2236 uiuimus
1264 2183 1308 2252 qui
1319 2183 1577 2252 relinquiruursiurui
1585 2185 1718 2254 rapientur

73 2269 281 2324 surrectionem
301 2267 445 2339 discipulis
463 2270 521 2324 ait:
547 2268 661 2338 Paipnte
675 2279 700 2322 et
714 2267 794 2322 uidete
811 2284 876 2338 quo·
925 2288 984 2325 cum
1003 2272 1056 2326 iilis
1076 2271 1179 2326 obuium
1204 2269 1309 2326 Cluisto
1325 2273 1351 2326 iu
1364 2288 1442 2336 netu,
1458 2282 1483 2326 et
1495 2274 1532 2328 sic
1545 2288 1645 2343 seurpcr
1657 2291 1717 2328 cunt

73 2361 156 2414 niam
171 2361 281 2430 spiritus
296 2378 401 2416 ceratem
412 2373 437 2416 et
452 2380 512 2417 ossa
527 2361 680 2424 nonhabet,
695 2363 764 2416 sicut
781 2378 821 2416 arte
837 2363 874 2416 ei·
924 2361 1039 2416 Domino
1053 2363 1150 2416 erintus
1161 2361 1259 2433 (ilud).
1275 2361 1375 2416 Mortui
1385 2362 1432 2432 qui
1443 2363 1552 2418 interim
1566 2364 1717 2420 seeundum

72 2451 148 2508 detis
159 2453 264 2508 iniere.
283 2453 353 2516 Non,
370 2455 492 2526 inquam,
511 2455 577 2510 dicit
592 2453 758 2525 Apostolus:
781 2453 875 2526 Surget
925 2453 1031 2508 animas
1045 2454 1073 2508 in
1090 2451 1202 2510 Christo
1214 2461 1289 2520 sunt,
1300 2453 1327 2508 id
1340 2461 1382 2508 est
1395 2455 1423 2506 in
1433 2451 1545 2510 Christo
1558 2455 1715 2524 quiescunt.

73 2545 202 2612 spiritus,
222 2545 270 2602 sed
283 2546 432 2614 spirituale,
444 2547 509 2616 quia
518 2546 626 2616 spiritui
637 2547 716 2616 plene
731 2546 872 2612 subdetur,
924 2545 988 2600 licet
1007 2545 1149 2602 incremati
1167 2545 1306 2618 (quoniam
1321 2547 1355 2604 de
1372 2549 1427 2604 illis
1438 2549 1550 2602 dubium
1565 2565 1626 2604 esse
1640 2557 1717 2618 pote-

72 2651 133 2692 nec
153 2636 211 2706 jam
231 2638 405 2709 repugnabit.
427 2636 525 2708 Surget
548 2638 632 2709 igitur
652 2637 810 2708 spirituale,
836 2638 874 2692 ita
923 2638 977 2710 rat)
992 2647 1022 2694 ut
1038 2639 1190 2694 mirabilior
1210 2639 1246 2693 sit
1266 2641 1450 2704 resurrectio,
1467 2639 1612 2712 Resurgent
1625 2642 1715 2710 primi,

71 2729 221 2786 transiens
244 2730 272 2786 in
289 2738 416 2785 naturam
432 2731 564 2802 spiritus,
584 2738 615 2786 ut
642 2730 689 2784 liat
708 2730 788 2801 agile,
804 2729 872 2794 lere,
923 2732 985 2801 quic
1000 2749 1047 2786 nos
1067 2731 1112 2802 qni
1124 2731 1251 2794 uitriurus,
1271 2732 1317 2802 qui
1337 2731 1436 2786 residui
1450 2748 1541 2788 suntin
1563 2735 1589 2788 iu
1605 2735 1716 2789 nduemu

71 2819 152 2874 cibis
171 2827 219 2874 aut
234 2829 310 2878 reste
327 2838 382 2878 non
397 2838 480 2894 egens
494 2821 570 2894 (Luc.
582 2839 656 2886 xxiv,
673 2822 711 2893 8).
726 2822 807 2876 Juxta
826 2838 874 2877 ex·
924 2824 1046 2888 Domini,
1064 2841 1115 2878 nou
1137 2824 1323 2892 preveniemus
1337 2841 1379 2880 eos
1399 2826 1443 2896 qui
1463 2826 1644 2890 dornrieruut,·
1667 2825 1716 2882 sed

72 2913 193 2969 terioris
207 2914 323 2984 gloriam
341 2917 471 2979 hominis,
489 2916 575 2986 gloria
586 2931 696 2986 qnoque
709 2914 829 2980 dabitur,
846 2919 873 2970 et
923 2917 1025 2986 potius,
1041 2924 1071 2971 ut
1084 2917 1186 2972 dictum
1200 2924 1261 2971 est:
1278 2915 1421 2990 Resurgent
1444 2919 1539 2986 primi,
1559 2917 1653 2974 deiude
1669 2936 1716 2974 uos

71 3004 217 3071 interiori,
234 3009 320 3078 utqui
338 3010 399 3079 plus
413 3009 495 3063 hahet
511 3008 538 3062 in
552 3008 676 3077 corporis
688 3008 796 3073 decore,
811 3006 872 3077 plus
922 3009 968 3079 qui
978 3009 1097 3073 eiulatus,
1112 3009 1156 3078 qui
1168 3007 1349 3078 relinquimur,
1366 3007 1393 3062 id
1411 3017 1454 3064 est
1469 3008 1508 3063 ilii
1529 3009 1563 3064 de
1578 3009 1654 3065 robis
1667 3011 1715 3081 qui

71 3114 193 3169 quoque
206 3100 305 3156 habeat
325 3102 354 3157 in
371 3101 418 3158 Dei
431 3102 552 3168 risione;
571 3109 599 3156 et
618 3101 667 3172 qui
691 3102 752 3171 plus
765 3101 800 3156 de
817 3098 872 3154 Deo
886 3135 908 3191 G
923 3101 978 3155 riri
1000 3110 1097 3165 erunt,
1121 3107 1148 3156 et
1173 3100 1276 3156 residui
1300 3100 1428 3156 omuibus
1445 3101 1661 3170 procedentibus
1673 3102 1715 3157 uel

71 3195 180 3259 sentit,
196 3194 258 3265 plus
272 3210 381 3266 quoque
403 3195 430 3249 in
446 3194 543 3250 notitia
565 3211 657 3249 rerum
677 3197 776 3267 capiat.
796 3194 873 3250 Unde
924 3193 1067 3248 tormentis
1084 3191 1265 3257 Antichristi,
1280 3192 1352 3248 unde
1371 3201 1435 3248 sunt
1450 3192 1620 3262 dignissimi,
1635 3201 1671 3261 et,
1687 3200 1716 3248 ut

69 3283 230 3353 Apostolus
242 3304 249 3339 :
265 3283 394 3339 instructi
404 3286 431 3339 iu
442 3286 581 3350 clamitate,
592 3296 617 3340 et
632 3287 660 3340 in
670 3304 758 3341 ournes
768 3286 873 3341 diritius
925 3285 1012 3350 aiunt,
1023 3285 1052 3340 in
1064 3284 1239 3356 passionibus
1250 3285 1353 3340 similes
1362 3285 1493 3355 apostolis
1505 3304 1511 3340 :
1521 3283 1717 3356 275Nec,iu·

68 3376 252 3445 plenitudinis
268 3377 426 3444 intellectus,
441 3379 469 3432 in
480 3380 613 3450 aquilinae
629 3379 747 3450 mysterii
760 3378 809 3433 Dei
823 3378 876 3433 Pn-
924 3393 1017 3448 quam,
1029 3378 1202 3448 quiuieimus,
1221 3377 1265 3447 qui
1281 3377 1465 3448 relinquimur,
1480 3378 1560 3432 sirrtui
1581 3377 1716 3448 rapiemur

70 3467 206 3524 tristesu
215 3467 324 3535 Christi,
340 3471 368 3524 in
380 3488 431 3543 que
440 3481 501 3526 suut
511 3489 599 3526 omues
613 3473 729 3526 thesauri
739 3474 875 3542 supiemioe
924 3469 1059 3524 cumillis.
1072 3468 1142 3536 Quid
1157 3475 1200 3524 est
1216 3469 1253 3522 illi
1265 3479 1398 3540 resurgent
1408 3471 1505 3538 prirui‚·
1515 3468 1608 3524 deiende
1623 3486 1669 3522 not
1680 3470 1717 3523 ιι·

68 3571 101 3617 et
125 3563 245 3618 scientie
263 3563 410 3620 absconditi
426 3563 540 3638 (Coloss.
558 3581 596 3631 ιι,
613 3566 651 3638 8).
676 3565 809 3623 Nimirum
831 3569 874 3622 in·
924 3561 980 3616 mut
994 3578 1054 3615 cum
1067 3561 1121 3614 iliis
1133 3562 1275 3632 rapientur,
1287 3559 1414 3632 nisiquia
1428 3560 1535 3616 illorum
1550 3559 1716 3614 resurreetio

69 3657 180 3711 stenen
192 3656 371 3729 inequitare
385 3657 445 3722 net,
463 3675 512 3729 per
531 3659 584 3714 troc
598 3663 711 3716 veniunt
731 3663 760 3718 in
779 3677 874 3719 omnes
924 3657 1016 3728 prior,
1047 3662 1170 3710 nostran
1195 3655 1373 3727 posteriorem
1398 3651 1594 3723 exspectabit?
1617 3649 1716 3721 utrque

66 3748 201 3812 divitias,
212 3749 240 3804 id
254 3757 297 3806 est
307 3752 431 3821 eopiam;
447 3752 602 3808 intellectus
615 3754 698 3824 pleni,
711 3761 741 3808 nt
756 3753 874 3824 persecu.
925 3749 1027 3820 absque
1033 3747 1343 3818 dillieultate;quoniam
1349 3745 1422 3817 (888)
1431 3745 1483 3800 hoo
1492 3745 1544 3800 erit
1556 3743 1714 3798 incendium

69 3840 114 3894 de
137 3839 266 3896 humanis
286 3847 314 3896 et
325 3840 433 3911 ,diuinis
455 3841 573 3896 habeant
597 3843 781 3908 intellectum,
797 3850 828 3898 nt
840 3844 874 3900 de
924 3842 1019 3896 mundi
1034 3842 1147 3906 sanctis,
1164 3841 1236 3911 quod
1256 3841 1307 3896 luit
1323 3841 1448 3894 corninus
1462 3839 1551 3894 tribus
1565 3838 1666 3908 pueris.
1681 3835 1716 3890 tlt

69 3932 173 3988 anima
193 3941 221 3989 et
236 3933 270 3990 de
284 3934 412 4005 supernis
425 3934 579 4005 spiritibus.
604 3934 638 3989 lu
656 3937 788 4007 uprritioru
807 3936 855 3991 Dei
864 3976 872 4000 ,
924 3931 1033 3986 demum
1048 3932 1128 3988 simul
1141 3931 1278 4000 rapiemur
1292 3945 1353 3984 curu
1368 3931 1422 3985 illis
1434 3931 1461 3983 in
1477 3929 1607 3984 nubibus.

67 4041 135 4079 non
158 4025 220 4081 dieo
235 4033 367 4096 quantum
382 4026 416 4081 ad
430 4042 530 4098 opera,
554 4027 603 4083 sed
617 4028 740 4100 mysterii
760 4027 826 4093 liei,
843 4036 874 4084 nt
960 4022 1034 4094 (885)
1066 4022 1175 4090 Quanta
1204 4023 1405 4094 resurgentium
1426 4021 1523 4077 levitas
1550 4035 1713 4091 corporum,

67 4120 186 4174 sciatur
202 4117 277 4188 quod
289 4126 332 4174 est
350 4128 486 4175 secretum
500 4127 527 4175 et
548 4121 674 4191 apannis
688 4122 826 4193 cognitum
840 4122 873 4178 de
923 4130 984 4185 quae
1003 4115 1030 4169 in
1050 4115 1121 4170 nahe
1146 4114 1294 4170 ascendent
1316 4111 1349 4168 de
1374 4111 1490 4168 dirersis
1513 4110 1607 4166 mundi
1627 4109 1713 4180 parti-

67 4211 199 4265 esscntia
217 4209 264 4267 Dei
279 4209 369 4268 Patris
383 4212 496 4277 Christi,
512 4214 799 4284 utseiaturquodalia
812 4231 874 4285 per·
923 4205 976 4263 bus
997 4207 1132 4262 uenientia
1161 4205 1277 4282 inriepm
1296 4203 1403 4262 obviant
1429 4205 1495 4267 sibi,
1519 4202 1627 4258 Obviam
1646 4216 1715 4272 (1¹¹⁰-

68 4315 149 4356 sona
169 4301 233 4357 sita
251 4300 340 4369 Filio,
357 4304 485 4374 quanvis
503 4302 573 4357 idern
594 4304 622 4358 tn
641 4305 794 4360 substansia
809 4321 872 4360 cuns
923 4314 976 4370 qne
998 4297 1108 4354 Christo
1131 4296 1305 4353 descendenti
1330 4297 1357 4350 in
1380 4311 1443 4351 nero
1467 4295 1500 4350 de
1529 4293 1613 4352 coelo!
1639 4293 1714 4350 Unde

67 4408 120 4448 eo·
137 4390 180 4446 Ad
194 4408 276 4462 uttam
298 4394 465 4465 nutritionem
484 4397 610 4466 quisquis
627 4397 728 4460 tendit,
745 4397 778 4452 ad
792 4397 872 4453 Chri·
923 4387 1248 4461 postilludriscenditad
1263 4387 1427 4452 culcurrunt
1438 4384 1713 4441 addccternmParris

68 4492 153 4540 stum
167 4492 272 4540 tantumn
283 4495 419 4546 recurrat,
430 4487 537 4555 Quanto
556 4489 629 4544 enim
646 4489 763 4560 quisque
776 4490 804 4544 jn
819 4489 872 4545 fide
886 4478 909 4532 D
923 4484 1125 4552 omnipotentis:
1141 4481 1332 4552 subiungitur:
1361 4477 1427 4534 lude
1452 4489 1575 4534 neuturus
1591 4476 1715 4548 judicare

67 4577 223 4645 appropiat
243 4561 370 4642 Christo,
396 4586 474 4634 tanto
494 4579 581 4650 magis
596 4594 628 4634 er
646 4579 747 4635 Christi
771 4579 873 4635 ditatur
923 4576 1028 4632 uiueret
1042 4585 1160 4631 mortuns
1183 4573 1268 4647 (888).
1285 4571 1368 4628 Viros
1386 4588 1455 4644 quos
1475 4571 1652 4644 ignisjudicii
1672 4571 1713 4626 in·

69 4667 220 4723 tlsesauro.
236 4666 313 4735 Quod
329 4671 353 4727 si
370 4671 448 4741 juxta
469 4678 614 4741 augmenta
629 4669 690 4726 hdei
706 4671 800 4726 notitia
821 4687 871 4726 au·
921 4670 1027 4734 ueniat,
1041 4668 1186 4738 reljustos
1208 4674 1331 4720 mortuos
1344 4673 1408 4720 ante
1422 4664 1511 4736 ignem
1528 4664 1569 4720 rel
1584 4663 1712 4734 injustos.

66 4769 169 4830 gesur,
181 4769 282 4830 quanto
295 4762 382 4834 magis
397 4762 528 4819 celsiores
542 4762 650 4834 specie,
666 4764 797 4820 celsiores
807 4763 882 4820 fient»
921 4757 1029 4832 ltaque,
1047 4766 1077 4814 ut
1100 4757 1247 4830 Apostolus
1269 4757 1322 4824 ait,
1339 4757 1397 4828 ipse
1418 4756 1566 4820 Dortrinus,
1580 4755 1606 4810 id
1621 4763 1664 4812 est
1685 4755 1713 4810 in

68 4869 171 4907 rerum
185 4854 306 4909 omnium
322 4855 488 4926 cognitione.
921 4855 1032 4923 propria
1044 4865 1160 4922 persona
1176 4849 1323 4904 descendet
1336 4849 1370 4904 de
1385 4849 1469 4914 coelo,
1486 4864 1540 4904 non
1557 4847 1668 4902 huntilis
1684 4854 1715 4900 ut

110 4944 219 5018 Duplex
232 4958 322 5002 autem
338 4948 538 5019 resurgentium
557 4948 688 5013 claritas,
709 4949 794 5004 altera
809 4965 871 5004 cor·
920 4943 1012 5014 prius,
1029 4943 1077 4999 sed
1089 4942 1118 4996 in
1128 4941 1224 5011 jussn;
1249 4939 1277 4996 id
1300 4947 1342 4995 est
1355 4939 1455 5011 jubens
1480 4955 1546 4996 uoce
1561 4939 1603 4996 sui
1629 4937 1715 5008 ipsius

67 5036 165 5106 poris,
181 5037 267 5092 altera
280 5039 390 5100 mentis,
403 5039 518 5093 aliorum
533 5040 597 5096 alia.
614 5038 660 5094 lite
675 5047 739 5094 sunt
750 5040 778 5093 in
789 5039 871 5094 dumo
921 5039 1089 5110 archangeli,
1099 5037 1226 5094 videlieet
1240 5035 1392 5102 Michaelis,
1403 5052 1464 5108 quae
1475 5036 1554 5091 saciet
1568 5048 1715 5104 resurgere

67 5129 169 5184 Patris
182 5129 285 5186 Christi
306 5131 399 5186 multae
418 5133 586 5188 mansiones.
607 5121 758 5196 linierunt,
775 5132 870 5199 Quntis
920 5141 1057 5199 mortuos;
1074 5145 1134 5202 quae
1148 5129 1248 5184 dicitur
1261 5128 1344 5192 tuba,
1359 5127 1438 5198 quasi
1454 5125 1614 5189 manifesta,
1639 5121 1714 5178 uidc-

67 5232 98 5278 et
118 5220 243 5290 celestis,
260 5223 325 5278 tates
339 5233 364 5278 et
378 5223 493 5279 celestes
513 5224 540 5296 (l
553 5223 615 5281 Cor.
633 5241 686 5288 ιι,
702 5224 765 5296 88);
781 5224 870 5294 qualis
919 5225 984 5280 licet
1004 5223 1068 5296 quia
1088 5223 1160 5279 sicut
1183 5221 1249 5276 tuba
1275 5221 1303 5274 in
1325 5219 1420 5283 bellis,
1437 5219 1475 5272 ita
1500 5228 1564 5272 tnnc
1587 5213 1714 5270 inimicos

68 5315 224 5380 Clu-istus,
246 5316 315 5372 tales
328 5315 496 5383 Christiani,
512 5317 582 5372 sicut
594 5319 646 5386 :hie
666 5323 749 5371 sunt:
775 5316 870 5382 Qualis
919 5318 1075 5374 debellabit.
1090 5315 1123 5369 Et
1137 5315 1209 5372 sicut
1219 5314 1285 5368 tuba
1299 5313 1327 5367 in
1342 5311 1430 5377 iestis,
1446 5311 1550 5366 anticos
1565 5308 1599 5364 ad
1613 5307 1714 5365 soleta·

110 5448 178 5518 (888
209 5449 292 5521 Mag,
305 5465 344 5514 ιι,
359 5450 386 5506 d.
400 5450 447 5512 89.
465 5450 518 5519 il,
530 5451 557 5515 l,
573 5468 602 5506 n.
618 5453 644 5508 5.
953 5455 1017 5526 (885
1048 5453 1119 5525 Mag.
1135 5469 1172 5516 ιι,
1189 5450 1216 5506 d.
1233 5453 1278 5516 88,
1297 5450 1310 5523 5
1326 5450 1354 5506 2.

90 5521 174 5602 ,(888
209 5521 290 5592 Aug„
304 5521 342 5578 De
357 5521 410 5578 fide
428 5531 455 5578 et
471 5522 605 5597 Spnrhol„
627 5539 652 5577 e.
669 5525 736 5590 631.
754 5540 804 5578 xrn
829 5523 868 5580 De
956 5526 1019 5596 (888
1047 5523 1111 5579 llaec
1128 5511 1256 5595 August,
1271 5524 1290 5577 l.
1307 5538 1352 5584 xx,
1365 5535 1426 5591 cap.
1447 5519 1491 5587 tt,
1505 5516 1543 5574 De
1558 5515 1645 5586 civit,
1662 5513 1711 5572 sed

68 5608 141 5650 err..
162 5607 187 5653 c,
204 5590 250 5647 80.
265 5593 324 5647 etl.
339 5609 406 5656 xru,
418 5608 443 5647 e.
459 5593 491 5648 et
506 5600 536 5648 et
550 5595 602 5661 iil;
636 5593 736 5658 Erich,
748 5611 773 5650 c.
786 5596 830 5651 tit.
918 5599 980 5654 aliis
993 5595 1095 5651 verbis,

110 5661 188 5731 (888)
214 5667 240 5718 ιι.
256 5661 385 5735 Hierony.
400 5679 443 5732 ep.
455 5663 489 5720 ad
499 5663 662 5733 Pammach,
677 5676 773 5722 contra
790 5683 867 5724 erro
956 5665 1030 5737 (885)
1069 5665 1151 5736 Mag,
1172 5664 1237 5721 dist.
1250 5663 1294 5719 il.

71 5731 216 5788 resinan.
234 5733 436 5806 hierosolymit.
642 5728 655 5768 ⁰
956 5739 1030 5812 (886)
1068 5737 1149 5810 hug,
1166 5735 1290 5800 Futohir„
1307 5733 1390 5792 cti.
