3967 6334
255 291 291 350 ss
606 254 618 263 ’
737 303 924 360 zucrumm
944 305 1222 364 cursuscursus
1241 309 1394 370 rurscam
1851 317 1888 378 m
1956 368 1957 397 ,

254 410 390 467 aelectus
403 413 478 484 fuero
495 433 512 471 o
535 426 606 472 terro
626 417 716 490 (foen.
729 421 790 494 sn).
814 421 943 478 fulcrum
954 424 1049 480 Domi·
1062 430 1087 486 Α
1099 426 1333 485 intellectibilibus
1344 428 1378 484 sd
1391 429 1574 502 intelligibilia
1585 431 1836 505 dcgmasmrom,
1857 448 1888 496 ut

255 519 319 558 natm
333 521 430 572 meunr,
446 517 472 562 m
483 511 569 564 nescio
585 510 630 565 obi
644 523 787 581 posuemmt
800 530 860 568 erim
884 513 976 586 (foen.
988 514 1046 591 rr).
1098 519 1235 576 beatiores
1245 528 1320 587 sunt,
1331 519 1438 592 quoties
1449 537 1479 578 se
1492 523 1725 582 intellectibilibus
1739 527 1885 598 applicant.

254 593 340 662 Ιιειιι,
355 599 433 669 iusta
452 599 518 656 illud
532 599 610 658 Pauli
633 623 640 658 2
667 601 772 677 integer
791 607 902 676 spiritus
916 619 1049 675 resteque
1099 611 1308 685 Tertiaspecies
1321 619 1374 681 est,
1389 614 1691 688 quocircacorporum
1703 620 1886 690 cognitionem
1956 666 1957 677 .

254 691 346 745 eninm
364 699 390 746 et
406 707 500 762 corpus
514 696 571 748 siric
583 694 688 766 querefa
702 698 730 752 ia
745 697 857 754 aduentu
870 697 977 756 Domini
992 719 1049 757 ser·
1097 714 1234 770 versatur,
1251 704 1512 777 physiologiudicta.
1529 705 1626 764 llerito
1638 709 1823 784 intelligibiles
1833 728 1888 770 me·
1956 714 1957 721 ’

252 783 534 858 soluturusne),
558 785 587 842 in
604 788 775 846 humanitate
789 790 893 848 Christi
915 793 1007 848 anima
1020 801 1048 849 et
1098 795 1145 852 dia
1164 797 1329 861 collocatur,
1351 798 1424 868 quod
1442 797 1540 853 habeat
1560 806 1588 854 et
1614 815 1761 871 corporum
1781 803 1888 858 aalma·

254 877 368 948 spiritns
382 881 545 938 attendenda
557 891 631 938 sunt.
655 881 732 939 Unde
746 883 834 942 illud:
862 883 896 938 Ει
911 885 1048 954 [acturust
1098 889 1220 953 tionem,
1237 895 1265 944 et
1285 887 1513 945 intellectibilium
1533 891 1792 950 considerationem.
1816 893 1886 950 Pra-

252 969 281 1023 iu
301 971 398 1041 agonio
422 971 498 1042 (huc.
518 975 599 1044 xxrr).
625 973 658 1029 Et
679 974 746 1030 ilhrd
772 994 779 1030 :
805 973 922 1046 Spiritus
942 975 1048 1048 quidem
1098 982 1309 1052 eticaquoque.
1322 981 1513 1051 idestactirae,
1529 989 1779 1057 sunttresspecies.
1793 987 1887 1044 Prima

251 1073 447 1134 prompturum,
464 1082 527 1120 coro
542 1067 750 1138 oritemiafirmo
763 1065 872 1139 (Mettio.
888 1067 975 1138 xxva).
990 1066 1046 1121 l'os
1096 1077 1149 1136 εει,
1175 1087 1246 1142 qua,
1266 1074 1310 1128 sui
1334 1088 1428 1130 curam
1441 1091 1557 1146 gerens,
1579 1080 1687 1133 cunctis
1711 1094 1772 1135 sese
1793 1079 1885 1151 erigit,

250 1163 341 1210 numm
353 1156 450 1212 aninam
462 1166 504 1213 est
517 1159 556 1213 ihi
582 1177 589 1214 ε
614 1159 745 1216 Trurrseot
764 1177 780 1214 a
794 1177 834 1215 nte
854 1161 925 1214 colia
937 1155 1043 1231 (ibid).
1095 1171 1213 1218 exornat
1226 1172 1360 1237 augetque
1376 1166 1534 1234 uirtutibus,
1547 1170 1617 1225 nibil
1626 1170 1656 1226 in
1666 1172 1722 1226 rita
1733 1172 1884 1228 admittens

250 1242 309 1302 Vox
323 1262 390 1302 rerer
401 1247 523 1320 Spiritus
539 1251 576 1306 lhi
599 1271 605 1307 :
632 1251 663 1308 Si
678 1270 731 1308 nou
744 1261 829 1324 potest
845 1253 916 1308 colis
930 1251 1046 1306 transire
1095 1257 1746 1332 quonongaudeat,nihilfecieaspoeuitendum.
1757 1260 1885 1318 Secunda

248 1337 304 1393 nisi
320 1338 407 1394 bibam
425 1341 511 1406 illrum,
524 1344 572 1414 pot
585 1344 704 1400 uoluntas
718 1353 764 1398 tua
775 1341 881 1416 (faie).
902 1340 969 1400 ltem
980 1359 1046 1399 com
1095 1353 1149 1410 est,
1159 1364 1231 1418 quae,
1247 1349 1405 1421 reipublicae
1418 1366 1513 1406 curam
1530 1353 1702 1424 suscipiens,
1721 1361 1885 1410 cunctorum

246 1429 365 1502 junctim
383 1449 455 1504 sape
467 1435 640 1502 siguificatur
657 1435 785 1492 Christus
809 1435 838 1490 in
852 1451 906 1490 rrna
925 1452 1045 1507 persona
1095 1441 1178 1495 saluti
1192 1458 1250 1498 suae
1261 1443 1439 1514 prouidentiae
1448 1444 1570 1511 solertia,
1587 1453 1615 1500 et
1623 1445 1738 1516 justitiae
1751 1446 1840 1510 libra',
1856 1451 1887 1502 et

247 1537 311 1577 cum
329 1524 404 1593 suis;
428 1535 455 1582 et
476 1537 542 1583 ιιιιιε
561 1527 627 1599 quid
642 1527 724 1599 capiti
743 1527 809 1598 quid
821 1529 930 1600 corpori
943 1545 1045 1587 coure-
1095 1531 1267 1594 fortitudinis
1276 1537 1435 1602 stabilitate,
1447 1545 1475 1593 et
1487 1539 1674 1608 temperantiae
1684 1539 1816 1610 patientia
1826 1553 1886 1594 me-

246 1614 318 1680 niat,
333 1618 454 1688 prudens
468 1620 556 1676 lector
571 1621 713 1692 intelligat.
1094 1627 1185 1686 detur.
1202 1628 1295 1686 Tertia
1308 1638 1371 1696 est,
1387 1647 1449 1702 quae
1468 1630 1613 1688 familiaris
1627 1631 1667 1687 rei
1685 1631 1803 1686 officium
1826 1645 1886 1686 me·

282 1705 377 1764 Restat
391 1727 465 1768 nunc
477 1713 511 1770 dc
529 1714 683 1786 disciplinis
697 1715 879 1788 philosophiae
893 1717 1040 1776 disserere.
1094 1717 1182 1775 diocri
1198 1735 1367 1793 componens
1378 1721 1559 1793 dispositione
1575 1721 1728 1778 distribuit.
1744 1720 1814 1776 Sunt
1833 1721 1885 1775 ha·

246 1795 382 1871 Origenes
398 1819 481 1875 snper
497 1803 639 1860 Carnicum
655 1807 825 1863 cantieorum
840 1826 846 1864 :
861 1806 1042 1878 «destoneles,
1094 1827 1156 1867 rum
1170 1819 1198 1868 et
1212 1812 1272 1868 aliae
1286 1812 1503 1879 subdivisiones,
1519 1827 1590 1883 quas
1606 1826 1680 1866 nrrnc
1699 1810 1827 1882 persequi
1841 1827 1887 1866 su·

245 1891 346 1964 inquit,
361 1893 515 1967 disciplina
533 1905 589 1954 tres
605 1905 667 1954 sunt
683 1915 690 1951 :
707 1897 829 1964 lloralis,
839 1901 984 1966 neamalis,
1001 1903 1047 1973 in·¹
1094 1904 1294 1976 possedendum
1307 1909 1360 1959 est.
1379 1901 1527 1973 llucusque
1539 1900 1661 1958 Boetius.
1677 1899 1734 1956 Nos
1749 1917 1815 1956 sero
1828 1901 1887 1972 pri·

245 1987 377 2056 speetira.
391 1987 531 2061 Logicam,
546 1992 571 2048 id
589 1996 641 2053 est,
659 1991 838 2060 rationalem,
857 1995 903 2050 alii
916 2005 1044 2066 quartam
1094 2009 1166 2048 mam
1180 1994 1299 2065 speciem
1318 1993 1453 2064 practices
1469 2007 1616 2064 pessumus
1633 1992 1771 2063 appellare
1789 1991 1887 2048 solita·

200 2103 203 2110 ,
245 2077 391 2146 dixerunt,
408 2081 454 2137 alii
468 2099 522 2138 nou
539 2105 545 2135 r
562 2081 609 2136 sed
624 2098 673 2153 per
687 2091 775 2140 toturn
787 2088 981 2156 corpustrium
992 2104 1044 2144 su·
1093 2087 1175 2151 riam,
1192 2085 1342 2143 secundam
1361 2085 1498 2158 publicam
1517 2084 1627 2140 tertiam
1648 2082 1821 2140 familiarem.
1842 2083 1885 2139 Ad

245 2171 433 2240 predictarum
457 2187 518 2228 esse
545 2172 695 2242 insertam,
720 2192 772 2232 nec
797 2178 895 2236 abeis
916 2183 1043 2252 separari
1094 2179 1247 2236 solitariam
1260 2178 1411 2250 practicam
1420 2175 1543 2246 respicit.
1554 2175 1628 2246 quod
1636 2173 1719 2231 lesus
1733 2175 1886 2231 solitariam

241 2275 336 2331 posse.
357 2263 435 2326 llec.
459 2269 489 2318 ut
502 2263 570 2318 milri
586 2265 709 2332 ridetur,
731 2265 820 2324 Graeci
835 2279 1044 2342 sumpseruuta
1092 2270 1178 2325 uitam
1197 2269 1276 2325 duxit
1298 2269 1328 2324 in
1347 2268 1455 2324 deserto
1473 2265 1654 2338 quadraginta
1673 2265 1788 2332 diebus,
1808 2265 1885 2338 11111111

244 2351 401 2415 Saloraone.
418 2362 446 2409 et
463 2355 522 2426 ipse
541 2355 672 2416 Salomon
688 2376 704 2415 a
722 2360 827 2434 Spiritu
843 2374 950 2424 sancto.
965 2365 1043 2424 Salo-
1093 2362 1160 2418 criu
1175 2363 1204 2417 in
1221 2371 1342 2417 ruentem
1355 2377 1436 2416 orare
1451 2359 1558 2432 (ffotth.
1574 2360 1633 2432 rr),
1656 2366 1685 2414 et
1707 2364 1767 2414 erat
1782 2374 1885 2430 perno-

242 2461 308 2502 ruon
331 2461 397 2518 ergo
417 2449 512 2504 rolens
533 2449 584 2506 has
604 2459 661 2510 tres
679 2455 841 2527 disciplinas
858 2458 1041 2530 distinguere,
1093 2461 1172 2510 clins
1187 2454 1345 2509 i¹¹⁰t³li⁰¹¹0
1356 2451 1431 2526 (luc-
1445 2451 1496 2526 11).
1510 2452 1584 2524 11111111
1599 2450 1694 2517 ellim·
1709 2451 1886 2509 cumrellent

240 2537 333 2595 nehus
346 2554 394 2595 eas
406 2539 506 2598 libutus
516 2543 601 2599 euleu
617 2545 665 2602 :ln
677 2545 836 2606 Proverbiis
847 2553 990 2616 moralem,
1013 2553 1042 2609 in
1092 2559 1155 2602 cunr
1177 2561 1274 2617 rapere
1293 2543 1422 2600 effecere
1435 2558 1547 2614 rerem.
1566 2541 1636 2614 tuga
1650 2539 1795 2614 (sorau)
1822 2561 1829 2598 τ
1856 2549 1885 2598 0²

241 2623 411 2686 Ecclesiaste
425 2633 597 2700 naturalem,
615 2635 644 2690 in
661 2636 714 2694 lrec
735 2637 826 2694 libello
849 2640 1040 2711 inspectivam.
1092 2639 1206 2694 dimissa
1226 2637 1317 2702 turba,
1333 2634 1457 2692 ascendit
1473 2635 1502 2690 in
1520 2641 1641 2690 montem
1654 2635 1730 2689 solus
1745 2647 1836 2698 orare,
1857 2641 1886 2688 et
1957 2664 1958 2691 r

241 2715 276 2774 Et
291 2719 318 2774 in
332 2719 385 2776 hoc
398 2721 507 2777 ridetur
520 2724 586 2778 mihi
597 2724 704 2797 logiciae
717 2729 886 2793 meminisse,
899 2745 948 2800 per
957 2746 1041 2800 quam
1091 2739 1190 2793 caetera
1203 2730 1339 2802 inquibus
1354 2727 1503 2798 singularis
1513 2725 1644 2811 perfectio
1652 2725 1809 2782 sanctitatis
1822 2724 1886 2793 ejus

241 2813 398 2889 proprietas
416 2815 636 2888 uuiuscujusque
648 2820 787 2876 sermonis
801 2820 998 2893 distinguitur,
1013 2829 1041 2880 et
1091 2825 1258 2880 declaratur,
1284 2822 1324 2878 nd
1343 2821 1505 2876 furniliarern
1525 2835 1591 2875 rero
1613 2820 1736 2891 practica
1752 2819 1883 2891 pertines,

241 2905 271 2968 in
286 2922 341 2978 qua
356 2907 498 2980 principue
509 2909 613 2964 erudiri
628 2912 757 2968 convenit
769 2928 880 2984 pucros,
900 2916 975 2986 quia,
991 2917 1041 2987 qui
1092 2917 1200 2974 utillud
1216 2936 1222 2972 ε
1238 2915 1305 2981 Fili,
1316 2914 1379 2987 quid
1392 2914 1479 2986 fecbti
1490 2912 1564 2968 nobis
1574 2913 1632 2970 sici
1646 2910 1724 2979 Eece,
1735 2921 1885 3001 poteramus

241 2999 270 3054 ln
283 2999 326 3055 his
341 2999 476 3065 cruditur,
487 3003 645 3059 necessario
657 3004 857 3061 rationabiliter
871 3023 919 3079 per
932 3024 965 3063 ea
979 3025 1041 3080 quau
1090 3020 1115 3066 et
1125 3027 1171 3082 ego
1190 3007 1310 3068 dolentes
1337 3005 1520 3079 querebamus
1536 3015 1571 3077 tc,
1589 3013 1615 3060 et
1629 3003 1762 3060 &recudit
1774 3005 1885 3058 cumeis

240 3091 347 3158 didicit,
362 3092 483 3165 seipsum
499 3095 646 3166 gubernat,
661 3104 688 3152 et
699 3097 790 3153 varias
804 3098 913 3154 dicendi
927 3102 1071 3177 speciesg
1087 3102 1234 3166 h'azoreth.
1250 3110 1275 3155 ει
1284 3108 1342 3154 eret
1359 3098 1481 3162 subditus
1499 3095 1639 3169 illicibus.
1652 3095 1737 3169 ιι).Ει
1747 3095 1833 3167 qood,
1843 3096 1885 3151 di-

240 3181 271 3240 in
285 3181 386 3239 dirinis
399 3184 517 3256 eloquiis
531 3186 684 3258 cognoscit,
697 3189 960 3260 troposridclicetet
971 3191 1037 3264 fgu-
1086 3200 1181 3258 anissis
1194 3195 1295 3260 turbis,
1310 3193 1410 3250 dixerit
1417 3193 1562 3268 discipulis
1574 3192 1728 3264 parabolas,
1741 3200 1825 3262 atque
1835 3205 1885 3248 cos

240 3281 316 3331 ratas
334 3275 498 3333 locutiones.
524 3275 588 3333 llaec
609 3280 709 3351 triplex
733 3281 913 3354 philosophico
934 3283 1035 3352 forma,
1087 3291 1170 3348 mode
1185 3289 1320 3358 increpat,
1332 3284 1413 3342 mado
1428 3284 1531 3351 laudat,
1551 3292 1580 3340 et
1595 3284 1630 3340 dc
1645 3299 1729 3340 cruce
1745 3283 1885 3354 discipulo

240 3367 405 3440 praesignata
421 3367 473 3424 fuit
491 3369 519 3426 in
537 3372 628 3428 trihus
640 3373 808 3444 patriarchis
825 3395 832 3430 ι
851 3373 881 3430 ln
897 3374 1037 3435 ahraham
1087 3392 1204 3438 matrem
1223 3377 1406 3435 corrrmendat.
1429 3374 1475 3431 Sic
1493 3384 1522 3434 et
1545 3375 1657 3433 sinriiia.
1681 3374 1797 3432 Publica
1816 3390 1884 3431 reru

239 3461 364 3528 ramalia,
380 3478 429 3534 per
443 3465 626 3522 obedientiam
641 3482 724 3538 quam
739 3468 833 3524 habult
856 3467 932 3541 (Gen.
948 3471 1035 3542 xnrr);
1087 3472 1208 3543 practica
1219 3478 1332 3526 notatur
1342 3469 1370 3524 in
1380 3466 1530 3539 parabolis,
1545 3475 1576 3522 ut
1586 3467 1623 3522 ibi
1640 3465 1749 3523 :fionro
1762 3475 1821 3520 erut
1831 3483 1883 3537 pe-

240 3554 268 3608 ln
281 3553 356 3610 lsaac
370 3557 517 3621 naturalis,
530 3556 657 3615 fodiendo
671 3567 769 3630 puteos
783 3567 809 3618 et
824 3562 949 3618 rimando
969 3579 1036 3636 pro·
1087 3563 1258 3634 uersarentur,
1267 3561 1313 3631 qui
1323 3559 1451 3630 plantavit
1466 3559 1578 3621 uincam,
1595 3567 1620 3611 ει
1635 3572 1723 3627 sepem
1736 3557 1885 3610 circumde-

239 3645 324 3701 funda
340 3663 431 3702 rerum
447 3643 525 3720 (Gen.
541 3650 634 3724 rxrr);
661 3650 690 3706 in
703 3651 789 3708 laceb
804 3653 972 3725 inspectiva,
995 3656 1036 3712 ri·
1086 3655 1125 3709 dit
1136 3655 1161 3710 ei
1181 3651 1289 3726 (North.
1303 3651 1371 3720 sm).
1395 3649 1441 3704 Sic
1463 3657 1491 3706 et
1511 3649 1549 3702 ihi
1570 3667 1576 3703 :
1603 3647 1656 3716 Qui
1670 3664 1723 3702 nou
1739 3648 1824 3702 intret
1837 3663 1884 3718 per

239 3735 329 3793 dendo
344 3739 446 3794 scalam
462 3741 571 3796 aterris
586 3741 614 3796 in
628 3742 728 3798 coelum
742 3752 897 3814 porrectam
910 3751 939 3802 et
952 3761 1036 3819 ange·
1086 3749 1183 3805 ostium
1194 3751 1222 3800 iu
1233 3744 1299 3799 erile
1310 3743 1408 3807 ouium,
1423 3741 1468 3796 sed
1487 3740 1605 3796 escendit
1621 3738 1745 3804 aliunde,
1769 3739 1816 3794 ilie
1838 3739 1883 3809 fur

239 3831 328 3886 lorum
339 3831 398 3888 rias
414 3829 490 3904 (Ceu.
505 3833 604 3907 xxrru)
617 3853 623 3890 :
638 3834 710 3891 unde
722 3833 855 3906 ctlsrael
875 3837 1036 3894 nominatus
1086 3848 1160 3897 estet
1173 3839 1242 3894 latro
1256 3836 1347 3909 (foen.
1363 3835 1402 3908 r).
1419 3833 1553 3890 Similiter
1565 3835 1594 3889 ln
1608 3834 1680 3890 aliis.
1696 3832 1727 3890 lo
1741 3833 1884 3903 parabolis

238 3931 292 3982 cst.
309 3923 372 3979 llaec
386 3923 530 3997 Origenes.
1085 3934 1159 3989 enirn
1170 3929 1299 4002 bipartita
1313 3936 1355 3986 est
1364 3926 1556 3997 intelligentia.
1573 3924 1604 3980 ln
1620 3925 1662 3982 eis
1672 3939 1791 3995 namque
1802 3925 1883 3980 hrtel·

275 4015 388 4072 Boetius
399 4033 464 4072 reru
476 4017 503 4072 iu
519 4015 681 4075 Commenta
696 4019 732 4075 ad
745 4018 860 4076 l'ahinm
874 4037 957 4092 super
967 4022 1036 4079 Por·
1086 4025 1133 4097 ligi
1144 4030 1252 4096 oportet
1268 4021 1456 4094 principaliter
1470 4019 1528 4083 illa,
1541 4034 1603 4090 quae
1613 4034 1663 4089 per
1673 4017 1883 4074 similitudinem

238 4109 378 4179 phyrium,
394 4109 431 4164 ita
443 4109 541 4166 dilhnr't
551 4111 753 4183 philosophiam
768 4119 796 4168 et
809 4112 907 4169 dividit
923 4133 929 4168 :
949 4133 958 4164 ι
974 4113 1036 4170 Phi·
1086 4117 1260 4187 accipiuntur
1275 4112 1369 4186 :quod
1385 4113 1445 4169 fleri
1458 4111 1574 4182 nequit,
1595 4111 1650 4166 nisi
1664 4117 1734 4166 etea
1745 4110 1884 4180 intelliga-
1927 4166 1931 4174 ,

238 4201 363 4271 lusophia
377 4211 419 4256 est
437 4217 514 4257 arnor
528 4212 555 4258 et
567 4201 690 4258 studium
702 4205 853 4274 sapientia,
877 4221 932 4260 non
951 4205 1035 4276 hujus
1085 4223 1167 4262 mus:
1183 4222 1244 4278 quac
1256 4221 1291 4263 ex
1302 4205 1329 4260 ri
1343 4204 1492 4262 uerborum
1506 4209 1640 4259 consueto
1651 4217 1703 4258 usu
1722 4200 1884 4272 significan-
1958 4264 1959 4269 ἵ

238 4307 300 4362 quae
311 4293 338 4346 in
352 4293 458 4348 artibus
472 4293 638 4364 quibusdam
654 4302 682 4350 et
696 4294 723 4349 in
740 4294 834 4350 sulrtili
847 4295 963 4353 scientia
976 4313 1036 4353 rer·.
1085 4311 1140 4359 tur.
1156 4302 1190 4358 rh
1208 4302 1268 4361 haec
1281 4299 1391 4374 quidem
1406 4299 1440 4354 ad
1455 4314 1627 4355 communem
1649 4298 1798 4369 practicam
1819 4311 1884 4368 pro-
1958 4328 1959 4335 ι

239 4395 332 4449 satur,
351 4386 397 4440 Sffll
414 4385 487 4441 1111115
508 4401 570 4457 qum
583 4387 686 4444 ¹¹¹¹¹¹l¹1⁵
704 4387 847 4458 indigens,
862 4387 941 4442 111111
956 4403 1034 4455 1111118,
1086 4397 1144 4468 prie
1155 4397 1288 4459 attinent,
1309 4392 1393 4450 veluti
1408 4391 1540 4449 diseretio
1554 4389 1720 4454 senriuaudi,
1737 4403 1884 4445 sesemen

238 4485 266 4530 et
277 4478 335 4533 sola
350 4494 441 4534 rerum
456 4478 585 4550 priuuera
598 4481 671 4536 ratio
684 4488 737 4536 cst.
761 4479 810 4536 Est
824 4487 916 4536 autem
931 4481 1034 4536 iutelli-
1049 4467 1071 4539 D
1085 4490 1165 4549 eadat
1180 4505 1259 4548 secus
1269 4487 1361 4552 rianr,
1378 4491 1406 4542 et
1423 4485 1551 4541 uolucres
1573 4481 1636 4537 coeli
1651 4480 1797 4537 comedant
1816 4480 1885 4538 illud

238 4570 330 4640 gentis
345 4571 429 4627 animi
450 4571 626 4636 illuminatio,
645 4573 725 4629 etad
750 4573 868 4643 seipsam
891 4575 1032 4650 retractio.
1084 4580 1210 4638 ueeadac
1224 4581 1251 4635 ln
1263 4587 1390 4651 petrosa,
1410 4585 1438 4634 et
1457 4583 1526 4632 aestu
1546 4574 1614 4633 solis
1626 4581 1745 4638 arescet,
1760 4587 1796 4628 ιιι
1810 4571 1884 4628 hilei·

237 4659 404 4734 Philsophiae
418 4665 478 4722 duae
493 4676 557 4724 sunt
573 4667 697 4737 speeies,
720 4665 843 4722 theorica
857 4673 885 4723 et
900 4668 1032 4738 practica,
1084 4673 1189 4744 spinas,
1203 4679 1230 4728 et
1241 4670 1391 4728 suffocetur
1402 4670 1437 4726 ab
1451 4668 1523 4735 illis;
1542 4667 1590 4724 sed
1610 4667 1641 4722 in
1661 4673 1763 4722 terram
1779 4665 1883 4722 bonam

238 4751 267 4806 id
281 4759 334 4816 est,
350 4755 554 4824 speculativaet
570 4757 670 4811 activa.
687 4753 836 4812 'l'heorices
848 4755 886 4830 (id
898 4765 951 4824 cst,
967 4775 1034 4815 corr·
1085 4766 1109 4825 gi
1123 4765 1264 4829 ceciderit,
1275 4765 1351 4819 (rabie
1368 4762 1487 4818 fructum
1502 4759 1601 4834 (Marc,
1614 4758 1663 4832 w),
1682 4758 1729 4814 sic
1743 4765 1772 4815 gg
1783 4759 1813 4814 qn
1827 4773 1884 4814 «β.

238 4846 396 4916 templatira
415 4849 458 4904 rel
473 4848 658 4922 speculativae)
680 4856 735 4905 tres
752 4849 956 4922 speciessunt:
978 4869 1034 4915 una
1085 4857 1162 4915 teris.
1180 4855 1230 4911 h'cl
1251 4855 1359 4926 publica
1380 4852 1503 4925 practica
1523 4849 1725 4908 consideranda
1739 4857 1803 4914 est,
1819 4848 1885 4904 ubi·
1958 4836 1959 4885 l

238 4937 273 4994 de
290 4937 543 5006 intellectibilibus,
563 4941 617 4996 alia
632 4941 666 4998 de
680 4941 916 5014 intelligibilibus,
936 4946 988 5003 alia
1000 4947 1034 5003 rlc
1086 4963 1195 5020 cunque
1206 4929 1532 5003 Dorrrinuscommuniter
1546 4957 1642 5004 omnes
1652 4941 1768 5008 instruit
1779 4940 1885 4997 demo·

239 5031 420 5089 naturalibus.
431 5031 621 5090 intellectibile
628 5041 681 5102 cst,
693 5035 766 5106 quod
778 5051 862 5092 unum
872 5045 955 5108 atque
963 5038 1034 5102 idern
1085 5041 1174 5096 ribus.
1185 5037 1265 5096 Juxta
1276 5035 1543 5109 pradictadicuntur
1553 5033 1614 5089 aliar
1624 5033 1742 5098 virtutes
1751 5031 1885 5103 politicae,

237 5137 287 5192 per
301 5139 331 5179 se
344 5123 372 5178 iu
385 5125 497 5195 propria
511 5139 620 5195 semper
631 5124 776 5182 diuinitate
790 5127 956 5194 consistens,
972 5130 1035 5184 rul-
1085 5132 1146 5187 alim
1160 5129 1335 5203 purgatoriae,
1350 5128 1410 5183 alim
1426 5128 1535 5200 purgati
1548 5126 1643 5182 animi.
1667 5124 1710 5180 dd
1729 5124 1885 5180 theoricam

239 5215 274 5272 lis
285 5201 405 5288 unquam
418 5217 562 5282 sensibus,
586 5218 633 5274 scd
647 5219 706 5274 sola
727 5227 832 5274 tautum
846 5227 937 5276 rrrente
954 5222 1036 5279 intel-
1086 5240 1153 5281 sane
1162 5230 1267 5294 spectat
1282 5220 1469 5291 Evangelium,
1480 5236 1530 5292 per
1540 5217 1756 5274 intellectibilem
1763 5216 1887 5288 speciem

239 5309 368 5381 lectuque
380 5310 499 5380 capitur.
515 5308 582 5376 Quae
596 5327 643 5368 res
653 5313 688 5368 ad
703 5310 920 5383 speculationem
930 5313 979 5370 Dei
993 5324 1036 5370 at·
1086 5332 1147 5387 quae
1167 5314 1303 5385 theologia
1317 5312 1439 5378 dicitur,
1459 5312 1617 5381 ubicunque
1634 5309 1808 5365 divinitatem
1823 5310 1895 5363 sino-

239 5417 293 5472 qae
308 5401 343 5455 ad
360 5401 447 5456 animi
461 5401 716 5473 incorporalitatem
732 5403 860 5476 pertinet.
879 5402 957 5461 llanc
973 5421 1037 5477 par·
1085 5420 1135 5475 per
1146 5403 1239 5471 rerba,
1255 5419 1303 5458 scu
1316 5418 1366 5475 per
1377 5401 1509 5458 miracula
1523 5400 1637 5466 indicat,
1649 5401 1742 5465 idest,
1759 5400 1807 5456 ubi
1821 5398 1888 5453 'fri-

238 5505 293 5548 tern
304 5489 393 5563 Craecl
408 5491 572 5566 theologiam
590 5495 742 5552 nominant.
769 5494 895 5552 &cunda
911 5511 975 5570 pars
993 5506 1036 5555 εει
1085 5496 1200 5553 uitatem
1214 5503 1329 5561 reserat,
1345 5501 1374 5551 ει
1387 5495 1433 5550 uhi
1451 5494 1592 5550 Christum
1603 5508 1701 5549 rerum
1712 5492 1799 5549 Βεειιι
1821 5505 1888 5548 esse

238 5583 430 5654 fratelligibilis.
443 5603 504 5642 oum
520 5587 732 5644 intellectibilem
743 5587 948 5661 intelligentiae
959 5605 1037 5645 corn·
1085 5588 1194 5659 probat.
1218 5586 1271 5643 Per
1290 5587 1490 5660 intelligibilem
1514 5600 1580 5642 sero
1600 5586 1722 5657 speeiem
1740 5584 1807 5641 facit
1831 5597 1887 5638 rios

240 5675 395 5745 prehendit.
413 5677 475 5736 llrec
490 5681 607 5753 pertinet
624 5682 658 5738 ad
675 5699 770 5738 (rennes
784 5683 891 5738 aniruas
913 5683 1036 5752 rationa-
1085 5680 1242 5752 evangelica
1256 5679 1339 5738 lectio
1352 5679 1501 5744 theoricos,
1513 5677 1560 5732 uhi
1570 5674 1887 5734 Christusrerusboutu

240 5764 293 5838 Ιεε,
305 5775 450 5849 quatactu
458 5788 603 5843 corporum
613 5775 766 5830 colesium
778 5782 805 5830 et
815 5773 1035 5832 terrestrrhuttb
1086 5789 1148 5836 csse
1158 5773 1301 5853 probetur,
1316 5785 1343 5836 ct
1357 5767 1403 5830 ubi
1414 5772 1512 5832 urimur
1524 5787 1658 5831 nocentur
1668 5785 1775 5842 serpeus
1788 5774 1884 5834 attens
