3967 6334
226 291 280 359 ιιι
695 290 881 351 zacttttdAE
901 279 1202 349 cnutssorocttsttt
1221 290 1378 350 testeos!
1801 298 1855 357 εις

259 410 327 478 bon!
339 410 376 467 its
391 406 612 481 distinguendum
636 411 689 471 est,
706 413 736 462 ut
750 403 875 461 dicamus
894 403 1013 475 primurn
1028 407 1051 467 Λ
1065 402 1169 458 Dicitur
1190 410 1281 460 autem
1301 412 1506 462 mouumentum
1527 402 1646 474 Domini,
1670 408 1745 481 quod
1757 409 1858 467 domus

225 507 331 573 lercns,
356 503 404 560 sed
427 504 543 574 primm
565 499 600 555 ad
623 498 765 570 superiora
787 497 921 569 pertinet;
946 496 1013 551 ita:
1067 494 1149 553 luerit
1171 499 1299 562 rotunda,
1322 497 1357 555 de
1381 500 1541 570 subjacente
1562 517 1631 572 rupe
1654 503 1759 571 excisa,
1773 510 1858 563 tauta

225 598 278 668 Qui
290 602 403 654 uenerat
417 595 450 650 ad
467 593 561 651 lesum
583 598 663 647 nocte
676 590 804 661 primum.
827 588 881 644 lste
900 587 1017 643 Nicode²
1067 590 1217 649 altitudinis
1231 599 1261 647 ut
1275 591 1350 649 intus
1373 594 1530 650 consistens
1550 594 1631 650 borno
1652 597 1698 651 ris
1711 614 1797 653 manu
1811 616 1858 655 es-

223 708 287 748 ntus
301 698 395 761 postea
410 686 499 743 lactus
510 691 554 741 est
570 683 721 753 discipulus
734 680 837 737 Christi
852 678 943 753 (loon.
958 678 1014 751 ιιι),
1066 690 1143 739 tensa
1158 686 1266 741 culmen
1281 685 1369 756 possit
1381 686 1523 757 attingere.
1538 686 1604 753 Quae
1620 688 1702 745 babet
1715 690 1858 749 introimus

223 794 255 840 ut
268 790 342 857 patet
355 783 383 836 in
397 779 561 836 revelatione
573 776 697 847 corporis
710 774 741 830 B.
758 773 897 845 Stepbani.
1066 768 1229 840 suboriente,
1246 775 1290 831 eui
1305 776 1374 847 lapis
1397 776 1442 833 ille
1461 794 1578 849 magnus
1599 779 1744 850 impositus
1758 791 1812 837 cst.
1829 779 1860 837 lu

382 892 430 943 208
563 890 609 940 549
734 888 782 937 223
902 887 950 937 595
1065 866 1144 938 cujus
1159 868 1326 924 monumenti
1337 870 1573 941 parteaquilonari
1586 872 1743 943 sepulcrum
1756 873 1858 945 ipsum,

294 916 348 1002 Ᾱ.
403 968 412 1003 ι
464 909 526 999 Μ·
645 909 699 995 R·
816 906 867 993 L·
1066 959 1118 1014 boc
1141 954 1194 1025 esi,
1209 958 1435 1016 tociusbonmici
1458 964 1582 1034 corporis
1603 964 1637 1019 de
1659 964 1756 1021 eadem
1781 976 1861 1037 petra

260 1059 421 1129 deceperunt
440 1072 501 1128 erqo
526 1070 620 1125 eorpus
646 1052 722 1117 lesus,
742 1055 767 1107 ιι
788 1052 933 1123 iiqooerunt
956 1066 1016 1105 eum
1065 1044 1166 1100 lactum
1181 1053 1233 1111 cst,
1249 1052 1352 1117 septem
1362 1046 1466 1103 babens
1477 1048 1560 1119 pedes
1571 1048 1761 1120 longitudinis,
1775 1054 1861 1107 trium

225 1154 313 1209 liuteis
328 1146 571 1212 eumssomctiius,
584 1142 1014 1214 sicutmoscatduuioeissepelu'rc.
1065 1142 1130 1193 uero
1153 1137 1304 1207 palmorum
1325 1152 1453 1194 mensura
1479 1148 1579 1196 caetero
1600 1142 1757 1211 parimento
1777 1144 1863 1200 altius

262 1242 401 1319 [liranum]
414 1241 476 1298 Non
496 1240 600 1296 frustra
614 1238 684 1294 dixit
701 1236 869 1308 evangelista
882 1234 1015 1302 loannes,
1065 1233 1198 1289 eminens.
1223 1232 1275 1300 Qui
1299 1232 1425 1290 videlicet
1450 1235 1527 1291 locus
1552 1249 1607 1291 non
1629 1236 1761 1309 desuper,
1780 1239 1862 1295 seda

222 1338 293 1394 sieut
315 1352 371 1390 mos
390 1343 428 1389 est
447 1331 550 1387 luteis
569 1330 686 1400 sepelire,
708 1328 757 1385 sed
781 1329 809 1383 in
831 1325 928 1384 officiis
941 1341 1016 1383 mor·
1065 1323 1150 1381 latere
1172 1324 1324 1381 meridiano
1338 1332 1387 1395 per
1401 1332 1489 1381 totum
1511 1328 1622 1399 patulus
1637 1336 1690 1395 cst,
1708 1328 1783 1387 unde
1795 1345 1861 1386 cor-

222 1435 334 1482 tuorum
348 1440 451 1481 morem
472 1424 606 1494 cuiusque
628 1422 717 1493 gentis
739 1421 881 1477 admonuit
903 1435 1017 1477 serrass-
1065 1432 1117 1488 pus
1132 1415 1309 1471 inserebatur.
1328 1415 1412 1472 'Color
1430 1425 1522 1473 autem
1544 1419 1666 1488 eiusdem
1686 1424 1862 1478 monumenti

223 1522 299 1575 dum.
317 1516 460 1591 [desuem]
476 1516 510 1569 Et
527 1516 592 1588 quia
616 1515 664 1568 alii
677 1513 807 1569 disserunt
821 1528 922 1584 corpus
937 1513 1017 1568 iuro·
1065 1522 1098 1563 ac
1124 1507 1222 1573 locuit,
1248 1507 1402 1563 rubicundo
1432 1522 1465 1565 ac
1492 1509 1555 1566 albo
1579 1510 1683 1567 dicitur
1707 1528 1771 1571 esse
1795 1528 1864 1587 pes·

223 1614 311 1669 lutum
323 1626 339 1665 a
350 1608 451 1680 iosepb
465 1607 590 1672 sindone,
606 1622 661 1662 non
675 1604 737 1661 ideo
750 1606 950 1676 prohibuerunt
962 1606 1016 1660 alia
1064 1596 1173 1655 mistus.

222 1706 307 1760 lintea
333 1700 457 1773 potuisse
486 1698 577 1756 aderri
605 1713 620 1752 a
646 1696 795 1753 Nicodemo
823 1717 830 1752 ε
858 1712 1015 1768 quanquam
1417 1702 1447 1764 qq·
1575 1707 1621 1767 ᾗς

222 1803 335 1869 propter
353 1792 494 1850 sudarium
508 1790 606 1861 capitis
617 1798 645 1845 et
664 1789 785 1853 institas,
800 1789 900 1860 quibus
912 1804 1015 1861 eorpus
1030 1779 1053 1835 Β
1300 1731 1343 1820 M
1352 1794 1365 1819 ⁰
1410 1790 1434 1826 ιι
1484 1735 1538 1823 R·

222 1889 363 1959 alligatum
381 1893 433 1953 est,
455 1882 520 1956 quia
540 1883 575 1939 dc
589 1882 646 1937 lino
660 1889 750 1947 erant,
765 1882 909 1938 uerissime
926 1883 1016 1953 potuit
1041 1900 1046 1913 ·
1102 1880 1169 1965 Erat
1187 1884 1274 1935 outtsn
1288 1876 1325 1935 stt
1339 1879 1429 1936 Morio
1441 1880 1608 1954 dissoluisse,
1620 1894 1646 1938 ιι
1657 1884 1743 1942 altero
1753 1884 1864 1953 floria,

222 1982 288 2045 dici,
303 1977 377 2050 quod
398 1991 454 2032 una
471 1974 572 2030 sindon
591 1973 642 2029 luit
665 1972 713 2029 ibi.
736 1971 876 2045 [busson]
892 1970 932 2026 Ει
945 1973 1014 2029 ειιιι-
1064 1972 1181 2028 sedentes
1193 1972 1452 2044 contrusepulcrum.

222 2074 287 2146 plici
299 2072 440 2143 sepultura
455 2067 573 2134 bomini,
591 2067 705 2123 ambitio
719 2066 834 2123 diuitum
849 2066 1015 2122 condemna·
1096 2064 1208 2122 Ceteris
1237 2066 1456 2138 relinquentibus
1484 2066 1647 2135 Dominum,
1675 2071 1808 2130 mulieres
1832 2074 1865 2129 iss

221 2174 279 2233 tur,
302 2165 350 2237 qui
374 2163 476 2219 necin
500 2158 615 2215 tumulis
643 2168 761 2232 possunt
783 2174 878 2215 carere
898 2158 1013 2215 divitiis.
1065 2154 1153 2212 ollicio
1176 2167 1361 2229 perseverant,
1383 2160 1575 2229 exspectantes
1602 2157 1649 2217 liei
1675 2164 1863 2235 promissum.

222 2256 338 2330 llystice
356 2260 448 2310 autem
468 2267 617 2324 possumus
637 2251 799 2322 intelligere,
820 2250 894 2323 quod
914 2266 1015 2322 corpus
1067 2242 1208 2319 [lironem]
1229 2246 1263 2300 Et
1280 2246 1344 2303 ideo
1360 2257 1520 2304 meruerunt
1537 2248 1633 2321 primae
1649 2252 1741 2310 ridere
1761 2270 1866 2311 resur-

221 2346 330 2402 bomini
343 2361 399 2401 non
410 2359 488 2409 auro,
501 2359 557 2399 uon
571 2343 698 2414 gemmis,
707 2358 762 2397 non
775 2344 875 2409 serico,
888 2344 936 2401 sed
945 2358 1015 2416 puro
1064 2346 1183 2410 gentem,
1192 2340 1518 2410 quiaquiperseuercuerit
1527 2345 1644 2413 usquein
1654 2345 1741 2416 poem,
1751 2346 1795 2402 laic
1805 2350 1868 2404 sol-

220 2439 380 2495 linteamine
399 2436 599 2493 obvolvendum
619 2435 665 2491 sit.
686 2435 848 2507 Quanquam
868 2444 896 2493 et
909 2436 962 2491 boc
976 2436 1015 2493 si·
1065 2432 1171 2486 tuterit
1183 2430 1339 2505 (staretur).
1350 2431 1457 2490 Sanctae
1466 2435 1595 2493 mulieres
1608 2438 1678 2494 diem
1689 2437 1865 2509 Parasceres

221 2531 342 2604 guilicet,
353 2527 429 2601 quud
440 2528 486 2583 ille
496 2527 525 2582 iu
535 2525 651 2582 sindone
663 2524 766 2581 munda
776 2527 898 2583 suroluat
907 2525 1013 2592 lesum,
1065 2524 1215 2591 celebrant,
1228 2541 1291 2581 eum
1311 2526 1408 2583 animm
1428 2528 1543 2586 bumiles
1564 2529 1711 2589 Salvatoris
1732 2537 1866 2607 uestigiis

221 2625 268 2696 qui
282 2637 351 2693 pura
364 2635 427 2677 eum
442 2626 534 2675 mente
548 2617 675 2689 suscipit.
692 2615 800 2690 [Brun]
814 2617 943 2689 Legimus
952 2633 1015 2675 esse
1065 2618 1254 2688 obsequuntur
1269 2619 1298 2675 iu
1318 2618 1372 2676 boc
1391 2620 1503 2688 saeculo,
1528 2622 1557 2680 in
1571 2639 1626 2695 quo
1640 2622 1731 2681 lutura
1745 2628 1865 2701 requies

222 2722 355 2775 statutum
367 2727 384 2766 a
397 2710 428 2765 B.
441 2707 582 2782 Sylrestro
597 2722 678 2780 papa,
693 2716 723 2763 ut
738 2706 905 2764 sacrificium
919 2708 1017 2767 altaris
1065 2720 1106 2767 est
1119 2711 1305 2783 praeparanda.

221 2805 375 2861 celebretur
388 2800 577 2856 tantummodo
586 2798 616 2853 in
631 2798 702 2854 lineo
717 2813 818 2871 pauno,
833 2798 1015 2871 sicutcorpus

221 2895 330 2953 Dourim
345 2902 388 2951 est
404 2892 542 2965 sepultum
557 2891 585 2947 in
599 2888 714 2946 sindone
728 2889 841 2945 munda.
1398 2845 1453 2931 L·
1490 2827 1536 2939 affl

256 3008 290 3066 t.
310 3008 378 3063 Erat
397 3016 485 3061 autern
499 3006 527 3059 in
538 3004 604 3070 loeo,
620 3003 666 3057 uiri
679 2990 823 3074 crucifissus
840 3012 889 3070 est,
904 3002 1014 3069 luortsts,¹
1104 2968 1230 3025 ΝΜ
1247 2970 1465 3042 ΨΘΜΜΟΜ
1477 2974 1592 3045 dmm
1607 2986 1664 3031 ‘m
1677 2994 1773 3034 (ΜΝ
1785 2981 1854 3049 ‘5⁶¹

222 3104 285 3157 etin
300 3102 376 3157 torto
394 3106 592 3155 ιιιοιιιιιιιιιιιιιιιι
610 3112 715 3152 norusn.
732 3096 763 3151 Α.
780 3095 811 3152 L.
827 3094 925 3166 inquo
944 3112 1013 3149 uon»
1307 3080 1361 3167 L,
1396 3062 1444 3175 {3²3
1481 3084 1535 3170 ss·
1570 3064 1618 3115 ²⁵⁰

222 3199 285 3253 oum
296 3198 434 3269 ‘william
447 3196 548 3266 il⁰⁸5⁸¹²⁸
561 3194 659 3264 filim·
677 3191 713 3247 Μ·
729 3174 762 3246 R·
777 3189 809 3247 [ὴ
828 3191 861 3246 Α·
877 3190 912 3245 El
926 3192 1014 3261 l’mi'i
1101 3204 1137 3260 Et
1151 3216 1315 3273 reuertentes,
1329 3218 1489 3279 putauerunt
1499 3222 1621 3267 aromate
1635 3222 1660 3268 et
1671 3225 1818 3287 coquente,
1831 3228 1863 3273 st
1896 3230 1898 3236 “

220 3287 410 3359 ι’ῑιιιΗθδθΡῆ·
434 3286 470 3344 Μ·
493 3286 527 3343 fl·
542 3284 578 3341 El
592 3284 706 3340 Ml⁰¹⁰³¹
724 3298 820 3341 ΨΜ
841 3288 964 3356 mim
979 3282 1014 3339 “d
1065 3301 1194 3355 uenientes
1208 3310 1332 3371 uuqereut
1351 3299 1455 3370 desum,
1476 3312 1501 3359 ιι
1522 3303 1639 3360 Saiboto
1653 3308 1758 3377 quidem
1778 3310 1865 3366 atse-

221 3385 318 3438 otit'ttm
333 3380 503 3445 monumemt',
514 3388 540 3435 ei
554 3376 628 3435 abili.
1065 3402 1127 3446 runt
1140 3391 1283 3445 secundum
1294 3391 1460 3451 mandatum,

255 3495 359 3568 loseph
382 3496 513 3566 imposuit
536 3498 715 3549 monumento
734 3506 839 3563 eorpus
856 3489 933 3557 lesus,
948 3492 1014 3563 qssia
1102 3479 1209 3553 [REM-l
1227 3480 1384 3537 Mandalum
1403 3489 1463 3539 0¹³2
1478 3484 1550 3557 apud
1563 3486 1682 3555 ludam,
1698 3496 1730 3546 ιιι
1744 3488 1863 3551 sabbati

220 3600 270 3658 per
285 3585 454 3642 nobilitatem
468 3583 595 3655 potentiae
608 3583 748 3638 saecularis
761 3581 829 3637 illud
840 3582 975 3653 accipere,
986 3590 1015 3638 ct
1064 3574 1204 3630 silentium
1218 3589 1234 3628 a
1247 3590 1362 3645 uespera
1383 3592 1470 3649 usque
1490 3579 1523 3635 ad
1543 3596 1698 3653 uesperam,
1723 3584 1820 3654 idest,
1845 3602 1861 3641 s

218 3694 271 3750 per
294 3677 455 3733 meritorum
475 3675 611 3744 justitiam
636 3675 736 3745 dignus
761 3672 813 3729 luit
837 3674 962 3745 sepetire·
983 3674 1014 3729 ln
1064 3667 1131 3723 solis
1155 3682 1256 3723 occasu
1282 3683 1370 3740 usque
1392 3670 1425 3724 ad
1450 3671 1518 3727 solis
1537 3688 1666 3729 oceasum
1689 3684 1861 3737 servaretur.

220 3784 276 3842 quo
291 3766 445 3826 obstruitur
454 3766 644 3838 tergiuersatio
657 3764 838 3821 iudeorum:
861 3752 1019 3823 namdiee'
1065 3758 1142 3828 Quod
1166 3768 1193 3817 et
1214 3763 1343 3839 mulieres
1365 3762 1515 3821 lecerunt:
1540 3782 1612 3838 quae,
1633 3770 1694 3826 uisa
1717 3773 1862 3843 sepultura

220 3872 349 3918 rentnon
363 3859 511 3930 sepultum,
532 3874 613 3930 quem
635 3858 763 3914 dixerunt
777 3866 896 3929 raptum,
910 3858 935 3915 si
947 3872 1015 3929 apo-
1064 3850 1183 3920 Domini,
1198 3864 1324 3912 emerunt
1338 3866 1461 3915 aromata
1482 3862 1509 3916 iu
1531 3860 1684 3918 Parascere
1705 3875 1771 3921 ante
1792 3866 1861 3923 solis

221 3954 286 4009 stoli
300 3952 462 4025 sepelissent
473 3965 547 4006 eum.
564 3948 711 4023 [lutose]
729 3948 907 4006 acceleratur
919 3950 1013 4021 sepul·
1064 3952 1205 4009 occasum,
1231 3945 1273 4001 rel
1292 3946 1322 4001 in
1346 3945 1465 4005 sabbato
1488 3960 1550 4022 post
1573 3964 1703 4009 occasum
1727 3955 1808 4021 solis,
1832 3966 1861 4013 et

218 4056 291 4113 tura,
312 4060 347 4100 ue
361 4043 611 4115 advesperasceret,
625 4039 736 4113 quando
753 4042 809 4113 jaun
829 4051 941 4113 propter
961 4040 1014 4097 Pa·
1063 4044 1338 4107 praepararemusea,
1351 4044 1380 4093 ut
1391 4054 1581 4113 manecorpus
1592 4042 1700 4099 bomini
1712 4058 1858 4117 unges-ent

218 4152 352 4195 rasceren
365 4134 456 4193 iacere
469 4134 523 4191 tale
542 4134 646 4205 aliquid
660 4149 715 4190 uon
736 4134 845 4189 licebat.
871 4132 1012 4206 [Brauon]
1063 4124 1250 4185 Recordentcs
1262 4146 1329 4202 ergo
1342 4130 1436 4189 lideles
1456 4136 1622 4205 sepulturam
1638 4134 1759 4203 Domini.
1777 4146 1860 4213 qussi

218 4228 250 4285 ln
263 4244 335 4285 nouo
347 4229 456 4300 ponitur
466 4234 692 4289 monumento,ne
701 4236 763 4297 post
772 4227 1011 4292 resurrectionem,
1064 4228 1185 4275 aromata
1201 4229 1309 4292 parant,
1325 4222 1348 4278 si
1364 4224 1397 4279 ad
1418 4240 1500 4295 opera
1514 4228 1645 4284 virtutum
1661 4231 1765 4301 quibus
1779 4232 1859 4289 Gbri—

219 4321 327 4377 caeteris
348 4318 512 4391 corporibus
530 4317 747 4382 remanentibus,
768 4316 923 4373 surrexisse
942 4316 1013 4373 alius
1063 4320 1124 4371 stus
1143 4314 1302 4383 delectatur,
1319 4332 1349 4373 se
1363 4326 1534 4377 conuertunt.
1556 4320 1589 4375 m
1611 4320 1732 4380 sabbato
1746 4327 1859 4398 quidem

219 4412 380 4484 inungeretur.
407 4397 527 4482 [Bene]
562 4404 768 4463 Monumentum
796 4420 905 4477 quoque
939 4407 1012 4478 apud
1064 4404 1155 4470 silent,
1171 4408 1279 4463 uenturi
1300 4416 1363 4480 post
1383 4408 1532 4467 Sabbatum
1553 4429 1616 4469 cuns
1639 4419 1804 4477 muneribus
1824 4422 1857 4476 ad

220 4504 418 4560 blattbaeumet
432 4500 553 4555 Marcum
567 4498 602 4555 de
623 4508 700 4570 petra
719 4496 841 4555 excisum
857 4497 941 4555 luisse
956 4515 1014 4555 me-
1029 4504 1051 4561 b
1065 4496 1227 4569 [domincum
1242 4502 1305 4571 quia
1320 4500 1396 4557 linita
1410 4507 1609 4577 preparatione
1623 4514 1771 4580 praesentis
1785 4515 1856 4577 rita,

219 4603 401 4657 moraturae,
414 4590 436 4648 si
451 4606 485 4646 es
496 4590 590 4645 multis
603 4589 740 4660 lapidibus
752 4587 917 4643 edificatum
927 4598 1011 4655 esset,
1063 4591 1092 4647 iu
1107 4592 1201 4663 requie
1219 4593 1339 4665 gaudent
1359 4605 1519 4667 exspectare
1538 4600 1611 4656 diem
1632 4606 1856 4671 resurrectionis,

220 4686 346 4744 sullussis
364 4685 462 4740 tumuli
475 4682 670 4747 fundamentis,
687 4682 793 4738 ablatus
808 4680 884 4737 iusto
904 4682 1012 4739 dicere·
1063 4690 1091 4739 et
1110 4690 1176 4740 tnnc
1198 4684 1309 4742 Gbristo
1330 4686 1427 4746 offerre
1449 4691 1607 4762 spirituales
1631 4694 1756 4753 actiones
1780 4702 1856 4771 quasi

219 4789 276 4835 tur.
301 4776 382 4834 Solus
398 4776 504 4831 tumulo
519 4773 652 4830 Dominum
666 4773 826 4839 includitur,
842 4781 871 4828 ut
885 4774 1013 4846 specialis
1063 4779 1186 4827 aromata
1207 4774 1373 4833 redolentes.
1409 4776 1491 4836 Serta
1517 4781 1562 4838 dle
1585 4782 1729 4841 lactusest
1757 4786 1854 4854 bomo,

219 4868 554 4942 illiussepulturanostrae
572 4863 715 4922 dissimilis
730 4872 813 4931 esset,
829 4866 901 4921 sicut
914 4873 1012 4923 caetera
1064 4862 1184 4920 Sabbato
1197 4867 1300 4937 quieuit
1315 4867 1396 4925 Deus.
1420 4868 1483 4927 ldeo
1502 4870 1546 4928 die
1562 4881 1638 4929 sextu
1652 4874 1720 4931 Jesu
1745 4894 1797 4943 pro
1811 4880 1856 4935 bo·

219 4978 322 5020 arcana
335 4959 551 5033 dispensationis
566 4959 636 5029 ejus.
653 4956 731 5014 Unde
748 4954 815 5013 illud
833 4977 839 5012 :
861 4957 1012 5030 Sisqutors‘-
1062 4956 1137 5011 mine
1150 4958 1277 5015 moritur.
1299 4956 1376 5017 Unde
1397 4969 1424 5016 ct
1447 4961 1542 5019 disits
1565 4962 1790 5023 consummaturus
1808 4984 1855 5035 ess,

220 5068 332 5112 ursum
351 5071 398 5127 eqo
420 5051 502 5105 donec
516 5060 651 5105 transeam
666 5040 753 5122 (Psoi.
775 5049 850 5122 cri).
872 5048 905 5104 Et
920 5050 986 5105 illud
1003 5072 1009 5107 :
1063 5048 1156 5117 idest,
1172 5057 1248 5106 senta
1258 5050 1302 5108 die
1315 5068 1384 5124 opus
1394 5068 1444 5124 pro
1456 5054 1645 5126 redemptione
1659 5061 1758 5117 mundi
1770 5064 1857 5135 exple·

220 5148 354 5222 Qwssiom
369 5156 408 5212 tu,
424 5143 546 5207 Domine,
559 5141 731 5213 sinpuiuriter
744 5142 773 5196 in
793 5155 838 5210 spe
851 5144 1012 5198 constituisti
1062 5149 1122 5197 tum
1136 5148 1189 5207 est,
1198 5151 1226 5198 et
1241 5144 1269 5198 in
1284 5142 1404 5201 Sabbato
1419 5146 1522 5217 quieuit
1536 5148 1564 5201 in
1578 5150 1762 5221 sepulcro.lta
1772 5160 1855 5209 etuos

157 5238 161 5245 '
219 5256 261 5293 me
285 5234 445 5309 (Pscl.1s.).
462 5232 603 5307 [fluctum]
627 5232 721 5289 Potest
744 5241 837 5289 autem
858 5242 886 5290 et
909 5251 1012 5293 norum
1062 5230 1092 5285 in
1106 5230 1158 5285 bac
1171 5240 1248 5287 sexta
1262 5238 1342 5289 aetate
1355 5248 1405 5304 pro
1420 5232 1535 5291 Domino
1556 5237 1613 5307 pati
1629 5235 1774 5305 debemus,
1787 5249 1814 5296 et
1829 5242 1853 5294 in

218 5330 388 5401 sepulcrum,
410 5326 503 5382 llariae
526 5324 686 5396 virginalem
711 5331 820 5381 uterum
849 5311 1010 5398 designare,
1063 5326 1190 5397 septima,
1204 5340 1265 5398 quae
1283 5334 1518 5393 estmortuorum,
1534 5330 1561 5384 in
1575 5338 1683 5385 secreta
1698 5348 1766 5403 paee
1780 5334 1854 5403 quie·

219 5434 372 5491 sanumque
386 5433 515 5489 maguum
526 5417 599 5473 ostio
612 5416 768 5488 oppositum
783 5417 939 5484 ostendere,
955 5435 1012 5475 non
1062 5430 1150 5483 scere,
1172 5415 1260 5473 donee
1279 5426 1375 5473 octaua
1395 5421 1606 5477 resurrectionis
1629 5422 1735 5479 ueniat.
1761 5423 1790 5479 ln
1804 5423 1854 5483 Ge·

219 5514 324 5587 absque
351 5511 454 5569 assailio
482 5510 664 5581 plurimorum
695 5510 853 5582 sepulcrum
889 5512 1012 5582 potuisse
1062 5512 1121 5568 nesi
1144 5513 1260 5584 septima
1280 5511 1340 5570 dies
1360 5528 1501 5585 uesperam
1521 5515 1653 5572 babuisse
1675 5532 1732 5572 uon
1746 5518 1851 5590 legitur,

218 5606 348 5664 reserari.
364 5601 510 5678 [Aeonem]
525 5598 602 5657 Sicut
615 5602 644 5657 iss
658 5600 751 5657 blariae
764 5608 844 5657 utero
857 5616 938 5659 nemo
948 5613 1012 5661 aute
1061 5604 1126 5677 quia
1139 5605 1168 5661 iu
1183 5605 1231 5661 illo
1240 5607 1341 5663 smcsslo
1355 5607 1464 5680 requies
1477 5607 1632 5665 animarum
1647 5608 1725 5665 nullo
1740 5624 1852 5667 mturare

218 5698 306 5764 illum,
319 5703 472 5768 uemopost
485 5694 779 5768 illumeonceptusest,
792 5696 870 5769 itain
884 5696 938 5753 boe
951 5714 1012 5754 mo·
1061 5698 1244 5770 consumitur,
1260 5682 1307 5759 sed
1329 5700 1429 5775 gaudio
1450 5699 1549 5758 litturae
1572 5704 1788 5759 resurrectionis
1808 5716 1852 5757 su·

218 5800 350 5847 nursseuto
359 5804 441 5846 nemo
451 5794 525 5852 aute,
534 5800 615 5846 nemo
626 5794 688 5858 post
702 5789 826 5859 sepultus
836 5797 888 5847 est.
902 5785 1010 5865 [Brun]
1062 5798 1140 5865 petus
1187 5836 1188 5839 ,
