3967 6334
132 359 191 419 149
598 359 632 418 bt
651 359 751 419 dubit
769 360 816 419 EX
832 360 1001 432 obnubuit
1019 363 1120 422 linuit
1139 367 1300 430 TERTIUS.
1721 385 1775 443 ⁸30

136 479 179 535 ria
194 481 223 532 et
237 489 308 532 areae
321 473 423 532 habent
433 473 535 541 libros,
553 484 582 531 et
601 474 651 532 Dei
663 475 792 531 notitiam
809 490 866 533 non
880 475 931 531 ha·
944 481 970 538 h
981 487 1056 546 runt,
1072 482 1136 552 quia
1151 498 1200 554 per
1214 483 1296 542 breve
1310 486 1480 544 curriculum
1495 491 1627 549 vitasunt
1641 511 1697 566 arro
1713 515 1777 570 pac·

135 573 213 628 hent.
230 567 390 626 istiusmodi
403 574 463 624 erat
485 566 592 624 ssmbria
605 568 697 625 brevis
720 583 755 625 ex
777 567 837 640 lege
859 583 929 640 prae-
980 579 1041 627 cata
1056 573 1184 648 plangere
1205 575 1372 644 debuerant,
1390 595 1440 651 pro
1462 583 1585 653 prioratu
1601 593 1706 645 certare
1720 605 1777 650 uon

134 671 226 734 cepta,
242 677 325 733 quam
340 661 440 717 mulier
453 660 587 732 sanguine
601 659 688 718 duens
702 660 790 733 tetigit
803 662 832 718 in
846 661 930 734 pallio
980 671 1116 722 metuunt.

133 753 245 810 Domini
261 751 371 825 (blattis.
385 751 436 825 aa).
454 751 508 810 Sed
523 767 579 810 non
589 759 633 811 est
644 762 747 826 puncta
757 754 930 825 superstitio-
1225 779 1268 868 Μ
1326 763 1438 871 232L
1497 765 1543 816 lta

132 847 175 905 sis
190 849 315 904 sentibus
329 845 543 914 Pharisaeorum,
554 847 610 903 imo
623 854 730 904 sanata.
741 846 772 903 in
783 848 861 904 stolis
870 862 929 902 arn-
1276 843 1289 869 ’
1341 841 1357 870 ’
1446 846 1459 872 ·

132 941 252 1006 balare,
267 946 310 997 est
324 939 353 994 in
366 938 531 996 cultioribus
547 940 719 997 vestimentis
733 941 766 996 ad
788 939 927 1012 publicum

131 1032 284 1105 procedere
298 1029 373 1103 qnod
396 1029 606 1104 reprehenditur
618 1031 647 1087 in
661 1032 762 1099 divite,
776 1033 822 1105 gui
835 1031 929 1088 indae·

130 1122 215 1180 batur
227 1140 347 1197 purpura
358 1131 384 1179 et
400 1122 476 1196 hyatu
493 1122 574 1197 (hue.
590 1122 667 1197 xri).

1021 899 1066 957 Vae
1077 903 1161 974 nohis,
1174 903 1275 963 Scriba
1286 917 1310 963 et
1321 909 1454 968 Pharisaei
1464 913 1605 986 legisperiti
1619 916 1771 988 itppoeritoe,

977 993 1041 1064 quia
1054 996 1153 1052 tulistis
1164 997 1263 1054 cineam
1277 1002 1405 1068 scientim,
1422 1013 1446 1060 et
1461 1006 1588 1064 clauditis
1602 1026 1711 1082 regnam
1721 1028 1774 1068 cm·

977 1085 1064 1141 iorum
1077 1097 1138 1144 ante
1154 1089 1291 1157 leontinae:
1306 1111 1349 1150 aoa
1364 1107 1453 1152 autem
1467 1115 1519 1154 non
1533 1103 1657 1170 intratis,
1670 1122 1718 1163 nae
1730 1107 1773 1162 t'n·

977 1186 1110 1236 troeuntea
1125 1183 1213 1238 sinitis
1224 1185 1336 1243 intrare.

407 1234 472 1322 M·
515 1237 568 1324 R·
607 1234 661 1321 la·
1016 1269 1145 1349 [Grais]
1162 1275 1285 1348 Regnum
1302 1279 1446 1347 coelorum,
1463 1277 1612 1355 Scriptura
1628 1286 1769 1360 dicuntur,

165 1362 270 1419 Amant
283 1362 353 1419 enim
365 1363 465 1434 primos
479 1361 613 1419 reeahitua
631 1363 660 1418 in
673 1365 772 1430 cenis,
786 1374 813 1420 et
825 1364 927 1436 primas
973 1363 1059 1435 janua
1072 1381 1177 1434 earum,
1192 1369 1358 1431 intellectus.
1373 1374 1507 1448 clavigeri
1522 1388 1586 1435 sunt
1601 1384 1769 1454 sacerdotes,

128 1454 275 1511 cathedras
285 1455 315 1510 in
328 1454 486 1528 Sgnagogia,
496 1464 521 1510 ct
535 1455 710 1511 salutationes
724 1456 752 1510 in
767 1455 836 1525 soro,
847 1464 872 1511 et
882 1471 927 1511 oo·
976 1457 1062 1515 clavis
1075 1469 1117 1516 est
1127 1462 1241 1520 uerbum
1256 1465 1388 1533 scientiae,
1401 1468 1542 1540 adapertio
1553 1480 1594 1528 est
1607 1474 1771 1548 interpreta-

127 1547 191 1602 cari
208 1547 243 1603 ab
256 1546 405 1603 hominihus
419 1546 505 1604 rahhi.
520 1547 552 1604 h.
566 1546 601 1603 m
617 1549 702 1603 omnis
716 1547 828 1618 populna
842 1547 926 1603 tihen-
974 1547 1014 1605 tio
1028 1565 1103 1607 uera.
1117 1550 1177 1607 Non
1190 1552 1278 1621 dixit,
1295 1558 1342 1627 qui
1357 1573 1411 1614 non
1427 1561 1550 1631 aperitis,
1566 1564 1614 1620 sed
1633 1566 1680 1636 qui
1695 1569 1770 1624 clan-

129 1647 172 1695 ter
187 1639 313 1695 audiebat
323 1656 394 1697 eam.
974 1639 1049 1697 ditis.
1060 1640 1132 1714 Ergo
1144 1641 1295 1717 Scriptura
1304 1663 1360 1705 nou
1371 1657 1436 1706 sunt
1447 1652 1558 1718 clausae,
1570 1655 1617 1712 sed
1632 1658 1768 1717 obscurae.

166 1731 248 1799 Quod
265 1733 382 1804 populus
397 1731 479 1788 etiam
493 1731 522 1787 in
535 1730 580 1789 his
600 1731 718 1787 libenter
731 1746 794 1787 eum
819 1731 924 1788 audivit
974 1731 1053 1790 Unde
1068 1732 1166 1793 Petrus
1181 1737 1210 1794 in
1226 1735 1349 1811 Epistola
1365 1757 1431 1801 sua:
1454 1743 1515 1800 Non
1530 1747 1602 1802 sicut
1614 1751 1702 1808 uoluit
1716 1753 1769 1808 ho-

128 1823 219 1882 habes
231 1825 260 1880 in
275 1824 349 1882 Luca
372 1826 401 1881 in
424 1825 559 1896 principio
578 1822 757 1881 ducentesimi
772 1824 924 1896 quadrage·
938 1848 960 1904 B
974 1838 1037 1890 mo,
1053 1825 1162 1885 locutus
1180 1835 1223 1884 est
1237 1831 1368 1901 spiritus,
1393 1833 1441 1890 sed
1456 1836 1528 1892 sicut
1540 1840 1627 1896 uolriit
1643 1845 1767 1914 spiritus,

127 1920 196 1976 simi
219 1921 292 1978 mg
306 1920 430 1992 capitula,
446 1919 556 1978 parcus
570 1937 680 1994 quoque
702 1921 774 1977 idem
794 1922 883 1993 tangit
899 1921 928 1978 tn
979 1913 1088 1973 locutus
1097 1925 1139 1974 est
1150 1919 1231 1975 homo
1242 1920 1286 1992 (tl
1295 1921 1369 1980 Patr.
1384 1922 1504 1997 ributio
1514 1928 1691 1990 obscuritatis
1699 1935 1769 1990 uiril-

126 2011 187 2069 m
205 2013 349 2069 oenoesgmi
362 2013 497 2085 trigesimi
510 2013 634 2086 eapjgup'
652 2012 925 2087 [nagog-Bm]
979 2004 1062 2074 tiplex
1076 2014 1128 2062 est.
1146 2005 1224 2064 Unde
1243 2009 1313 2068 duas
1328 2012 1446 2072 dicimus
1469 2029 1569 2074 causas
1583 2036 1683 2084 unam,
1704 2025 1769 2094 qrria

125 2101 287 2159 Notandum
300 2103 374 2174 quod
395 2119 451 2159 non
469 2104 584 2161 salutari
609 2105 637 2160 tn
656 2104 733 2170 gom,
758 2121 814 2161 „011
838 2104 927 2177 primo
976 2091 1050 2150 Deus
1070 2097 1158 2153 uoluit
1180 2113 1242 2156 esse
1262 2101 1330 2159 alios
1345 2103 1490 2171 doctores,
1506 2108 1575 2165 aiios
1599 2111 1767 2183 discipulos;

125 2195 306 2251 discumbere
319 2203 392 2252 ,em
405 2211 456 2252 003
470 2196 572 2268 quibus
585 2197 638 2253 110„
652 2196 734 2254 officia
743 2197 841 2254 01·ng
850 2211 927 2252 com.
976 2188 1101 2257 alteram,
1117 2206 1152 2246 ne
1168 2199 1390 2252 contemneretur
1405 2196 1557 2272 Scriptura,
1571 2203 1595 2258 si
1610 2204 1712 2262 abillis
1725 2207 1767 2263 in-

125 2288 210 2358 vem,
225 2286 274 2343 sed
287 2303 303 2342 a
318 2287 443 2346 fidelibus
466 2289 528 2345 ppos
550 2289 631 2346 Μ,
650 2306 713 2347 0330
726 2289 863 2346 cavendi),
877 2291 926 2362 ,lug
976 2281 1153 2352 telligeretur,
1176 2285 1312 2356 aquibus
1333 2303 1385 2344 nec
1407 2298 1515 2346 amatur
1529 2307 1580 2350 nee
1600 2296 1765 2355 custoditur.

125 2379 183 2434 hoc
198 2379 319 2436 indebite
332 2388 435 2437 amam,
450 2379 557 2453 puppini
579 2381 688 2438 ‚aggone
710 2396 817 2438 ΠΜ
830 2382 926 2452 gloria,
975 2371 1146 2430 claudebant
1163 2374 1249 2459 iudaei
1263 2377 1531 2449 ianuamianuaim,
1547 2385 1656 2455 quando
1669 2388 1766 2444 decrat·

124 2471 239 2545 cupidis
256 2473 397 2531 accendere
408 2474 549 2551 jubemur,
566 2491 602 2532 ne
614 2475 658 2531 nel
683 2475 859 2532 simulatione
881 2491 925 2531 se.
974 2472 1082 2531 rerunt,
1096 2473 1127 2520 ut
1142 2465 1165 2522 si
1180 2468 1243 2539 quis
1255 2467 1355 2526 Filium
1367 2470 1416 2528 liei
1430 2474 1619 2544 confiteretur,
1632 2478 1705 2537 lleret
1716 2495 1766 2536 et·

69 2555 74 2562 ·
123 2564 273 2630 ducamur,
289 2565 459 2624 mimam
482 2562 545 2623 esse
558 2567 632 2622 bona
653 2582 715 2638 φη
735 2566 857 2631 faciunt,
881 2567 925 2624 ρει
956 2562 1018 2612 -tra
1035 2555 1217 2631 synagogam.
1235 2559 1349 2638 [buum]
1365 2563 1457 2624 clavis
1471 2568 1543 2624 euim
1560 2569 1696 2636 scientim,
1711 2573 1765 2630 hu-

122 2659 305 2717 mugfflone
318 2658 693 2733 {mmmmm-gaudem,
715 2661 744 2716 g„
767 2659 847 2717 bonis
862 2662 923 2717 pau.
972 2646 1075 2704 militas
1089 2648 1192 2706 Christi
1206 2659 1268 2719 est,
1283 2669 1366 2725 quam
1382 2656 1531 2730 legisperiti
1549 2675 1601 2718 nec
1615 2662 1765 2736 intelligere

123 2746 190 2804 dari
205 2765 267 2821 Μ
280 2750 421 2806 simulam·
972 2739 1099 2796 volebant
1119 2741 1147 2796 in
1162 2742 1221 2813 lege
1234 2752 1262 2799 et
1275 2746 1426 2817 prophetia,
1442 2766 1493 2806 nec
1508 2751 1543 2806 ab
1557 2753 1620 2810 aliis
1635 2753 1761 2828 intelligi.

458 2857 522 2946 Μ.
557 2839 604 2951 οξο
971 2829 1077 2888 intrare
1091 2832 1119 2888 iu
1136 2831 1310 2906 Scripturas,
1327 2847 1439 2896 estnon
1456 2856 1518 2898 esse
1539 2851 1697 2900 contentum
1717 2863 1765 2902 su-

387 2985 394 2996 ,
517 2984 522 2996 ,
607 2983 612 2993 ,
816 2987 823 2999 ,
972 2922 1209 2994 persicielitterae,
1233 2929 1282 2984 sed
1301 2931 1438 3001 usquead
1459 2933 1645 3006 intelligentiae
1663 2951 1763 2992 arcana

166 2983 220 3038 ‘⁷⁰⁸
236 2994 325 3040 “mm
338 2984 420 3039 ’ww‘
434 2999 523 3039 ''⁰⁶⁰''
536 2983 624 3040 Ταῦθ’·
642 2980 715 3040 Um
729 2993 769 3040 ‘⁸'
779 3001 850 3042 ‘mm
863 3003 921 3042 Μ·
971 3022 1125 3086 penetrare.
1143 3014 1289 3093 [Hieron]
1304 3019 1354 3077 Vel
1373 3032 1447 3080 certe
1461 3025 1551 3081 omnis
1564 3027 1697 3098 magister
1715 3029 1764 3098 qni

120 3076 211 3179 95⁸¹ss
219 3086 312 3141 wilia
324 3093 413 3182 mil&
424 3086 512 3132 “mm
521 3093 565 3132 ”⁰⁸
580 3075 677 3146 imm
688 3078 761 3183 ³⁸³³⁸j
774 3076 921 3148 mmmm
971 3107 1141 3166 scandalizat
1155 3111 1235 3168 malis
1248 3114 1377 3184 operibus
1390 3115 1541 3188 discipulos
1562 3133 1645 3185 suos,
1661 3121 1764 3176 claudit

120 3167 210 3223 notate
220 3185 313 3223 uocare
326 3168 398 3225 nohas
409 3185 489 3240 anper
502 3177 618 3236 terram,
632 3185 700 3224 unua
714 3180 832 3226 animem
846 3180 955 3248 patere
971 3211 1035 3258 ,me
1048 3215 1096 3258 eos
1111 3215 1225 3274 regnum
1239 3205 1384 3266 emiorum·

120 3259 316 3329 vestm,gniin
329 3259 400 3314 ecelis
414 3269 464 3316 est.
486 3257 543 3314 Nec
559 3259 687 3315 vocemini
701 3261 840 3333 magistri,
854 3264 918 3336 quie
1309 3297 1356 3348 153
1481 3299 1527 3352 ,Π

116 3352 255 3423 magister
266 3360 351 3408 vestm
363 3368 431 3407 anns
448 3353 488 3407 es't
501 3353 634 3410 Gloriatur.
1218 3319 1270 3406 R·
1322 3374 1346 3412 vr
1388 3317 1442 3404 L.

159 3442 314 3518 [Brauon]
332 3442 388 3499 Nec
402 3444 543 3516 magister,
557 3460 609 3500 nec
628 3451 707 3516 pater
720 3451 861 3505 vocandus
874 3455 918 3506 est
1007 3444 1052 3502 ior
1064 3445 1135 3503 uobis
1151 3445 1250 3504 Scriba
1264 3453 1290 3500 et
1304 3443 1437 3501 Pharisai
1449 3445 1603 3518 hypocritae,
1619 3447 1665 3520 grai
1681 3447 1760 3503 deco-

114 3536 207 3599 alius‚
218 3535 274 3591 nisi
283 3534 357 3592 Deus
367 3533 450 3591 Pater
459 3542 487 3591 et
497 3534 629 3591 Dominus
639 3534 736 3593 Filius.
749 3537 840 3605 Pater,
851 3539 917 3611 quia
966 3540 1033 3593 ratis
1048 3537 1139 3594 dolator
1153 3537 1293 3594 uiduarum
1307 3536 1354 3592 rnh
1369 3538 1476 3593 obtentu
1489 3541 1602 3609 proliaco
1620 3541 1760 3604 orationis,

112 3645 152 3683 ex
169 3628 233 3698 ipso
247 3634 313 3684 sunt
327 3627 436 3693 omnia;
452 3626 593 3700 magister,
607 3625 671 3698 quia
685 3642 735 3698 per
746 3628 837 3699 ipsum
851 3637 916 3685 suut
964 3641 1070 3702 propter
1082 3633 1129 3688 boc
1139 3632 1271 3702 accipietis
1280 3630 1407 3701 ntajorem
1421 3629 1626 3688 damnationem.

112 3721 234 3786 omnia,
250 3721 293 3778 rel
307 3721 371 3791 quia
394 3735 444 3791 per
457 3734 567 3776 carnem
581 3718 670 3791 ipsius
681 3719 852 3777 reconciliati
867 3737 916 3778 su·
1002 3719 1107 3797 [Bana]
1131 3720 1338 3778 simulationem
1356 3737 1451 3777 eorum
1474 3723 1674 3794 significatione
1701 3740 1760 3798 pm-

110 3828 184 3868 ruas
206 3811 272 3869 Deo.
288 3810 379 3878 Quare
392 3825 457 3883 crgo
470 3809 618 3882 Apostolus
637 3810 707 3866 dixit
725 3827 755 3868 se
775 3813 915 3872 doctorem
963 3830 1007 3871 uae
1021 3815 1195 3872 condemnat.
1216 3813 1261 3870 Va
1274 3814 1346 3870 cnim
1361 3829 1415 3870 vor
1425 3813 1543 3872 dolentis
1554 3823 1608 3872 est.
1624 3817 1683 3873 Non
1699 3825 1760 3875 tan·

109 3908 261 3979 gentium,
275 3914 303 3962 et
315 3921 402 3978 quare
416 3907 445 3961 in
462 3905 574 3980 AEgypti
592 3906 769 3964 monasteriis
790 3921 821 3965 se
844 3909 915 3965 invi·
965 3914 1023 3962 tum
1039 3907 1095 3972 ait,
1110 3905 1245 3977 accipient
1259 3904 1476 3974 damnationem,
1495 3906 1543 3964 sed
1557 3907 1683 3979 adjunxit
1698 3927 1758 3966 ma-

107 4017 178 4056 eem
193 4006 288 4071 patres
309 3999 429 4055 vocant?
441 3998 512 4066 Quia
526 3999 599 4055 aliud
615 4008 667 4068 cst,
683 4008 854 4059 naturaesse
865 4017 915 4074 pa-
960 3998 1057 4070 jorem,
1074 4009 1104 4055 ut
1118 3997 1238 4055 insinuet
1251 3997 1355 4070 eosqui
1368 4005 1447 4053 orant
1461 4005 1491 4053 ut
1502 3999 1646 4055 rideantur
1661 4001 1696 4056 ab
1708 4001 1759 4056 bo-

106 4101 189 4148 trem
202 4092 245 4148 rel
257 4092 435 4164 magistrum3
451 4091 536 4157 aliud,
552 4091 730 4164 induigentia.
744 4090 813 4148 Nam
828 4095 853 4149 si
864 4094 914 4151 bo-
964 4091 1104 4158 minibus,
1120 4091 1324 4148 damnationem
1344 4091 1459 4160 mereri;
1476 4091 1523 4146 sed
1547 4093 1656 4163 eosqui
1673 4096 1758 4165 proli-

106 4185 221 4268 rqinem
236 4193 341 4256 patrem
354 4199 500 4250 vocamus,
516 4183 650 4240 bonorem
666 4185 739 4240 aetati
752 4184 911 4246 deferimus.
963 4186 1026 4240 xius
1037 4191 1166 4250 orantes,
1182 4185 1324 4240 avaritiam
1341 4199 1418 4240 suurn
1437 4184 1579 4256 religionis
1597 4187 1689 4243 colore
1709 4189 1758 4244 dc·

106 4276 250 4349 Magister
263 4276 365 4332 dicitur
384 4293 418 4332 er
436 4276 577 4332 consortio
595 4276 720 4349 magistri
742 4276 856 4334 Christi.
879 4277 914 4334 Et
963 4277 1089 4349 pingunt,
1102 4292 1158 4332 non
1171 4275 1343 4333 solummodo
1354 4277 1459 4342 laudes,
1473 4276 1521 4332 sed
1532 4277 1614 4332 etiam
1626 4281 1757 4348 pecunias

106 4370 258 4440 quomodo
280 4369 379 4425 unicus
402 4367 475 4425 tilius
489 4384 543 4424 non
564 4366 726 4440 prejudicat
739 4369 862 4437 cacteris,
877 4385 913 4428 ne
961 4371 1120 4444 quaerendo,
1133 4370 1233 4442 majori
1247 4370 1422 4426 damnatione
1439 4369 1606 4441 plectendos.
1622 4369 1674 4438 Qui
1688 4389 1756 4442 aparci-

104 4479 165 4538 per
178 4462 355 4534 adoptionem
369 4459 407 4516 dii
420 4467 553 4516 vocentur
565 4466 593 4518 ct
607 4459 673 4530 lllii;
695 4462 734 4516 ita
747 4476 820 4517 unus
832 4468 912 4533 pater
963 4466 987 4523 si
1002 4464 1109 4537 patroni
1125 4463 1270 4535 injudicio
1294 4462 1394 4529 iuturi,
1415 4470 1447 4518 ut
1461 4463 1487 4518 in
1505 4463 1638 4520 adeundis
1659 4465 1756 4520 ridua-

104 4571 171 4613 non
186 4553 350 4626 prejudicat
364 4553 436 4617 aliis,
448 4568 483 4609 ne
497 4558 590 4625 patres
603 4568 653 4624 per
671 4551 847 4625 adoptionem
859 4571 909 4611 no-
923 4536 946 4591 Ῑ)
960 4573 1023 4614 rum
1047 4555 1174 4612 domibus
1201 4555 1337 4611 retineant
1365 4555 1567 4620 auctoritatem,
1597 4556 1626 4612 llt
1648 4559 1754 4614 cacteris

103 4656 225 4707 centur.
959 4650 1092 4708 adeundae
1106 4650 1203 4708 salutis
1213 4648 1356 4718 inhibitio,
1370 4655 1398 4705 et
1413 4649 1490 4720 regni
1505 4650 1627 4707 coeiestis
1641 4651 1754 4708 obscra-

289 4755 353 4845 Μ.
388 4735 433 4848 2ξὶ
469 4754 523 4842 L·
558 4734 605 4784 lib
635 4738 663 4786 0²
692 4733 739 4785 ²¹⁵
958 4743 1008 4800 tio.
1023 4741 1056 4798 Et
1070 4743 1131 4798 ideo
1147 4740 1409 4814 accipicutampiius
1418 4741 1646 4814 judicium,quia
1658 4752 1685 4799 et
1698 4757 1754 4814 pm-

565 4891 571 4904 ,
633 4891 640 4905 ,
661 4891 667 4902 ,
901 4893 908 4907 ,
958 4849 1022 4890 nam
1038 4833 1141 4906 proprii
1162 4835 1288 4905 peccati,
1305 4843 1332 4890 et
1356 4842 1462 4890 reatum
1483 4835 1578 4890 alienat
1592 4834 1751 4908 ignorantiae

147 4895 205 4965 Qui
221 4894 311 4966 major
324 4904 363 4949 eat
380 4901 512 4956 mtrem,
532 4900 583 4948 ent
603 4899 724 4948 minister
744 4891 908 4960 metanoea
957 4926 1105 4984 debebunt.

100 5000 203 5047 autem
218 5004 247 5044 se
262 4987 440 5052 exaltaberit,
461 4984 663 5049 humiliabitnr5
681 4993 707 5039 et
722 4987 768 5056 gai
780 5002 808 5042 ae
820 4984 908 5041 iend-
1384 5015 1430 5068 ,ὦ

100 5079 419 5148 tiaaertc,eaataattiar.
1284 5035 1348 5123 M·
1400 5093 1417 5130 χ

146 5171 273 5248 {Bran}
288 5172 342 5241 Qui
357 5171 446 5244 major
458 5177 502 5229 est
522 5172 581 5228 sire
601 5169 725 5234 meritis,
746 5171 804 5226 sive
817 5166 907 5224 obicio
997 5161 1043 5218 Voe
1058 5160 1132 5217 tobit
1147 5159 1248 5216 Strt'boe
1266 5168 1292 5216 ei
1305 5158 1439 5217 Phalltoet'
1450 5159 1604 5233 indomite,
1619 5161 1681 5231 ultio
1694 5175 1749 5214 ctr-

100 5266 292 5342 praelationis,
304 5266 373 5322 alios
384 5265 533 5336 praeveniat
545 5262 730 5334 obsequendo.
746 5259 906 5332 Undehpo-
955 5255 1035 5310 canitia
1050 5270 1123 5308 mare
1137 5263 1162 5308 et
1178 5253 1294 5318 aridam,
1310 5263 1340 5309 at
1360 5253 1468 5324 faciatis
1479 5268 1561 5306 anum
1575 5253 1748 5324 proselytam,-

99 5361 224 5418 stolus:
243 5355 353 5413 Honore
375 5357 485 5412 inuicem
508 5355 694 5425 pravenientes
718 5351 812 5428 (Rom.
835 5351 903 5426 nrt).
953 5356 1049 5403 etcum
1062 5347 1143 5417 [uerit
1156 5348 1254 5417 sactus,
1264 5347 1354 5416 facitis
1368 5360 1427 5400 eum
1439 5343 1749 5416 fiiinmgehennaduplo

953 5455 1034 5513 mam
1045 5453 1099 5496 noa.

269 5489 305 5575 L
361 5467 406 5519 lsi
438 5484 482 5575 M
539 5465 586 5516 w
619 5485 653 5574 R
712 5465 758 5516 155
1211 5530 1217 5544 ι
1401 5528 1407 5542 ¹
1451 5528 1456 5541 ¹

312 5551 326 5576 ·
376 5543 393 5578 n
490 5548 503 5572 ο
662 5545 675 5572 ·
710 5533 723 5570 Ι
990 5530 1138 5607 [Hannon]
1159 5529 1302 5587 Serrhaeet
1327 5527 1459 5584 Pharisaei
1480 5530 1629 5586 lustrantes
1654 5528 1747 5586 orbem

144 5634 196 5693 Voe
205 5633 290 5700 achia,
303 5631 517 5704 Plrariaai,quiu
527 5630 639 5702 diligitis
649 5631 751 5701 primas
763 5627 903 5685 cathedras
953 5641 1038 5683 causa
1053 5624 1139 5691 lucri,
1156 5621 1304 5680 studebant
1313 5621 1348 5678 de
1361 5621 1490 5694 gentibus
1509 5620 1601 5678 iacere
1623 5621 1747 5694 prosely-

95 5729 132 5785 ἐκ
145 5729 301 5800 synagogis
314 5735 340 5780 et
353 5723 527 5786 salutationes
541 5725 571 5778 ia
585 5721 654 5792 foro.
855 5780 859 5789 ,
952 5729 1007 5784 tos,
1023 5719 1050 5774 id
1063 5725 1107 5776 est
1134 5717 1294 5774 adrenaset
1307 5715 1488 5772 circumcisos
1510 5715 1627 5771 miscere
1641 5727 1744 5786 popuio

139 5819 190 5878 iae
203 5821 316 5876 miseris
335 5817 370 5874 ad
390 5831 458 5890 quos
477 5815 680 5874 Pharisaeorum
693 5813 761 5870 uitia
783 5814 902 5871 tmnaio-
951 5807 1012 5869 hei.
1028 5809 1082 5867 Sed
1097 5809 1144 5882 qui
1159 5815 1223 5864 mite
1238 5807 1302 5864 dum
1316 5816 1389 5866 esset
1404 5807 1540 5872 etlmicus,
1554 5804 1638 5862 semel
1648 5819 1749 5863 errans
