3967 6334
223 262 280 332 ἰιι
617 244 621 250 ’
687 269 874 330 znontnrn
892 273 1194 332 convsomurmr
1208 277 1364 336 miserm
1795 287 1854 345 ιω

229 408 299 450 rana
312 407 375 449 eum
391 390 475 460 illico,
498 391 560 448 ideo
570 390 643 463 quod
654 392 758 448 amiens
773 392 834 464 ejus
848 393 901 458 sit,
916 409 1016 449 seeun-
1027 401 1053 455 a
1066 402 1179 467 propter
1198 396 1349 466 appetitura
1370 404 1427 451 tarn
1446 399 1653 466 necessarium,
1671 406 1702 454 ut
1722 399 1782 457 sine
1801 401 1855 457 ilia

229 483 295 540 durn
316 485 368 540 hoc
390 483 463 542 auod
485 495 609 540 creatura
623 484 683 554 ejus
697 493 739 542 est
751 505 758 552 ;
773 501 828 541 non
843 493 934 542 tamen
948 503 1014 559 pro·
1065 490 1164 538 caetera
1176 484 1246 539 ninii
1259 485 1330 550 sint,
1347 486 1419 541 sicut
1437 487 1497 543 sine
1509 503 1580 558 pane
1594 490 1675 561 inops
1686 497 1729 546 est
1743 507 1852 548 mensa.

230 585 323 650 pterea
337 578 528 649 intelligendus
542 585 584 633 est
598 593 697 650 negare
711 579 944 643 misericordiam,
966 579 1015 636 sed
1065 572 1116 629 eui
1130 576 1267 630 coritraria
1282 584 1326 632 est
1339 577 1432 633 cordis
1446 578 1565 646 duritia,
1579 595 1662 650 quam
1678 581 1761 653 lapidi
1774 598 1856 638 corn-

230 669 339 727 dillerre
359 670 393 726 nd
408 671 553 742 gratiorem
570 671 770 742 receptionem,
785 679 811 726 et
825 671 860 725 ad
875 671 1015 728 iitculcttn·
1065 667 1180 737 paravit.
1195 664 1283 722 Piscis
1294 674 1336 724 est
1347 667 1414 724 lides
1430 669 1617 726 invisibilium.
1633 669 1710 727 Sicut
1721 675 1794 728 euim
1808 674 1855 745 pi·

213 761 292 836 ¹(ianr
308 765 477 835 pontionem.
495 762 572 819 Unde
585 773 612 820 er
626 765 769 836 sequitur:
785 763 897 835 Propter
917 765 1015 835 impro-
1065 758 1121 814 scis
1136 757 1188 812 sub
1201 765 1359 829 tegumento
1373 775 1506 832 aquarum
1519 763 1654 828 nascitur,
1668 765 1737 819 vivit
1756 772 1785 820 et
1799 764 1855 819 aii-

230 857 337 910 timnn
362 865 448 911 tanen
473 855 546 926 eins,
568 856 620 912 hoe
644 863 702 922 est,
724 865 837 928 propter
855 857 1014 913 instantiam
1064 858 1128 917 tur3
1150 851 1187 905 ua
1208 849 1291 917 ides,
1313 868 1374 923 qua
1393 853 1422 908 in
1443 853 1527 909 uenn
1547 862 1608 920 est,
1629 856 1804 913 invisibiliter
1822 858 1855 914 in

229 948 369 1020 petitionis
388 948 448 1020 ejus
467 948 606 1018 adjuvabit
626 965 707 1014 eum,
730 955 758 1005 et
777 948 854 1004 dabit
868 949 905 1004 ilii
920 963 1015 1006 neccs-
1064 943 1147 1000 corde
1160 944 1291 1016 gignitur,
1307 944 1438 1000 invisibili
1453 947 1540 1016 gratia
1559 931 1673 1018 spiritus
1685 964 1734 1020 per
1749 965 1855 1020 aquam

228 1039 312 1098 mnia,
329 1039 393 1096 vuit
407 1041 480 1097 Deus
495 1039 609 1098 fideliter
623 1042 679 1114 peti
691 1056 707 1096 a
719 1058 768 1109 ee,
784 1041 858 1113 quod
878 1042 1014 1113 disposuit
1063 1034 1192 1105 baptismi
1206 1043 1395 1099 consecratur,
1411 1036 1540 1093 invisibili
1556 1038 1658 1094 auxilio
1677 1039 1776 1096 divinae
1788 1057 1856 1112 pro-

228 1134 384 1208 ponentibus
399 1149 522 1206 erogare,
1064 1127 1194 1184 lectionis
1207 1143 1242 1184 ne
1256 1128 1366 1185 deliniat
1379 1130 1511 1193 nutritur,
1527 1131 1658 1187 invisibili
1676 1136 1856 1205 praemiorum

474 1244 517 1332 M
572 1226 668 1330 ιιι
724 1224 770 1275 tit
1064 1217 1165 1272 intuitu
1187 1220 1408 1290 operaturbene.
1435 1219 1548 1294 [Brun]
1575 1222 1653 1288 Qum
1675 1225 1757 1279 etiam
1783 1225 1856 1280 sides

525 1307 537 1332 ι
581 1303 594 1340 o
676 1305 689 1333 e

430 1374 436 1385 ι
489 1373 494 1384 ι
856 1371 861 1382 Ι
975 1371 981 1382 ι
1064 1307 1147 1378 hujus
1160 1310 1255 1364 mundi
1268 1309 1397 1366 fluctibus
1411 1312 1617 1367 circumlatrata
1631 1329 1686 1369 non
1702 1315 1854 1387 inungitur,

265 1370 301 1426 m
316 1389 362 1444 ego
378 1372 450 1428 noire
467 1371 542 1426 duo:
559 1371 593 1426 it.
609 1371 640 1427 t.
656 1370 741 1426 Petite
755 1380 780 1426 et
796 1370 905 1425 dabitur
923 1370 1013 1439 oobu,
1064 1408 1139 1454 recte
1152 1400 1222 1471 pisci
1235 1409 1418 1472 comparatur·
1435 1403 1486 1459 Cui
1501 1407 1678 1477 mmmmm:
1688 1408 1779 1478 posuit
1793 1423 1857 1464 ser,

198 1509 202 1520 .
227 1466 354 1538 querite,
368 1473 393 1520 et
407 1464 558 1528 inuenietis,
573 1463 694 1535 pulsate,
710 1473 736 1518 et
750 1465 881 1532 operietur
895 1462 976 1520 nolio.
1064 1499 1187 1562 pentem,
1200 1501 1311 1564 propter
1322 1509 1423 1560 venem
1437 1494 1617 1559 infidelitalis,
1628 1513 1688 1569 Μ
1698 1500 1781 1553 eum
1795 1499 1857 1570 pri·

265 1555 409 1630 imm]
430 1557 521 1662 Quasi,
534 1557 634 1628 aliquis
651 1556 773 1613 ‘nemu
796 1555 867 1662 Quid
888 1563 1014 1662 simum
1064 1585 1226 1641 moliamini
1241 1587 1466 1642 malesuadendo
1482 1589 1683 1658 praeseminavit
1699 1588 1776 1661 (Gen.
1796 1593 1854 1664 ιιι).

226 1656 303 1706 vetas
318 1667 372 1705 non
387 1649 446 1712 dan
461 1650 593 1713 canibus,
609 1665 670 1705 cum
686 1650 776 1705 adbuc
790 1649 858 1704 tiiitii
872 1650 1011 1705 seramus!
1066 1675 1134 1748 Spes
1151 1693 1203 1733 ovo
1223 1685 1418 1751 comparatum
1441 1679 1562 1734 nondum
1582 1680 1654 1735 enim
1671 1684 1797 1751 permit
1819 1684 1856 1738 ad

227 1737 291 1798 ¹⁶⁸⁰
307 1742 433 1798 ¹¹⁰f¹³i¹ff
446 1748 539 1813 lmese
555 1742 703 1814 spiritali&
721 1741 768 1812 qui
788 1741 909 1796 ‘amm
931 1755 1013 1812 sulm
1028 1747 1051 1808 B
1064 1785 1139 1836 rem,
1154 1772 1225 1826 sicut
1238 1787 1318 1827 ovum
1332 1772 1452 1827 noudum
1474 1779 1517 1827 est
1536 1773 1642 1844 pullus,
1664 1774 1711 1831 sed
1731 1774 1856 1832 lovendo

226 1842 350 1939 vetuerat
364 1836 508 1906 postulari.
523 1834 622 1891 Potitio
637 1833 754 1938 pertinet
766 1833 802 1888 ad
815 1832 1014 1936 impetrandam
1040 1932 1042 1937 Ι
1065 1869 1200 1933 speratur·
1216 1863 1266 1919 Cui
1282 1865 1451 1919 contrarium
1465 1865 1555 1936 posuit
1570 1867 1755 1936 scorpionem.
1771 1869 1856 1937 cujus

227 1935 373 1984 ”munem
387 1927 597 1998 firmumque
618 1942 719 1989 ³¹¹¹m¹2
735 1933 765 1982 ¹¹²
783 1939 816 1981 ‘³³
837 1940 898 1997 Μ
917 1940 1014 1996 l'faeffl'
1065 1954 1177 2011 aculeus
1191 1962 1344 2012 venenatus
1365 1965 1439 2012 retro
1459 1956 1599 2013 timendus
1618 1964 1676 2022 est,
1697 1960 1770 2014 sicut
1793 1960 1856 2031 spei

227 2021 350 2090 piantur,
367 2020 479 2091 implere
493 2020 640 2092 possimus.
653 2016 808 2089 Inquisitio,
824 2016 858 2072 ad
872 2016 1014 2072 invenien·
1064 2048 1232 2102 contrarium
1251 2056 1294 2104 est
1314 2055 1388 2104 retro
1408 2047 1548 2119 aspicem,
1569 2063 1632 2104 cum
1654 2065 1717 2121 spes
1731 2053 1761 2106 in
1775 2061 1856 2108 me·

226 2112 289 2167 dam
304 2113 464 2176 veritatem,
480 2111 599 2182 pulsatio
627 2109 660 2165 ad
675 2110 888 2181 possessionem.
902 2107 943 2164 id
956 2107 1014 2164 haec
1064 2137 1138 2192 riom
1152 2138 1226 2193 bona
1239 2138 1412 2195 extendatur·

225 2203 279 2256 tria
300 2201 500 2258 manifestanda
520 2217 657 2273 ponamus
672 2201 790 2272 aliquem
805 2200 922 2258 intirmis
936 2199 1015 2272 pcdi-

224 2293 278 2352 bus
292 2297 431 2352 ambulare
444 2311 499 2352 non
514 2311 605 2366 posse.
620 2294 701 2350 Prius
719 2311 784 2366 ergo
798 2293 938 2350 sanandus
953 2302 1012 2363 est,
1325 2268 1388 2356 Μ.
1424 2250 1457 2362 δέ
1490 2270 1542 2357 L,
1579 2250 1610 2302 Μ

225 2391 254 2440 ⁰⁸
277 2385 311 2440 ad
332 2385 384 2440 ¹¹⁰⁰
405 2385 523 2456 pertinet
542 2397 643 2454 imre·
668 2382 721 2440 sed
740 2382 806 2449 ΨΜ
826 2383 938 2455 imm
955 2383 1015 2454 iam
1101 2415 1197 2472 Omnia
1210 2433 1271 2490 erqo
1286 2433 1444 2490 marcorque
1456 2418 1535 2474 astitit
1548 2427 1577 2472 ut
1597 2419 1698 2490 sociant
1717 2419 1789 2473 solis
1805 2426 1856 2473 no·

225 2476 476 2548 poenantium,
489 2476 513 2531 si
527 2476 598 2531 llam
612 2476 720 2530 miili?
733 2474 791 2531 N⁰¹¹
806 2475 945 2546 perveniet
958 2491 1014 2546 ‘1¹¹⁰
1065 2508 1162 2574 mineo,
1180 2519 1206 2564 et
1227 2526 1271 2564 ooo
1291 2510 1371 2579 {acite
1385 2509 1435 2566 eir.
1453 2509 1518 2565 tine
1537 2520 1577 2566 ert
1595 2512 1665 2566 enim
1684 2511 1727 2566 lex
1747 2520 1774 2565 et
1790 2527 1856 2580 pre·

225 2565 295 2623 vult.
312 2565 352 2621 td
367 2565 419 2620 hoc
433 2566 551 2637 pertinet
569 2581 700 2637 querere.
721 2565 750 2621 si
770 2579 835 2621 vero
857 2566 947 2620 locum
967 2566 1014 2621 ubi
1064 2602 1158 2671 phem·

224 2657 285 2715 vult
298 2657 436 2723 habitare,
459 2659 581 2714 clausum
597 2657 745 2724 invenerit,
769 2673 823 2714 non
846 2657 966 2730 proderit
988 2659 1016 2716 ei
1099 2691 1228 2748 firmitas
1239 2694 1268 2748 in
1281 2692 1362 2750 bonis
1372 2695 1497 2750 moribus
1510 2695 1660 2749 consumta
1673 2702 1735 2750 est:

227 2750 382 2807 ambulasse
395 2765 427 2805 ae
440 2751 608 2821 pervenisse,
618 2749 673 2807 nisi
683 2750 737 2808 sibi
747 2751 896 2822 aperiatur.
908 2749 950 2805 id
962 2750 1015 2806 hoe

226 2842 345 2913 pertinet
358 2843 479 2914 pulsare.

264 2931 356 2988 Omnis
375 2934 444 2987 enim
460 2933 506 3002 qui
521 2935 602 3002 petit,
625 2934 739 3005 accipit,
751 2934 834 3006 etqui
846 2934 958 3004 qttoerit,
972 2934 1016 2987 in·

226 3025 316 3090 uenit,
331 3033 357 3079 et
381 3024 500 3095 palranti
517 3025 658 3093 aperietur.

265 3113 371 3190 [ileon]
391 3115 472 3171 tnxra
486 3117 643 3189 parabolam
658 3117 823 3188 postulantis
838 3116 936 3181 amici,
951 3129 1014 3187 per·

228 3207 379 3264 severantia
399 3223 468 3278 opus
488 3215 547 3273 est,
576 3217 605 3263 ut
629 3209 797 3280 accipiamus
817 3208 891 3279 quod
912 3209 940 3263 in
961 3209 1015 3265 lide

227 3298 330 3355 orando
354 3300 489 3370 petimus,
515 3301 687 3358 inveniamus
711 3301 784 3372 quod
807 3317 855 3372 spe
876 3309 951 3357 recte
973 3303 1014 3357 vi-

227 3389 315 3446 vendo
341 3393 507 3462 querimus,
526 3393 665 3464 aperiatur
687 3392 713 3447 id
735 3393 768 3448 ad
786 3393 859 3464 quod
880 3395 1015 3449 charitate

226 3483 378 3552 pulsamus.
394 3483 444 3540 Cui
460 3491 551 3540 autem
570 3499 625 3542 non
639 3485 730 3550 datur,
746 3493 857 3558 apparet
871 3487 944 3558 quod
957 3501 1013 3544 non
1314 3467 1378 3554 Μ.
1414 3449 1445 3560 5νό
1478 3467 1532 3554 L,
1570 3447 1600 3498 ¹⁷

226 3571 296 3631 berre
306 3575 382 3646 petit.

1749 2693 1784 2749 de
1798 2709 1855 2764 qna

1065 2785 1104 2838 ita
1117 2785 1257 2841 concludit
1272 2805 1278 2840 :
1295 2783 1323 2841 Si
1336 2787 1420 2842 vultis
1433 2787 1512 2842 vobis
1526 2785 1586 2841 dari
1606 2787 1706 2857 petita,
1728 2795 1755 2841 et
1776 2787 1856 2842 inve·

1064 2877 1124 2934 nire
1134 2879 1262 2949 quaesita,
1273 2885 1301 2934 et
1315 2880 1415 2950 aperiri
1429 2879 1508 2936 vohis
1521 2899 1527 2934 :
1542 2895 1608 2951 ergo
1622 2878 1702 2934 tacite
1715 2879 1777 2934 aliis
1791 2893 1856 2949 quae

1065 2971 1142 3027 volis
1162 2969 1221 3026 lieri
1242 2971 1324 3027 vultis
1344 2972 1379 3027 ab
1398 2971 1464 3028 iilis:
1480 2970 1544 3026 lior
1557 2981 1597 3027 ert
1610 2971 1679 3026 enim
1694 2971 1754 3035 ter,
1769 2969 1797 3024 id
1811 2979 1855 3026 est

1027 3062 1185 3151 cimpletio
1208 3062 1276 3133 legis
1299 3064 1449 3130 naturalis,
1474 3063 1600 3119 itosaicae
1628 3071 1655 3119 et
1687 3065 1856 3135 propheticae
1952 3044 1953 3115 Ῠ

1064 3153 1284 3224 predicationis.
1317 3153 1456 3211 Sententia
1490 3163 1557 3211 est:
1588 3155 1674 3227 Dilige
1700 3158 1855 3225 proximem

1065 3255 1138 3299 tuum
1152 3247 1219 3301 sicut
1235 3257 1259 3301 te
1271 3249 1357 3317 iprum
1372 3247 1465 3320 (Leoit.
1481 3247 1554 3320 xix),
1574 3247 1649 3320 quod
1662 3263 1695 3304 ex
1717 3247 1768 3304 liei
1781 3247 1854 3304 diie-

1065 3337 1157 3393 ctione
1171 3337 1325 3394 laciendum
1340 3345 1392 3394 est.

1099 3612 1202 3669 Intrate
1216 3629 1262 3684 per
1275 3624 1415 3685 angustam
1428 3625 1548 3685 portam,
1563 3613 1628 3684 quio
1642 3612 1699 3666 lota
1716 3621 1812 3681 porta,
1827 3624 1855 3668 et

591 3663 632 3751 Μ
640 3726 653 3750 ⁰
1062 3707 1182 3776 spatioso
1197 3707 1239 3760 oio
1251 3716 1291 3760 est
1305 3723 1362 3777 quoe
1380 3706 1453 3761 ducit
1474 3705 1508 3760 ad
1522 3703 1709 3776 perditionem,
1730 3713 1756 3759 et
1773 3705 1855 3758 malti
1950 3764 1951 3781 ἶ

264 3788 318 3844 dut
333 3791 392 3861 quio
408 3799 447 3846 ert
465 3805 497 3846 en
511 3791 583 3846 nolio
600 3789 675 3844 bomo
689 3807 765 3863 quem
787 3792 811 3846 si
825 3791 925 3862 petierit
940 3793 1013 3863 filius
1063 3806 1125 3853 runt
1145 3799 1189 3869 qui
1210 3799 1312 3852 intrant
1329 3813 1375 3866 per
1393 3815 1462 3854 eam.
1483 3798 1571 3864 Quom
1591 3805 1705 3867 anquene
1724 3805 1805 3864 porto
1826 3807 1855 3850 et
1950 3786 1951 3803 ¹

230 3897 296 3937 anuo
317 3899 427 3952 punem,
448 3882 565 3955 nunquid
581 3883 692 3952 lapidem
705 3886 844 3954 porriget?
862 3885 915 3939 dut
930 3887 954 3941 ri
971 3886 1014 3955 pi·
1064 3896 1139 3941 oreta
1159 3888 1201 3941 uio
1221 3903 1279 3959 qun
1298 3887 1371 3941 ducit
1391 3887 1426 3942 od
1447 3887 1543 3955 ritem,
1566 3895 1591 3943 et
1612 3886 1691 3956 ponci
1712 3895 1776 3940 runt
1802 3889 1854 3956 qui

228 3989 299 4030 ocem
312 3977 391 4044 petit,
407 3974 525 4048 nunquid
540 3985 682 4046 serpentem
696 3979 809 4048 porriget
821 3978 866 4033 eil
1062 3979 1196 4036 inueniunt
1217 3995 1286 4033 eom.

201 4113 209 4130 ,
265 4066 297 4124 t.
314 4069 367 4122 dot
380 4069 404 4122 ri
416 4083 492 4123 orum
505 4069 623 4137 petierit,
640 4067 758 4139 nunquid
771 4070 886 4139 porriget
898 4069 923 4123 ei
936 4085 1012 4123 ocor·
1101 4069 1240 4144 [tirenum]
1251 4068 1383 4140 Superius
1403 4067 1505 4124 dictum
1528 4074 1593 4147 est:
1610 4068 1728 4135 Oaaerite
1741 4083 1854 4138 regnum

228 4162 341 4233 pionem.
1063 4161 1113 4220 Dei
1131 4160 1244 4236 (ilattlt.
1261 4163 1299 4236 ιι)
1320 4181 1326 4217 :
1343 4162 1377 4220 ad
1391 4161 1465 4232 quod
1479 4162 1503 4216 si
1519 4162 1622 4216 intrare
1635 4161 1736 4222 vultis,
1753 4162 1856 4215 intrate
1949 4162 1950 4181 ²

264 4253 376 4310 Petendi
391 4250 718 4323 conitentinnprebet,
733 4258 761 4308 et
781 4251 847 4323 quid
866 4251 1013 4324 petendum
1062 4269 1108 4325 per
1123 4265 1263 4326 angustam
1275 4264 1389 4324 portam.
1405 4252 1474 4308 Lata
1491 4253 1534 4307 oia
1547 4261 1603 4319 ert,
1620 4253 1713 4309 menti
1725 4253 1857 4323 volupta-

230 4345 266 4402 sit
278 4346 422 4416 explanat,
445 4345 627 4401 arninoribus
646 4359 818 4414 consurgens
837 4344 870 4399 ad
889 4345 1011 4415 majora,
1064 4354 1124 4402 tes:
1140 4357 1269 4417 angusta,
1286 4346 1393 4401 iabores
1408 4345 1497 4400 sancti
1511 4353 1540 4401 et
1550 4345 1665 4416 jejunia.
1682 4343 1759 4400 ituiu
1776 4346 1855 4400 inve-

230 4438 301 4494 sicut
317 4437 442 4508 superius
456 4435 490 4492 de
509 4435 663 4492 volatilibus
678 4436 739 4491 coeli
754 4442 782 4491 et
796 4435 870 4492 liliis.
1025 4437 1143 4496 liniunt
1154 4445 1297 4508 angustam
1311 4436 1399 4501 viam,
1421 4436 1469 4492 sed
1489 4453 1545 4492 non
1565 4437 1767 4509 ingrediuntur,
1787 4438 1855 4508 quia

266 4528 297 4585 Si
310 4545 370 4600 erqo
386 4545 428 4584 ror
443 4545 502 4582 cum
519 4529 578 4583 ritir
594 4529 659 4583 nali
668 4568 676 4592 ,
692 4529 774 4584 nortio
791 4527 858 4583 lona
872 4528 938 4583 doto
949 4528 1014 4584 dore
1064 4526 1136 4596 capti
1150 4527 1242 4587 sarculi
1263 4526 1464 4597 voluptatibus,
1485 4525 1520 4582 de
1540 4527 1638 4584 itinere
1659 4527 1786 4584 veritat's
1807 4543 1855 4584 re-

230 4622 296 4694 filiio
314 4623 423 4690 restris,
441 4621 636 4692 quantomagis
655 4619 733 4674 Pater
746 4629 829 4676 tester
842 4621 886 4692 qui
901 4621 928 4675 in
942 4621 1013 4676 celio
1063 4625 1217 4673 vertuntur.
1240 4617 1305 4671 Lata
1325 4619 1368 4673 via
1386 4634 1442 4673 non
1461 4620 1601 4691 quaeritur,
1622 4620 1686 4690 qnia
1706 4627 1804 4689 sponte
1821 4635 1857 4676 se

229 4724 286 4778 eat,
302 4711 376 4766 dolii
391 4710 458 4766 lona
472 4711 615 4780 petentibus
630 4713 681 4767 rel
1064 4709 1152 4766 otiert.
1169 4709 1293 4780 Spoliare
1306 4711 1366 4779 oio,
1381 4718 1441 4776 est,
1462 4712 1605 4768 subaudis.
1627 4711 1716 4777 Quom
1737 4719 1853 4780 anguem

268 4803 412 4877 [auerso]
426 4803 511 4861 iialos
521 4813 616 4870 vocat,
628 4805 720 4862 meoli
732 4811 884 4861 amatores:
897 4821 1014 4877 quorum
1063 4813 1119 4867 ιιι,
1134 4802 1162 4857 id
1176 4810 1236 4868 est,
1251 4801 1331 4858 vaide
1342 4809 1458 4874 angusta
1469 4811 1522 4858 est.
1534 4801 1584 4856 Via
1598 4807 1674 4855 arcta
1687 4807 1731 4856 est
1745 4801 1792 4856 illo
1804 4802 1854 4872 qui
1947 4874 1948 4887 ἢ

230 4897 469 4956 douasecundum
484 4913 595 4954 sensum
610 4897 833 4954 eorurndieenda
848 4899 1012 4962 suntbona,
1065 4895 1133 4951 (linit
1148 4915 1154 4950 :
1172 4893 1374 4965 Egorumuia,
1389 4895 1593 4950 oeritaoetot'to
1612 4891 1855 4965 (loon.xtvl.Ar·
1947 4898 1948 4915 ¹

229 4993 273 5048 rel
287 4992 358 5047 bona
374 4996 438 5047 sunt
450 4992 610 5046 naturaliter
623 4992 713 5048 omnio
727 5007 787 5062 quae
801 4990 872 5046 ileus
893 4990 965 5046 lecit.
984 4990 1014 5045 Si
1064 4997 1109 5043 cta
1133 4996 1176 5044 est
1198 4988 1272 5053 illis,
1293 4988 1393 5058 quibes
1413 4993 1546 5057 precepta
1565 4986 1626 5055 ejus
1644 4985 1773 5040 ridentur
1790 5001 1854 5041 esse

229 5099 296 5157 ergo
311 5099 362 5140 nos
376 5099 439 5140 curn
454 5083 541 5139 sitnus
555 5084 634 5150 mali,
652 5083 717 5139 dare
736 5084 862 5138 norimus
877 5081 949 5153 quod
965 5099 1013 5152 pe«
1065 5079 1266 5153 importabilia,
1278 5087 1370 5136 maten
1380 5078 1637 5149 amantibusJ'ugnm
1649 5075 1757 5132 Domini
1769 5092 1855 5133 suavo

229 5181 334 5248 timur;
356 5185 460 5250 quanto
480 5177 567 5248 magis
590 5176 683 5233 Deus?
703 5175 842 5250 [Horou]
868 5175 1015 5245 Apostolos
1065 5181 1116 5229 est.
1144 5171 1221 5228 liano
1243 5175 1313 5228 viani
1339 5171 1420 5242 pauci
1447 5173 1589 5227 inveniunt
1616 5170 1650 5225 ad
1676 5171 1852 5226 commodum
1946 5230 1947 5235 η

231 5272 318 5328 malos
332 5271 416 5336 dixit,
431 5270 474 5328 vel
489 5270 637 5325 humanum
652 5284 738 5341 genus
754 5269 805 5325 sub
818 5283 933 5339 persona
948 5283 1015 5339 apo·
1065 5283 1160 5331 suum,
1172 5267 1236 5338 quia
1251 5266 1331 5338 pauci
1342 5272 1406 5320 sunt
1422 5265 1468 5336 qui
1483 5265 1633 5320 salvantur.
1649 5261 1730 5319 Unde
1741 5260 1850 5318 Lucas:
1946 5256 1947 5273 ¹

232 5363 389 5428 stolorum,
414 5363 448 5418 ad
473 5363 704 5433 comparationem
728 5361 825 5416 divinae
846 5360 1012 5416 Clementia.
1065 5358 1220 5415 contendite
1234 5359 1394 5428 intrateper
1408 5366 1665 5429 unguotamportom
1679 5354 1756 5428 (Lare.
1773 5355 1847 5427 rut).

233 5451 339 5527 [Brun]
353 5452 432 5520 Quod
444 5452 533 5510 Lucas
547 5454 603 5520 ait,
617 5453 691 5508 dolii
703 5453 825 5522 spiritum
838 5450 950 5516 ionum,
965 5466 1015 5522 pro
1066 5450 1148 5507 Porta
1167 5457 1257 5523 potest
1275 5449 1390 5522 intelligi
1409 5449 1453 5506 vel
1470 5448 1518 5504 ille
1537 5448 1609 5504 idem
1622 5448 1670 5519 qui
1686 5447 1751 5502 alibi
1765 5447 1848 5502 dicit:

232 5561 286 5616 quo
302 5545 443 5603 lieltherus
463 5545 569 5617 pontit,
590 5545 664 5600 datii
684 5545 767 5608 lena,
788 5545 908 5600 ostendit
927 5541 1015 5614 Spiri-
1066 5542 1123 5614 Ego
1143 5559 1202 5597 rum
1221 5541 1318 5597 ortium
1340 5539 1437 5613 (loon.
1453 5545 1511 5612 x);
1533 5538 1641 5612 [Boon]
1661 5537 1711 5595 Vei
1729 5537 1850 5594 Ecclesia
1945 5612 1946 5623 ἵ

231 5643 291 5692 tum
308 5645 435 5694 sanctum
449 5637 654 5695 distributorem
668 5652 730 5694 esse
744 5637 866 5692 omnium
879 5635 1015 5692 bonorum
1063 5635 1219 5706 istotorum,
1235 5648 1381 5705 perquam
1400 5634 1519 5688 intratur
1539 5632 1568 5686 in
1585 5631 1756 5703 paradisum.
1780 5629 1850 5687 uene
1945 5636 1946 5647 ¹

233 5729 425 5803 spiritualium.
459 5729 574 5804 llpstice
600 5731 678 5803 panis
707 5731 865 5804 intelligitur
892 5731 1015 5789 charitas
1065 5729 1134 5786 dixit
1156 5727 1316 5794 contendum
1332 5727 1411 5798 quia,
1426 5725 1480 5784 nisi
1494 5723 1848 5798 mentisintentiolerreat,
