3967 6334
94 371 152 429 iDD

563 377 599 434 tlt
617 377 717 438 uultu
736 380 782 438 EX
800 379 973 450 Qultuott
991 383 1093 442 eloth
1112 386 1274 450 renites,

1686 406 1741 462 ltu

94 491 171 548 sicut
186 492 294 549 dictum
306 500 350 551 εει
365 513 372 549 :
388 492 491 550 Peneus
501 503 630 575 'nostrsm
646 497 850 569 quotidianum
863 507 891 557 et
906 505 929 564 Α
942 509 1063 570 catores,
1076 503 1210 574 infideles,
1225 514 1335 566 terrena
1345 489 1496 584 sapientes.
1506 513 1566 572 Non
1576 525 1619 575 est
1631 535 1696 592 ergo
1709 522 1744 578 de

93 588 191 638 tamen
205 582 325 641 dicimus
341 604 348 641 ε
365 585 402 640 do
412 587 487 643 nohis
501 586 579 642 hodie
593 587 669 661 (Luc.
681 590 734 663 xi).

130 672 267 730 Dicebant
276 691 338 755 erqo
350 679 398 732 ei:
414 679 466 734 tlti
480 690 521 736 est
537 680 620 736 Pater
636 686 721 738 tuus?

263 786 319 877 Α.
354 769 386 879 ig
419 789 483 876 M·
518 770 566 822 tta
599 790 653 879 L·
689 771 736 822 tls

130 905 281 980 Respondit
296 913 395 970 desset
413 915 506 988 Neque
523 918 675 982 nescitis,
690 933 773 988 neque
788 915 897 971 Putrem

92 1016 196 1057 meum.
215 1002 247 1060 Si
261 1007 430 1076 aestuetis,
444 1010 559 1080 forsitan
577 1018 602 1066 ει
619 1008 729 1066 Patrem
743 1025 830 1065 meunt
844 1013 897 1064 sct-
947 1057 976 1110 m
992 1067 1099 1127 mereto
1114 1069 1199 1115 vem

91 1094 171 1150 sctis.

129 1186 177 1243 hie
190 1188 331 1248 hominem
346 1200 454 1250 tautum
466 1197 590 1267 putatis,
605 1193 667 1252 ideo
681 1192 790 1252 Patrem
804 1209 896 1250 meum

91 1279 238 1339 hominem
251 1285 384 1356 queritis.
399 1285 447 1344 ille
457 1289 505 1360 qui
520 1289 612 1344 omnia
626 1290 690 1352 scit,
705 1288 816 1360 quando
829 1285 896 1342 dicit

90 1371 227 1441 forsitan,
242 1391 299 1431 nou
311 1377 439 1444 dubitat,
462 1380 513 1436 sed
526 1382 661 1452 increpet.
676 1379 699 1436 0
713 1380 814 1435 homo!
832 1393 896 1433 com

90 1463 121 1518 in
135 1465 225 1524 corde
240 1477 288 1524 tuo
300 1477 345 1526 εει
359 1472 483 1540 verbum,
497 1473 572 1528 ahud
585 1478 628 1530 est
637 1487 720 1545 qoam
735 1486 833 1534 sonus,
847 1469 896 1526 scd

90 1566 121 1609 ut
137 1561 267 1614 transeat
288 1560 324 1615 ad
343 1575 396 1629 me,
407 1577 509 1619 sunum
521 1561 602 1635 quasi
615 1560 773 1617 uehiculum
785 1559 894 1630 querit,

87 1649 215 1703 assumit
229 1664 345 1715 sonum,
367 1652 483 1724 imponit
502 1669 534 1710 se
556 1651 758 1726 quodammodo
776 1650 804 1706 in
821 1650 896 1706 uehi-

86 2101 188 2162 Sonus
203 2109 312 2166 medius
332 2111 529 2179 transvolavit,
546 2112 660 2168 uerbum
674 2124 740 2167 vero
753 2108 828 2180 quod
848 2124 894 2166 as-

84 2199 215 2269 sumpsit
232 2214 348 2268 sonum,
363 2211 406 2259 est
419 2203 492 2274 apud
507 2219 564 2269 me,
580 2209 608 2259 et
621 2219 676 2258 non
695 2201 811 2258 recessit
824 2215 840 2255 a
854 2208 891 2256 tc.

85 2286 151 2347 ΗΜ
166 2293 288 2359 “ῑω”ἀθ’
304 2295 430 2366 qumis
443 2295 657 2351 ‘mmmm'
670 2309 812 2351 ⁵⁰⁰⁰¹¹¹m'
829 2290 894 2348 ve*
944 2335 1000 2407 ipsc
1011 2354 1050 2404 εε,
1066 2347 1091 2394 ει
1109 2341 1173 2394 nuni
1187 2342 1225 2396 tui
1246 2357 1298 2396 nou
1317 2342 1440 2414 deficient
1459 2343 1547 2416 (Psoi.
1569 2347 1618 2418 er).
1634 2345 1745 2404 Sciebat

84 2383 157 2438 burn
172 2383 224 2442 Dei
237 2388 411 2453 contemnis,
425 2388 474 2459 qui
487 2390 602 2444 verbum
614 2387 734 2443 hominis
747 2400 803 2441 non
817 2400 890 2441 com·

84 2477 264 2547 prebendis?
277 2477 336 2535 Scit
350 2479 423 2537 Deus
436 2481 541 2537 omnia.
557 2479 610 2548 Qui
623 2480 707 2536 etiam
725 2478 795 2535 dixit
809 2477 893 2534 disci-

84 2571 165 2638 pulis
175 2571 261 2628 talem
273 2573 437 2630 sententiam
447 2575 555 2646 qualem
562 2572 765 2639 modoiudaeis,
780 2572 893 2644 quando

82 2659 240 2734 Philippus
254 2666 402 2735 postulavit
415 2681 490 2733 eum,
506 2667 623 2724 dicens:
639 2666 767 2733 Domine,
783 2667 893 2722 ostende

82 2755 168 2810 nobis
180 2755 303 2813 Patrem.
315 2756 448 2829 Philippo,
463 2760 509 2831 oui
516 2758 585 2815 uidet
596 2776 646 2824 me,
664 2757 732 2815 uidet
743 2768 769 2812 ει
783 2758 892 2814 Ρειιεει

83 2845 185 2918 (ioan.
203 2849 274 2920 xrs).
289 2849 340 2908 llic
353 2867 408 2908 uon
422 2851 494 2916 lun,
509 2850 628 2906 forsitan
643 2850 719 2908 uidet
730 2859 758 2908 et
771 2849 891 2918 Patrem,

80 2941 209 2996 uerbum
222 2942 330 2999 scilicet
347 2943 548 3008 dubitationis,
572 2943 638 3014 quia
658 2958 714 2998 non
733 2942 893 3014 increpabat

79 3031 228 3091 Domirms
243 3035 481 3101 incredulitatem,
506 3035 555 3092 sed
569 3035 695 3092 ducebat.
722 3034 761 3091 Ne
781 3037 893 3090 mireris

79 3140 156 3196 ergo
167 3125 206 3183 dc
215 3127 300 3182 uerbo
311 3125 368 3192 Dei,
381 3127 441 3184 siue
451 3128 527 3184 dicat
538 3127 665 3198 forsitan,
677 3127 735 3184 siue
744 3126 798 3182 alio
811 3124 893 3181 modo

79 3217 234 3289 loquatur,
256 3219 479 3292 quandoquidem
500 3221 580 3293 plene
601 3235 658 3276 nou
680 3207 927 3290 comprehendisC

77 3311 209 3370 verbum
222 3311 353 3370 hominis.

435 3398 491 3490 t.
527 3382 559 3495 ⁸2⁹

117 3525 185 3598 Epo
194 3527 275 3594 εειιε,
288 3537 316 3583 et
329 3529 455 3599 secretis
468 3545 520 3596 me,
531 3537 557 3586 et
571 3530 600 3585 iu
613 3539 721 3599 peccato
734 3537 821 3585 oestro
835 3545 892 3584 mo-

77 3621 210 3677 ricmiri.

113 3712 187 3770 Non
201 3711 339 3771 desiderio
351 3715 482 3786 quaeretis
496 3729 555 3781 me,
577 3715 627 3772 sed
644 3714 718 3772 odio.
740 3712 891 3785 Postquam

74 3809 228 3866 abscessit
240 3808 385 3874 Dominus,
399 3810 567 3880 quaesierunt
580 3810 657 3866 illum
665 3819 692 3865 et
702 3809 750 3880 qui
760 3808 889 3873 oderunt,

73 3911 104 3958 ct
119 3903 177 3973 qui
192 3909 371 3958 amaverunt:
387 3901 427 3957 illi
443 3903 651 3975 persequendo,
666 3902 713 3960 isti
727 3902 828 3958 hahere
841 3915 891 3957 cu-

73 3995 203 4067 piendo.
665 3991 671 4004 ‘

113 4088 186 4155 Quo
202 4103 249 4159 epo
260 4085 337 4151 uado,
348 4103 394 4142 uos
410 4104 464 4143 non
473 4087 584 4157 potestis
597 4079 693 4141 uenire.
786 4139 789 4154 ,

112 4181 184 4234 lloc
198 4189 227 4236 et
241 4178 386 4249 discipulis
401 4179 466 4235 alibi
480 4178 561 4245 dixit,
578 4193 636 4235 non
649 4176 799 4233 auterendo
812 4190 889 4247 spem

72 4279 106 4326 ut
120 4271 205 4335 istis,
222 4269 270 4326 sed
283 4270 457 4342 praedicando
469 4270 639 4327 dilationem.

947 593 1001 649 hoc
1018 597 1137 663 mundo,
1161 613 1211 669 per
1234 615 1314 670 quem
1338 606 1458 664 muudus
1481 606 1571 663 lactus
1594 617 1651 679 est;
1679 613 1744 683 quia

947 700 1044 742 omnes
1058 687 1092 744 de
1105 689 1225 756 mundo,
1241 700 1305 763 post
1319 696 1451 752 mundum
1473 697 1538 755 lacti
1554 707 1629 756 sunt.
1650 699 1745 757 Domi-

947 791 1001 832 nus
1015 785 1106 834 autem
1120 788 1163 837 est
1178 789 1242 838 ante
1255 784 1399 854 muudum,
1415 789 1479 861 quia
1492 790 1521 848 in
1535 792 1671 864 principio
1684 799 1745 850 erat

947 868 1078 926 Verbum.

982 959 1014 1016 Si
1026 963 1095 1016 enim
1107 979 1159 1018 uon
1172 965 1337 1024 credideritis
1358 971 1422 1041 quia
1439 987 1487 1042 epo
1502 989 1578 1038 sum,
1594 971 1745 1032 moriemini

982 1147 1145 1206 Econtrario
1159 1149 1207 1206 dat
1219 1167 1294 1224 spem
1309 1153 1469 1224 credituris,
1491 1163 1521 1210 ut
1536 1155 1570 1212 de
1589 1157 1690 1214 mundo
1704 1159 1744 1215 lc·

947 1247 1045 1296 rentur
1061 1241 1095 1296 ad
1112 1257 1174 1298 eum
1188 1244 1235 1314 qui
1251 1245 1383 1300 mundum
1398 1245 1473 1302 lecit.
1489 1246 1568 1315 Quod
1583 1248 1651 1302 nihil
1667 1249 1745 1305 addi-

946 1327 997 1394 dit,
1006 1329 1116 1386 dicens:
1134 1332 1204 1399 Quia
1217 1349 1263 1404 epo
1278 1351 1336 1389 som
1350 1376 1357 1402 ,
1373 1337 1459 1392 inulta
1472 1338 1643 1409 subintelligi
1656 1339 1743 1404 dedit,

947 1422 1052 1478 scilicet
1076 1439 1126 1495 ego
1148 1441 1210 1480 sum
1226 1424 1347 1483 Verbum
1367 1428 1468 1496 Patris,
1490 1430 1623 1486 Conditor
1637 1431 1743 1497 mundi,

946 1513 1067 1571 hominis
1081 1513 1215 1572 formator
1229 1527 1256 1572 et
1269 1518 1442 1576 reformatur.
1460 1521 1538 1588 Quod
1552 1521 1599 1592 qui
1615 1537 1670 1576 non
1684 1537 1744 1578 cre·

946 1605 998 1669 dit,
1013 1605 1131 1662 moritur
1147 1607 1175 1662 in
1189 1610 1320 1678 peccatis.
1336 1609 1422 1684 Moysi
1433 1613 1514 1668 etiarn
1526 1613 1599 1669 dixi:
1616 1612 1672 1684 Epo
1685 1630 1744 1668 sum

87 1737 201 1802 culum,
217 1743 383 1797 transcurrit
397 1758 500 1809 aerem,
517 1744 593 1800 uenit
607 1743 642 1800 ad
657 1757 711 1808 me,
723 1756 780 1797 non
793 1739 896 1796 recedit
945 1712 992 1800 qm.
1008 1713 1067 1750 mm
1088 1695 1186 1769 (Em
1216 1699 1271 1770 ’ω’
1297 1700 1349 1755 ¹¹⁰⁰
1371 1709 1413 1759 θεῖ
1434 1719 1529 1758 verum
1552 1720 1613 1762 esse
1635 1704 1744 1770 Μεθ’

87 1841 105 1880 a
130 1835 170 1884 te.
197 1827 291 1887 Sonus
316 1840 410 1889 autem
431 1841 463 1889 ut
476 1834 584 1892 ueniret
605 1834 640 1890 ad
664 1849 725 1900 me,
747 1833 861 1889 recessit
880 1847 933 1911 a„

86 1929 127 1984 te,
145 1937 202 1978 uec
225 1925 346 1996 perstitit
362 1926 435 1997 apud
454 1943 509 1984 me.
524 1925 646 1984 Verbum
661 1941 727 1997 ergo
747 1923 894 1998 quoderat
945 1973 968 2028 ri

85 2011 116 2065 in
134 2014 304 2083 cordetuo,
326 2019 451 2090 nunquid
465 2034 536 2076 sono
550 2025 732 2091 pretereunte
746 2015 895 2089 praeteriit?

946 1803 1011 1860 qun
1026 1803 1082 1844 non
1097 1804 1158 1845 sum
1173 1791 1324 1857 mutabilis,
1340 1793 1389 1848 sed
1404 1808 1512 1867 semper
1527 1795 1608 1852 idem.
1625 1793 1654 1852 ln
1668 1797 1745 1854 omni

947 1892 1022 1938 motu
1038 1899 1129 1940 rerum
1146 1884 1256 1942 invenio
1270 1888 1438 1957 praeteritum
1454 1897 1483 1946 et
1502 1890 1635 1960 loturum,
1652 1894 1681 1950 iu
1694 1909 1744 1951 se-

970 1982 1026 2029 tate
1041 1974 1087 2031 Dei
1104 1977 1194 2032 solum
1209 1992 1341 2049 praescns.

981 2061 1109 2118 Dicebant
1132 2082 1194 2138 erpo
1216 2068 1260 2122 ci:
1286 2068 1326 2123 Τιι
1340 2071 1399 2141 quis
1420 2074 1471 2129 es?
1491 2069 1567 2127 lituu
1586 2074 1625 2128 eis
1644 2073 1744 2134 teris:

944 2151 1121 2224 Principium,
1136 2158 1182 2229 qui
1194 2166 1220 2212 et
1231 2158 1324 2231 loquor
1338 2161 1421 2217 uobis.

979 2240 1150 2317 Principium
1168 2255 1228 2312 εει,
1248 2249 1293 2304 cui
1308 2248 1411 2305 dictum
1427 2258 1489 2308 est:
1507 2251 1546 2306 Tu
1567 2262 1656 2308 cutem
1675 2253 1744 2309 idem

944 2427 983 2486 ihi
1002 2445 1063 2487 esse
1082 2432 1216 2503 quosdam
1236 2435 1408 2502 credituros,
1433 2444 1461 2492 ει
1481 2435 1542 2493 ideo
1560 2438 1679 2495 dixisse:
1704 2439 1744 2494 Tu

942 2523 1002 2594 quis
1019 2526 1068 2580 es?
1082 2531 1112 2580 ut
1125 2525 1228 2581 scirent
1244 2527 1311 2598 quid
1332 2529 1409 2584 illum
1430 2544 1493 2585 csse
1510 2529 1666 2587 crederent.
1690 2530 1744 2588 lle·

944 2617 1055 2686 spondit
1077 2632 1158 2689 ergo,
1185 2619 1361 2690 principium,
1390 2637 1445 2677 non
1474 2631 1603 2694 tanquam
1628 2623 1743 2690 diceret,

943 2708 1110 2780 principium
1126 2726 1198 2775 sum,
1215 2711 1264 2770 scd
1281 2722 1412 2785 tauquam
1428 2713 1551 2780 diceret,
1575 2716 1744 2787 principium

943 2815 987 2856 me
997 2800 1111 2857 credite.
1127 2801 1206 2869 Quod
1219 2803 1248 2860 in
1263 2819 1390 2862 sermone
1401 2804 1495 2862 Graeco
1509 2807 1650 2864 evidenter
1664 2823 1745 2880 appa·

943 2901 996 2958 ret,
1013 2895 1059 2950 ubi
1080 2896 1245 2969 principium
1266 2905 1308 2954 est
1324 2897 1446 2954 seminini
1462 2899 1587 2970 terreris,
1611 2899 1683 2955 sicut
1700 2900 1743 2956 les

869 3035 875 3047 ,
944 2987 1100 3043 masculini.
1118 2985 1172 3044 Sed
1186 2989 1358 3046 cousuetudo
1373 2990 1588 3047 locutionisidco
1599 2990 1745 3062 perdiser-

944 3093 990 3134 sas
1003 3079 1109 3150 linguas
1118 3080 1206 3136 uariat
1223 3096 1323 3153 genera
1337 3082 1545 3152 uocabulorum,
1555 3084 1622 3154 quia
1635 3084 1663 3140 in
1676 3083 1744 3155 ipsis

943 3169 1026 3224 rebus
1041 3183 1097 3224 non
1112 3170 1218 3226 invenis
1233 3185 1339 3228 serum.
1355 3169 1416 3227 lion
1434 3171 1507 3228 enim
1525 3174 1660 3244 sapientia
1679 3189 1744 3230 vere

943 3264 986 3313 est
996 3255 1127 3312 leminiua
1142 3257 1279 3332 [lentina],
1299 3275 1360 3314 cum
1374 3259 1503 3318 Christus
1520 3262 1557 3317 sit
1571 3261 1618 3318 Dei
1633 3263 1744 3334 sapien·

943 3351 991 3406 tia.
1008 3349 1077 3407 Cum
1092 3365 1157 3421 ergo
1171 3351 1297 3408 videatur
1311 3351 1346 3408 ad
1366 3352 1392 3408 id
1413 3353 1488 3423 quod
1503 3352 1606 3408 dictum
1621 3363 1682 3410 cst:
1702 3353 1743 3410 Tu

942 3441 1054 3513 quises,
1070 3441 1237 3514 respondere
1252 3443 1401 3500 debuisse:
1418 3443 1475 3516 Ego
1486 3460 1547 3501 sum
1562 3447 1681 3503 ueritas:
1699 3463 1743 3504 rc-

943 3534 1064 3605 spuudit,
1080 3543 1212 3606 tanquam
1227 3535 1341 3602 diceret,
1351 3537 1518 3608 principium
1527 3553 1570 3594 me
1579 3536 1692 3594 credite.
1708 3537 1743 3594 Et

943 3623 1065 3690 addidit,
1090 3624 1135 3696 qui
1153 3634 1179 3680 et
1202 3625 1295 3696 loquor
1314 3625 1404 3692 uobis,
1427 3628 1454 3683 id
1485 3635 1529 3684 εει
1559 3628 1607 3698 qui
1630 3628 1742 3685 humilis

941 3724 1108 3786 proptervos
1117 3715 1216 3782 iactus,
1224 3718 1257 3773 ad
1267 3717 1320 3774 ista
1329 3719 1412 3773 rerba
1420 3719 1560 3775 descendi.
1572 3717 1741 3789 Principium

941 3814 984 3864 est
998 3807 1089 3874 Pater,
1102 3809 1267 3881 principium
1277 3807 1426 3876 cstFilius,
1437 3817 1594 3866 tamennon
1609 3818 1674 3867 εειιι
1686 3811 1742 3867 duo

940 3901 1093 3973 principia,
1109 3901 1182 3956 sicut
1195 3917 1246 3958 nec
1259 3901 1313 3957 duo
1328 3901 1376 3958 dii.
1396 3901 1476 3966 Nam,
1490 3902 1515 3958 si
1528 3904 1690 3959 accedentes
1707 3903 1741 3959 ad

941 3991 1027 4050 Deum
1043 3994 1135 4049 nrultae
1151 3993 1250 4049 anima
1264 4009 1313 4065 per
1328 3994 1502 4060 charitatem,
1516 4010 1570 4050 una
1582 3995 1672 4049 anima
1686 4001 1740 4062 est,

940 4094 968 4141 ει
985 4086 1071 4141 ιεεΙιε
1091 4085 1195 4150 corda,
1218 4100 1267 4140 cor
1281 4102 1367 4141 urium
1383 4085 1455 4158 (Act.
1473 4085 1522 4158 ru),
1542 4102 1634 4144 nonne
1652 4089 1741 4159 iringis

940 4175 1063 4233 Trinitas
1078 4177 1136 4248 ipse
1153 4177 1214 4235 lons
1228 4178 1372 4235 charitatis
1389 4192 1460 4233 unus
1474 4177 1546 4234 Deus
1561 4177 1619 4234 est?

976 4268 1066 4324 Multa
1078 4269 1161 4324 lichen
1177 4268 1209 4326 de
1222 4270 1295 4326 uobis
1311 4270 1382 4342 loqui
1392 4277 1418 4324 et
1426 4267 1562 4340 judicare,
1574 4269 1621 4324 sed
1634 4271 1680 4341 qui
1689 4271 1740 4326 uti-

111 4361 255 4417 Diceiont
268 4379 329 4434 erpo
342 4361 452 4418 Judrei:
476 4361 604 4433 Numquid
618 4361 759 4432 interficiet
771 4363 891 4432 semtip-
940 4362 975 4415 sit
987 4377 1039 4426 me,
1056 4371 1196 4419 uernaest.
1219 4361 1253 4415 Et
1266 4377 1313 4432 epo
1328 4377 1388 4432 quic
1401 4359 1493 4416 audiui
1510 4360 1542 4415 ut
1556 4377 1604 4426 eo,
1622 4359 1677 4415 Ιιιεε
1696 4361 1735 4417 lo·

71 4473 157 4516 sum,
168 4456 235 4528 quio
243 4454 308 4509 dicit
317 4471 327 4510 .·
336 4471 388 4528 quo
396 4472 443 4527 epo
452 4454 531 4521 sodo,
543 4472 588 4511 uos
599 4471 652 4511 nort
661 4457 769 4525 potestis
781 4458 890 4514 uenire?

940 4471 1006 4526 quor
1019 4455 1047 4509 in
1061 4455 1170 4512 maudo.
1183 4453 1218 4510 Et
1232 4472 1284 4510 riou
1295 4463 1470 4526 cognoverunt
1482 4455 1546 4527 quic
1560 4454 1670 4512 Patrem
1680 4455 1739 4528 ejus

112 4545 216 4601 Stulta
230 4546 326 4614 uerha,
340 4548 420 4619 quasi
433 4545 487 4619 ipsi
501 4547 671 4605 immortales
685 4557 789 4613 essent,
804 4558 831 4606 et
842 4567 888 4606 uc·
903 4556 926 4613 ι)
940 4545 1043 4602 dicebat
1057 4547 1154 4606 Deum.

68 4641 140 4695 nire
159 4654 219 4694 non
240 4645 355 4709 possent
373 4655 431 4711 quo
448 4639 494 4695 ille
508 4639 578 4702 iret,
599 4640 623 4697 si
638 4655 669 4697 εε
691 4640 884 4699 interfecisset.

67 4729 221 4786 Dominus
234 4739 326 4787 autem
337 4730 446 4787 dicebat
460 4747 516 4788 non
531 4732 565 4788 de
578 4740 679 4797 morte,
694 4735 743 4790 sed
755 4734 789 4790 de
798 4736 887 4807 gloria

68 4823 107 4878 ad
123 4837 218 4895 quam
233 4823 291 4878 ibat
304 4832 368 4894 post
385 4831 513 4880 mortem.
540 4823 619 4890 Quod
642 4825 698 4892 illi,
717 4826 809 4882 omnia
824 4842 887 4882 car·

65 4914 182 4970 naliter
194 4913 348 4983 sapientes,
363 4928 419 4968 non
434 4913 639 4971 intellexerunt.

107 5005 154 5062 E't
167 5004 276 5060 dicebat
291 5006 350 5061 eis:
367 5005 420 5060 Vos
439 5003 472 5062 de
488 5005 613 5062 deorsam
627 5007 711 5074 estis,
729 5023 776 5079 epo
790 5006 823 5062 de
836 5023 885 5063 sit·

64 5097 170 5172 pernis
181 5113 255 5153 sem.

107 5188 181 5246 ideo
199 5195 305 5244 terram
325 5189 436 5261 sapitis,
451 5189 516 5262 quiin
534 5191 607 5247 sicut
625 5198 766 5262 serpentes
778 5198 883 5248 terram

65 5297 86 5338 n
101 5279 271 5337 anducatis.
286 5279 358 5349 Quid
370 5291 422 5347 εει,
439 5289 541 5338 terram
551 5283 741 5339 manducatis?
755 5283 884 5341 Terrenis

65 5373 244 5445 pascimini,
268 5375 387 5432 terrenis
400 5374 592 5443 delectamini,
617 5375 735 5432 terrenis
757 5375 881 5440 inhiatis,

64 5483 123 5521 cor
135 5481 253 5522 sursum
268 5482 325 5522 noo
340 5467 457 5525 habetis.
476 5465 514 5523 De
530 5468 649 5538 supernis
667 5485 738 5534 som,
758 5466 842 5526 idest
866 5485 883 5524 a

63 5556 172 5622 Patre,
190 5573 256 5612 cum
269 5573 303 5614 eo
317 5560 454 5616 excedens
467 5561 569 5617 omnia.

113 5649 172 5706 Vos
183 5649 219 5704 de
228 5650 327 5706 mundo
342 5651 391 5708 hoc
404 5654 480 5720 estis,
496 5671 543 5725 epo
557 5671 609 5710 non
626 5671 685 5710 sitm
694 5653 727 5710 de
741 5653 789 5709 itoc
803 5671 883 5712 mtu-

63 5743 115 5798 do.
135 5741 205 5796 hiet
214 5756 278 5814 erpo
285 5742 369 5810 sodis,
379 5745 444 5816 quio
453 5746 603 5801 moriemini
611 5745 639 5802 iu
649 5747 765 5817 peccatis
774 5748 879 5803 uestris.

106 5831 239 5904 Exponit
253 5831 320 5905 quid
334 5834 371 5891 sit
384 5847 447 5892 esse
459 5834 495 5892 de
509 5835 622 5905 mundo,
637 5835 665 5893 id
680 5842 724 5893 εει
743 5851 807 5895 csse
819 5851 881 5909 pec·

975 4636 1067 4692 lloien
1086 4638 1171 4692 mutto
1193 4639 1264 4710 loqui
1276 4635 1416 4702 docendo,
1432 4643 1456 4695 sl
1472 4635 1666 4696 credideritis:
1689 4653 1738 4693 ar-

937 4729 1062 4799 guendo,
1085 4731 1109 4786 si
1129 4745 1184 4784 non
1200 4729 1390 4798 orulideritis;
1417 4739 1444 4786 et
1460 4729 1551 4786 habeo
1568 4730 1694 4801 judicare
1709 4731 1737 4786 in

938 4819 1031 4877 iuturo
1045 4822 1123 4879 uiuos
1138 4831 1165 4878 et
1179 4829 1315 4888 mortuos,
1327 4821 1375 4879 sed
1389 4822 1440 4878 hoc
1455 4829 1542 4879 totum
1557 4830 1600 4878 cst
1613 4837 1628 4876 a
1642 4821 1734 4888 Patre,

937 4925 1017 4982 aqrro
1029 4912 1111 4967 audio
1120 4913 1265 4969 ueritatem
1273 4929 1356 4985 quiam
1367 4913 1475 4985 loquor.
1489 4912 1561 4970 idem
1572 4919 1616 4969 est
1636 4912 1733 4972 Filium

937 5001 1047 5059 aPatre
1060 5003 1166 5068 erudire,
1182 5002 1257 5075 quod
1276 5011 1320 5061 est
1344 5020 1406 5061 esse
1429 5006 1520 5062 abeo.
1541 5003 1646 5060 Sensus
1668 5019 1734 5076 ergo

935 5103 997 5152 cst:
1024 5094 1087 5151 ideo
1101 5111 1196 5152 uerum
1216 5096 1329 5166 judico,
1345 5097 1409 5169 quia
1424 5098 1527 5154 ueritas
1547 5111 1624 5159 sum,
1649 5093 1735 5152 Filius

936 5186 1059 5244 veracis.
1071 5187 1134 5244 llaec
1143 5187 1251 5246 Veritas
1264 5207 1321 5247 non
1334 5199 1378 5250 εει
1390 5187 1591 5259 maiurleracc
1603 5191 1667 5253 istu,
1683 5203 1735 5246 nce

935 5281 1036 5346 minor,
1053 5281 1101 5337 scd
1116 5281 1244 5352 aqualis,
1266 5281 1393 5355 quamuis
1408 5283 1470 5353 pius
1485 5280 1567 5336 homo
1591 5281 1683 5336 atinus
1697 5282 1733 5339 εἰ

935 5373 994 5444 ipsa
1020 5373 1135 5444 pictate,
1164 5375 1280 5444 pulcher
1306 5373 1398 5430 minus
1426 5373 1487 5444 ipsa
1511 5371 1732 5442 pulchritudine,

933 5472 1027 5531 castus
1043 5465 1180 5521 castitate.
1197 5465 1266 5520 Nam
1281 5465 1304 5522 si
1316 5467 1404 5537 pietas
1415 5479 1476 5536 quae
1490 5471 1533 5520 εει
1546 5463 1619 5536 apud
1632 5461 1731 5533 Deum,

933 5559 1014 5628 cujus
1027 5563 1069 5613 est
1079 5559 1217 5629 particeps
1230 5558 1276 5630 pia
1285 5558 1387 5620 aalma,
1398 5557 1552 5614 recedatah
1565 5555 1625 5628 ipsa
1639 5557 1732 5612 ardma

933 5650 989 5722 pis,
1020 5652 1078 5708 sire
1105 5651 1296 5724 pulchritudo,
1325 5651 1384 5708 siue
1404 5651 1535 5718 castitas;
1560 5663 1615 5705 uon
1639 5655 1731 5705 tamen

932 5743 1035 5800 crescit
1053 5744 1081 5799 in
1107 5743 1163 5800 Deo
1177 5743 1220 5800 vel
1233 5743 1379 5811 minuitur,
1395 5747 1468 5800 sicut
1488 5744 1586 5800 oculus
1600 5749 1664 5799 tuus
1679 5755 1731 5798 nee

931 5835 1045 5894 clausus
1054 5837 1155 5894 mintrit
1166 5836 1268 5905 lucem,
1279 5851 1330 5896 uec
1344 5845 1456 5910 apertus
1467 5842 1547 5910 auget
1559 5837 1657 5893 lucem.
1672 5833 1730 5894 llac
