3967 6334
244 316 318 378 litt
815 299 955 362 soollltlt
972 299 1122 358 mostis
1138 299 1168 356 S.
1191 296 1342 357 olontstt
1817 284 1885 342 1868

242 430 372 504 placitum
388 432 524 498 negotium
540 429 670 493 tanquam
683 419 792 478 ctcbtus
807 419 887 476 nobis
906 417 1071 478 commis-A
1086 415 1151 473 oeta
1165 425 1192 471 et
1210 414 1338 487 angustia
1350 410 1452 475 cordis,
1468 409 1577 466 senium
1596 403 1885 476 delectumquesuaar

242 537 304 580 sum
318 518 521 594 gratantissime
535 515 740 586 amplectentes,
754 529 787 570 eo
801 511 874 584 quod
888 510 1037 582 superbos
1086 524 1236 580 opponens,
1258 507 1435 578 ejusdemque
1457 502 1557 574 prioris
1582 498 1729 556 consilium
1752 504 1784 552 et
1805 495 1885 550 auxi·

241 616 303 687 ipso
317 609 525 686 praesentialiter
541 617 641 666 sancta
656 607 829 678 paternitatis
843 613 942 664 vestrae
955 603 1036 660 eelsi—
1085 601 1153 657 lium
1176 601 1200 658 si
1218 615 1252 655 eo
1266 605 1372 655 careret
1384 595 1541 666 deplorans,
1565 591 1686 662 fereper
1699 597 1791 644 totam
1814 588 1884 642 dieta

241 708 319 770 tudo,
334 721 397 760 cum
417 717 473 758 non
487 701 543 757 nisi
559 701 695 770 imperare
709 704 857 768 oporteret,
873 696 1036 768 parvitatem
1085 691 1258 759 recusando,
1281 697 1309 747 et
1330 688 1404 761 quod
1426 701 1566 758 uunquam
1596 685 1674 740 tieret
1698 681 1884 746 detestando,

241 804 365 854 nostram
378 793 454 867 prius
469 791 617 862 rogaverit,
633 797 700 845 totis
715 789 799 844 animi
809 787 914 844 viribus
927 786 1034 843 ellectui
1086 803 1174 858 usque
1196 787 1230 842 ad
1253 785 1404 857 proximam
1418 781 1523 836 Nonam
1544 778 1661 835 detinuit
1676 777 1747 849 (28).
1759 775 1886 830 Tandem

241 886 399 956 mancipare
420 882 632 940 elaboravimus.
651 879 782 947 Quamvis
797 879 871 934 enim
891 877 1036 934 occasione
1085 894 1151 936 vero
1179 881 1269 934 victus
1296 875 1426 949 precibus
1450 874 1614 936 multorum,
1635 872 1692 926 imo
1717 866 1885 924 auctoritate

240 979 419 1052 querulorum
438 975 635 1032 canonicorum
659 972 695 1027 ad
717 987 766 1027 vos
790 969 1034 1042 proficiscentium,
1084 979 1188 1034 vestra,
1203 983 1331 1041 quaeum
1343 968 1497 1036 importune
1508 971 1661 1033 opportune
1672 959 1883 1032 adjurabamus,

241 1085 274 1128 eo
295 1069 369 1142 qood
383 1067 461 1124 curia
482 1065 605 1122 llornana
626 1063 769 1120 consuevit
790 1061 946 1134 aliquando,
961 1059 1036 1132 quod
1085 1072 1142 1118 tam
1156 1060 1343 1118 misericordia
1357 1073 1439 1130 apuam
1456 1057 1556 1128 pictate
1569 1069 1619 1126 pro
1632 1054 1724 1110 alieno
1738 1053 1884 1108 commoda

241 1170 321 1233 turpe
339 1168 461 1224 nonest,
486 1173 548 1214 cum
572 1163 723 1213 remutare
745 1155 893 1210 consilium
917 1153 1036 1210 discrete
1086 1171 1166 1211 suum
1180 1155 1319 1212 sustinens
1334 1149 1546 1212 incommodum,
1560 1145 1685 1203 eumdem
1696 1144 1883 1200 venerabilem

241 1252 456 1313 distulissemus,
482 1248 556 1306 nulla
578 1256 670 1302 tamea
696 1243 943 1300 contradicentium
956 1243 1036 1298 nobi·
1085 1247 1203 1319 priorem
1220 1243 1361 1318 (Odoacar)
1375 1257 1437 1297 cum
1448 1239 1591 1295 duodecim
1605 1237 1742 1292 iratribus
1757 1235 1828 1290 siris
1841 1251 1882 1290 rr·

241 1340 308 1397 lium
324 1348 371 1395 aut
385 1339 546 1398 innobilium
560 1336 724 1392 clericorum
738 1351 787 1391 scu
801 1335 935 1390 laicorum
950 1349 1036 1406 oppo-
1085 1339 1192 1410 iigiosis
1216 1336 1338 1392 honestis
1358 1333 1441 1390 nobis
1462 1329 1644 1394 contradidit,
1665 1344 1738 1400 qrros
1764 1329 1793 1384 in
1816 1327 1882 1382 laste

241 1433 341 1489 sitione
358 1440 508 1502 tepescere,
532 1435 580 1484 aut
594 1430 622 1483 in
637 1429 729 1500 aliqum
744 1443 827 1498 super
841 1426 893 1481 hoc
907 1425 967 1497 ipso
988 1440 1034 1482 re·
1089 1430 1178 1487 sancti
1192 1427 1378 1485 Barmolomei
1389 1425 1442 1498 (rte
1455 1424 1491 1478 tt
1504 1421 1627 1494 Augusti)
1640 1419 1676 1474 ad
1698 1421 1828 1476 eamdem
1838 1437 1882 1476 ff.

241 1523 354 1582 missius
368 1523 469 1578 habere
484 1521 703 1578 decreveramus.
719 1519 788 1576 Cum
803 1519 894 1576 subito
909 1516 1034 1590 proxima
1085 1525 1198 1581 etesium
1222 1522 1383 1579 solemniter
1403 1533 1466 1574 eom
1489 1517 1563 1572 olore
1584 1523 1611 1570 ot
1637 1515 1743 1586 popolo
1762 1513 1881 1570 ciuitate

241 1615 285 1672 die
299 1615 355 1674 iere
368 1614 448 1671 tertia
462 1622 629 1685 autquarta,
649 1628 704 1684 qua
721 1612 893 1684 designatum
908 1610 1035 1666 abbatem
1086 1616 1255 1679 induximus,
1271 1622 1298 1670 et
1308 1610 1458 1670 venerabili
1471 1608 1601 1664 iioiioosi
1616 1608 1751 1678 episcopo
1765 1605 1803 1660 ii,
1819 1605 1882 1676 (iii.

241 1711 268 1761 et
282 1703 431 1760 monachos
448 1703 476 1758 in
491 1703 608 1758 ecclesia
627 1702 722 1757 cadem
736 1715 837 1772 ponere
848 1713 1033 1771 proposuera—
1086 1710 1179 1780 nisse)
1193 1724 1275 1781 qoem
1297 1707 1441 1762 nobiscum
1460 1703 1502 1758 bis
1525 1699 1640 1772 agendis
1657 1715 1878 1770 susceperamus.

240 1811 312 1861 mus,
327 1809 392 1850 eece
405 1793 511 1865 prelati
524 1793 662 1858 canonici,
679 1792 805 1848 videlicet
821 1797 956 1846 cantorct
975 1789 1033 1855 alii,
1049 1772 1071 1829 Β
1085 1804 1181 1859 eadem
1199 1800 1243 1857 gig
1256 1813 1349 1855 goram
1369 1796 1449 1851 aggii
1468 1792 1591 1864 ejusdem
1606 1791 1716 1846 sinim
1737 1789 1879 1848 Geumi,
1971 1832 1972 1839 ,

240 1899 258 1943 a
280 1886 350 1942 lacie
373 1896 463 1942 vestra
486 1885 632 1941 redeuntes
651 1891 783 1940 mutatam
806 1897 856 1953 pro
872 1881 944 1935 bono
958 1878 1035 1951 pacis
1086 1897 1212 1952 gggggem
1232 1891 1357 1949 benedict
1382 1888 1543 1946 solemniter
1563 1885 1716 1955 opitulante
1736 1885 1880 1940 maim

241 1979 406 2037 senteutiam
420 1977 617 2032 canonicorum
628 1975 793 2048 regularium
806 1973 942 2044 positione
954 1971 1035 2027 nobis
1085 1996 1177 2043 mm
1197 1985 1323 2042 fecimus,
1342 1982 1434 2038 pingia
1454 1993 1521 2036 geio
1537 1976 1660 2048 ejusdem
1679 1975 1767 2032 officii
1788 1977 1878 2042 mim.
1972 2008 1973 2011 ,

240 2069 419 2128 11111111ΐῦ11
436 2068 503 2139 (17)·
524 2067 580 2124 NOS
598 2080 689 2123 11116111
703 2082 779 2139 111111
803 2066 900 2122 devm-0
921 2080 953 2120 ³⁰
972 2080 1035 2137 8¹³·
1087 2079 1256 2141 claustrum,
1272 2073 1421 2145 capitulum
1435 2078 1463 2127 et
1477 2067 1650 2126 relectorium
1663 2067 1706 2124 eis
1720 2067 1879 2124 deliberavi-

240 2168 332 2220 tatrter
351 2161 500 2218 secundam
515 2176 548 2216 ac
570 2160 593 2216 si
612 2159 728 2232 primam
748 2158 909 2229 recipientes
923 2164 1035 2214 senten·
1086 2183 1160 2233 mos,
1177 2168 1275 2238 dieque
1288 2173 1419 2236 sequente
1434 2160 1566 2233 regalium
1580 2174 1614 2214 ea
1628 2165 1709 2229 parte
1721 2157 1829 2214 domini
1841 2175 1880 2216 re·

239 2251 318 2320 tiam,
334 2253 482 2324 assumptis
493 2252 637 2306 nobiscum
649 2250 852 2306 venerabilibus
861 2256 889 2304 et
904 2246 1036 2318 sapienti·
1086 2261 1128 2332 gis
1141 2259 1222 2329 colos
1236 2258 1311 2314 uices
1324 2257 1430 2328 agimus
1441 2259 1605 2328 potestatem
1622 2251 1809 2314 contulimus,
1823 2251 1881 2308 bie·
1973 2256 1974 2279 ³

228 2344 293 2402 ‘bus
303 2345 381 2409 viris,
394 2344 521 2400 videlicet
534 2343 631 2399 abbate
643 2339 736 2396 Sancti
748 2339 875 2396 Germani
889 2337 1033 2412 (liugonei,
1085 2355 1191 2410 piapen,
1210 2352 1333 2408 ,giorum
1349 2351 1381 2405 ii
1394 2365 1443 2405 ρος
1467 2348 1663 2419 pertinentium
1681 2353 1711 2400 et
1728 2344 1880 2414 juramenti
1974 2390 1975 2425 ,

242 2435 336 2498 Sancti
353 2437 426 2494 Petri
438 2435 611 2493 Fossatcnsis
634 2433 789 2508 (Arretino),
804 2432 897 2488 Sancti
913 2431 1036 2506 llaglorii
1087 2445 1266 2502 securitatum
1293 2441 1334 2498 eis
1368 2441 1426 2496 fleri
1452 2440 1577 2495 ierimus.
1602 2437 1779 2509 Eapropter,
1809 2435 1881 2492 Pater
1974 2430 1975 2459 ³

242 2527 420 2604 (Boldom’co),
438 2529 533 2584 Sancti
554 2528 629 2584 Petri
647 2528 682 2584 de
702 2526 837 2583 Ferrariis
859 2523 995 2599 (10111111),
1009 2530 1036 2580 11
1087 2535 1272 2598 sanctissime,
1289 2531 1425 2588 actionem
1440 2531 1520 2586 nobis
1531 2531 1674 2586 commissi
1692 2529 1801 2600 negotii
1811 2529 1881 2584 celsi·
1974 2576 1975 2579 ,

241 2622 303 2677 aliis
317 2622 350 2678 de
365 2621 524 2678 melioribus
535 2621 658 2691 personis
671 2619 858 2676 assistentium
870 2617 1034 2680 vicinorum,
1087 2627 1176 2684 rudini
1196 2633 1296 2682 vestm
1314 2623 1470 2679 summatim
1493 2621 1649 2695 significato
1668 2611 1793 2698 digniora
1810 2621 1880 2676 aad.

241 2712 276 2769 11
287 2713 411 2772 eatndem
427 2713 533 2772 Sancta
547 2711 691 2768 Genoveire
706 2711 796 2767 locum
810 2709 1034 2772 acceleravimus,
1087 2735 1161 2785 mos,
1177 2725 1208 2774 ot
1217 2725 1246 2775 ot
1259 2717 1339 2773 robis
1353 2716 1428 2788 qrrod
1443 2715 1611 2786 precepistis
1627 2716 1737 2770 iactum
1750 2729 1814 2770 esse
1827 2715 1880 2786 pla

241 2810 270 2860 et
286 2803 636 2874 incapituloeorumuuid
661 2818 743 2874 super
760 2799 1037 2871 bocerttremo‚quid
1087 2820 1164 2877 πῃ,
1191 2818 1219 2868 et
1244 2825 1328 2882 quom
1357 2817 1482 2880 prompta
1511 2808 1548 2865 sit
1574 2808 1701 2880 parvitas
1732 2815 1830 2864 nostra
1852 2807 1881 2862 sd

242 2897 422 2968 supcrprimo
432 2897 562 2968 capitulo,
575 2895 724 2953 secundum
736 2903 859 2952 tenorem
882 2894 1036 2950 litterarum
1087 2901 1544 2971 obediontiarestraecxpletionem
1558 2900 1727 2955 innotescat.
1741 2899 1882 2956 llermtero
1976 2896 1977 2949 ξ

243 3005 311 3060 luis
335 2989 413 3046 1101111
429 2989 594 3056 11111111ΐῦ11,
620 2988 748 3060 lll⁰⁸etlui
774 2987 885 3051 11111111
910 2987 1037 3042 0011111111
1088 2996 1176 3054 saneti
1192 2996 1362 3068 apostolatus
1376 2994 1459 3049 vestri
1471 2993 1587 3064 genibus
1610 2993 1757 3063 provoluti
1780 2993 1882 3063 spirita,
1976 2998 1977 3011 ¹

243 3083 433 3140 convenimus.
449 3082 511 3150 Qui,
528 3089 557 3137 ut
571 3088 650 3138 crant
664 3081 776 3145 diversi,
791 3080 900 3136 diversa
915 3081 1071 3180 scrttien·C
1088 3088 1188 3146 obnixo
1206 3088 1326 3156 ¹oiiiioixo
1347 3087 1544 3158 supplicamus,
1566 3101 1636 3157 opus
1661 3085 1719 3140 hoe
1740 3101 1815 3156 opas
1832 3101 1884 3138 raa-
1976 3060 1977 3083 ¹

242 3191 295 3243 tes,
308 3191 370 3232 cum
383 3185 430 3232 aut
444 3183 533 3230 utram
548 3183 595 3230 aut
610 3182 737 3232 neutram
752 3173 926 3230 concorditer
940 3189 1036 3244 prose-
1087 3198 1172 3236 nuum
1189 3188 1343 3238 aestranun
1364 3186 1542 3234 manustenere
1553 3188 1580 3232 et
1593 3185 1757 3248 protegere,
1770 3177 1883 3247 gladians

243 3268 290 3339 qui
304 3268 407 3324 nollent
429 3267 605 3330 sententiam,
624 3267 710 3322 multa
725 3272 752 3321 et
766 3280 875 3322 morosa
889 3265 1037 3336 repreben·
1088 3271 1117 3328 S.
1140 3271 1214 3328 Petri
1229 3279 1325 3327 contra
1346 3286 1453 3326 omnem
1472 3269 1631 3325 aemulorum
1647 3269 1885 3340 importunitatem

243 3357 330 3427 siorrc,
346 3358 514 3430 quodetiam
533 3359 680 3430 postulata,
696 3359 769 3429 quod
784 3357 867 3414 etiam
880 3356 1037 3412 misericor·
1086 3366 1375 3436 comioosovaginare
1385 3363 1601 3435 appellationum
1612 3363 1885 3433 quoquenrolestias,

244 3451 314 3505 diter
329 3463 459 3507 concessa
483 3450 647 3514 refutarent,
665 3450 871 3514 insistebamus,
887 3447 975 3505 donec
987 3449 1036 3520 qui
1086 3459 1189 3530 quibos
1201 3457 1321 3530 quietem
1335 3471 1432 3512 eorum
1451 3455 1555 3526 jugiter
1575 3455 1734 3510 indiscrete
1749 3455 1887 3526 11111111,

243 3542 362 3598 sanioris
375 3548 454 3598 erant
467 3541 575 3599 consilii
590 3551 616 3597 et
632 3541 679 3597 lilii
699 3541 778 3606 lucis,
794 3541 942 3596 canonicos
957 3556 1038 3611 regu·
1087 3557 1159 3613 roni,
1183 3548 1400 3605 misericorditer
1422 3547 1445 3603 si
1469 3547 1557 3618 placet
1585 3547 1740 3620 probibere
1766 3549 1884 3604 eamden

244 3633 316 3689 lares
327 3649 356 3690 se
367 3644 542 3705 suscepturos
552 3633 665 3706 pacifice
675 3633 869 3704 promiserunt.
879 3631 934 3690 Nos
945 3639 1036 3689 autem
1087 3639 1231 3696 eeclesiam
1241 3636 1298 3693 Deo
1311 3637 1477 3701 innovatam,
1492 3644 1622 3708 tanquam
1637 3651 1744 3690 trovam
1756 3639 1883 3708 plantata,

244 3739 326 3796 super
339 3725 391 3784 boc
405 3725 465 3798 ipso
476 3726 631 3790 exhilarati,
646 3725 776 3796 quoniam
800 3724 910 3796 quidam
926 3724 960 3781 de
979 3740 1039 3780 me·
1088 3732 1176 3787 donoc
1189 3730 1310 3802 perfecte
1323 3728 1445 3784 radicata
1460 3728 1552 3794 luerit,
1574 3728 1675 3784 crebra
1688 3731 1883 3801 propagatione

245 3817 361 3904 rioribus
383 3817 507 3874 abbatem
532 3817 585 3874 sibi
606 3818 757 3882 constitui,
782 3827 809 3873 ct
830 3817 979 3874 canonicos
1003 3817 1038 3876 dc
1089 3824 1244 3881 extendere.
1261 3823 1367 3889 Quibus
1380 3821 1673 3877 omnibusmaximum
1696 3823 1803 3891 poterit
1821 3839 1884 3894 prz-

247 3907 349 3964 Sancto
363 3907 473 3965 Victore
493 3909 678 3981 postulabant,
701 3909 902 3964 communicato
915 3925 976 3966 curn
993 3925 1036 3966 as·
1090 3926 1162 3972 stare
1174 3913 1332 3986 suffragium
1345 3953 1353 3977 ,
1368 3913 1392 3968 si
1404 3911 1633 3982 ottemadntodum
1657 3912 1813 3984 ineu-ptum
1834 3925 1882 3976 est,

246 3999 407 4059 sistentibus
421 4001 547 4067 consilio,
563 4008 621 4057 tum
636 4004 700 4074 quia
715 4002 817 4058 nullam
832 4017 916 4073 penes
930 4018 981 4058 nos
994 4019 1039 4059 re-
1089 4009 1118 4064 io
1141 4007 1236 4064 eadem
1260 4004 1378 4061 ecclesia
1401 4002 1595 4076 plenitudinem
1623 4001 1710 4058 oliicii
1737 4003 1881 4058 secundun

245 4091 402 4165 ligiosorcm
428 4095 456 4150 in
478 4111 529 4152 suo
552 4103 625 4152 statu
647 4096 772 4152 novimus
798 4095 954 4160 ecclesiam,
980 4102 1038 4150 tum
1090 4097 1307 4154 observationem
1330 4094 1436 4150 ordinis
1460 4093 1502 4150 sui
1524 4093 1664 4164 usquead
1684 4111 1773 4148 unum
1787 4096 1841 4150 iota
1857 4103 1882 4150 et

246 4187 310 4259 quia
325 4187 528 4259 propinquitate
545 4188 597 4243 loci
611 4188 646 4244 ad
660 4203 769 4243 onmem
784 4202 881 4244 corum
896 4188 953 4244 sire
967 4188 1039 4244 irate·
1089 4205 1175 4246 urtrrm
1200 4189 1306 4260 apicem
1330 4185 1486 4242 conseruari
1510 4184 1643 4250 feceritis,
1664 4201 1703 4240 ne
1714 4185 1882 4241 dissonantia

245 4281 347 4340 riarcn
362 4282 419 4338 sive
432 4283 595 4338 exteriorem
619 4282 789 4338 commodior
810 4282 905 4339 existit
918 4283 1040 4338 necessi·
1091 4281 1186 4346 oliveii,
1201 4280 1308 4352 legendi
1322 4285 1350 4334 et
1362 4278 1489 4334 eanmndi
1512 4276 1659 4333 diversitas
1680 4277 1710 4332 in
1725 4277 1883 4332 maara

246 4377 340 4438 tatem,
366 4374 399 4429 ad
421 4389 469 4430 eos
489 4374 662 4439 divertimus,
688 4375 832 4446 viruntque
856 4375 1039 4430 venerabilem
1092 4373 1258 4445 regularium
1280 4380 1308 4428 et
1330 4370 1523 4442 irregularium
1544 4378 1679 4441 emergat,
1702 4372 1883 4427 necuim

247 4464 372 4521 abbatem
389 4463 483 4520 Sancti
507 4464 626 4524 lictoris
648 4464 823 4540 (Gildutuum)
839 4467 967 4537 operibus
982 4466 1040 4538 pic-
1055 4469 1078 4528 1)
1091 4466 1197 4537 apertio
1207 4465 1259 4520 bac
1272 4465 1418 4520 occasione
1427 4470 1508 4518 nocte
1519 4470 1547 4518 et
1559 4460 1605 4517 die
1616 4461 1719 4517 iratres
1731 4463 1882 4526 conturbet,

246 4555 313 4612 tatis
334 4557 524 4628 approbatum,
545 4558 625 4613 modo
649 4573 789 4624 scorsum,
815 4558 896 4612 modo
917 4558 946 4612 in
971 4572 1040 4612 cou-
1091 4573 1126 4612 ne
1141 4572 1190 4628 per
1200 4555 1311 4612 eosdem
1324 4556 1437 4610 aemulos
1448 4553 1539 4625 aliqua
1554 4553 1669 4608 infamia
1684 4555 1713 4608 in
1727 4571 1779 4610 eos
1791 4555 1885 4609 subre-

247 4653 331 4702 ventu
345 4662 406 4713 suo,
422 4657 452 4703 ut
467 4649 509 4704 bis
519 4665 598 4719 opem
616 4649 708 4714 lorret,
721 4658 747 4706 ot
763 4649 872 4719 adiutor
883 4647 1040 4705 Divirritatis
1091 4659 1155 4722 pat:
1169 4658 1199 4705 ut
1212 4650 1303 4720 qutiete
1317 4649 1418 4704 ibidem
1428 4645 1673 4718 outuipoteatilleo
1687 4647 1722 4702 ad
1736 4647 1847 4702 laudent
1858 4653 1885 4700 et

247 4739 375 4794 evelleret
397 4745 423 4795 et
447 4739 611 4808 destrueret,
635 4740 782 4797 aedificaret
804 4748 832 4796 et
846 4742 992 4811 plantaret,
1010 4740 1039 4796 in
1091 4744 1223 4798 bonorem
1236 4741 1324 4797 sancti
1334 4741 1505 4812 apostolatus
1517 4740 1602 4796 vestri
1613 4747 1642 4796 et
1651 4749 1884 4810 persenserestre

247 4831 360 4888 nomine
380 4829 488 4886 Domini
512 4833 672 4903 suppliciter
695 4831 920 4905 efflagitabamus.
942 4832 1040 4901 Quint
1091 4835 1284 4906 sempiternam
1302 4834 1550 4890 remunerationem
1564 4833 1679 4903 dignum
1699 4831 1885 4888 [1111111111-

249 4923 471 4980 111111111111111
485 4932 512 4980 et
525 4924 648 4995 ejusdem
659 4924 713 4980 loci
725 4924 856 4996 providus
867 4933 1038 4996 procurator,
1090 4933 1149 4979 tum
1166 4925 1296 4981 exbibere
1312 4925 1431 4981 valcant.
1453 4921 1526 4992 Qtrid
1538 4937 1658 4992 namque
1670 4921 1708 4977 de
1720 4923 1885 4993 paternitate

247 5032 312 5075 cunt
338 5017 391 5072 boc
413 5016 503 5087 ipsum
528 5017 663 5073 instanter
686 5024 837 5074 rcrusaret.
865 5023 895 5072 ut
919 5016 1040 5088 priorem
1090 5024 1182 5072 vestra
1200 5016 1358 5088 sperarem?
1374 5015 1431 5087 Ego
1449 5016 1508 5085 ipse
1528 5020 1657 5084 peccator
1675 5028 1712 5069 ea
1726 5013 1782 5068 boc
1796 5021 1886 5070 restro

247 5122 330 5165 suum
350 5107 439 5163 virum
461 5107 644 5166 venerabilem
669 5115 697 5164 et
719 5109 888 5180 religiosum,
913 5107 1040 5163 abbatem
1089 5127 1173 5182 opere
1184 5109 1288 5182 aliquid
1303 5107 1499 5166 misericordia
1511 5107 1560 5164 Dei
1573 5122 1618 5163 me
1631 5107 1808 5162 lucraturum
1820 5123 1886 5162 coa·

248 5199 458 5273 deripostalare
472 5216 523 5259 nos
544 5201 689 5273 comperit,
707 5201 812 5258 obortis
833 5201 963 5274 lacrymis
976 5214 1040 5256 cum
1091 5203 1154 5259 lldo.
1172 5201 1221 5260 list
1240 5210 1268 5259 et
1282 5201 1356 5257 aliud
1370 5201 1443 5273 quod
1457 5199 1616 5274 paternitati
1635 5206 1739 5255 restrae
1761 5201 1887 5255 rolamm

285 5371 341 5447 (171
363 5373 438 5430 bate
457 5384 522 5432 sunt
541 5377 582 5432 bas
600 5379 767 5448 posteriores
792 5379 888 5435 litterae
907 5377 1040 5435 Vercellis
1090 5393 1120 5440 ut
1135 5383 1203 5439 ordo
1218 5382 1247 5441 S.
1270 5384 1413 5456 Augustini
1433 5382 1461 5438 iu
1475 5383 1602 5447 ecclesia,
1626 5381 1661 5437 ad
1675 5381 1814 5438 bonorem
1828 5379 1886 5441 liei,

249 5459 294 5502 xvv
307 5444 440 5500 llal.tatti
455 5446 577 5515 ejusdem
592 5450 666 5504 anni.
683 5448 749 5506 Vide
765 5451 792 5506 in
808 5450 931 5515 Etitouio
946 5449 987 5504 lll.
1090 5464 1117 5512 et
1136 5457 1320 5526 apostolorum
1340 5455 1415 5510 Petri
1430 5463 1459 5510 et
1471 5454 1560 5518 Pauli,
1575 5463 1602 5509 et
1615 5452 1646 5508 B.
1669 5453 1820 5508 &noveta
1833 5456 1887 5506 sir-

260 5586 266 5598 ·
285 5513 341 5598 (111)
355 5515 414 5572 Non
431 5518 584 5600 audiendus
604 5521 687 5590 igitur
708 5520 828 5593 scriptor
840 5519 909 5578 Vitae
924 5519 953 5576 S.
970 5520 1041 5576 wit-
1091 5527 1172 5597 ginis,
1188 5527 1285 5582 borum
1300 5527 1455 5597 patrocinio
1467 5526 1672 5590 institueretur;
1694 5525 1796 5582 mrtltis
1814 5539 1887 5580 asse·

249 5585 332 5648 ltclmr
349 5587 458 5646 abbatis
471 5587 689 5656 lioscbildensis,
706 5593 752 5646 ubi
766 5593 825 5646 ait:
1091 5613 1156 5653 rens
1171 5597 1379 5662 assertionibus,
1402 5598 1475 5667 quod
1498 5596 1607 5652 facilius
1621 5611 1655 5650 ex
1674 5597 1887 5652 contumacibus

287 5674 297 5708 t
316 5655 408 5714 abbas
423 5659 514 5730 itaque
527 5661 555 5718 S.
567 5659 697 5724 Victoris,
712 5671 853 5734 comperto
867 5677 962 5720 eorum
978 5677 1042 5718 con·
1092 5670 1147 5727 iilis
1163 5669 1197 5723 ad
1211 5669 1364 5741 regularem
1382 5669 1466 5724 vitam
1477 5671 1600 5738 ipsorum
1617 5681 1701 5736 quarn
1718 5667 1754 5722 ad
1764 5667 1886 5722 balatu

250 5724 312 5780 silio
326 5726 360 5782 tle
372 5729 530 5788 mutationis
548 5731 663 5796 ordinis,
680 5731 819 5788 domiuum
840 5749 938 5805 papam
956 5739 984 5788 et
998 5749 1044 5788 re·
1091 5748 1120 5798 et
1132 5739 1357 5798 cousuetudinem
1373 5739 1569 5797 monachorum
1583 5747 1851 5796 converterentur.»

251 5808 312 5870 gem
333 5795 499 5856 budovicu'm
521 5802 648 5880 precibus
662 5802 851 5884 *circumveni-t
873 5803 1041 5873 affectuosis,
