3967 6334
98 338 170 396 lios
459 341 491 397 b.
512 341 595 399 titii.
615 342 787 399 uiihotih
803 343 1101 403 obscurationis,
1120 376 1156 387 -
1173 343 1206 401 tit·
1226 344 1290 401 iic.
1311 337 1367 401 ill.
1665 341 1745 401 itit.
1793 340 1794 345 '

97 455 200 522 cados,
208 455 363 510 sinehabeat
374 472 467 511 curaris
476 458 637 528 propiciare
646 476 709 523 nori,
718 458 889 516 etdicconas.
905 460 1140 527 Aeoiitinentiam
1165 460 1297 531 profiteri.
1320 457 1356 513 i‘t
1380 458 1471 521 enim,
1488 456 1576 527 inquii
1597 456 1740 522 Basilius,

99 524 376 594 diaspersecticniliii
391 528 890 599 eliadestquciiicotamcontlcentiae,
944 533 1061 601 epistola
1084 530 1103 584 Ω
1133 530 1178 585 ad¹
1193 529 1433 600 Amphilochium,
1450 542 1510 599 cap.
1535 528 1582 582 itt:
1613 528 1733 583 i'irorsm

97 596 130 653 de
145 611 213 667 quc:
229 595 281 663 Qui
297 604 388 667 potest
405 613 515 668 capere,
528 600 619 669 capiat
632 598 741 672 (Metili.
754 616 820 665 xix,
834 601 891 670 li).
942 603 1133 671 professionem
1141 602 1319 657 senuerimus
1327 607 1422 669 preter
1429 615 1473 654 eos
1484 599 1529 669 qui
1537 599 1637 669 seipsos
1644 616 1735 653 aionc-

134 666 188 721 lilii
213 674 306 723 tamen
330 665 450 737 (quihus
473 669 698 743 subscribimus)
721 671 893 727 commodius
944 668 1735 751 cioramordiniaddixerunt,391quiinnteuidentnrere-

98 738 222 793 referunt
236 738 271 791 ad
285 744 409 809 tempora
424 736 549 809 Gregorii
564 741 662 810 primi,
678 756 759 811 quem
774 757 836 797 esse
850 741 891 795 di·
944 743 1057 799 liliatam
1070 742 1219 798 admisisse.
1234 741 1321 809 Quam
1330 740 1528 795 continentiam
1540 739 1575 794 ita
1584 742 1734 795 monacha-

98 816 182 870 cunt‚
198 807 233 865 ds
253 823 307 877 quo
327 806 504 865 innocentius
528 811 627 867 citatus
647 812 778 881 loquitur.
800 811 829 866 Si
851 813 893 866 ni-
943 828 1005 869 rum
1021 821 1110 870 status
1133 814 1272 885 propriam
1288 827 1350 867 esse
1365 811 1488 867 declarat
1511 807 1760 873 innocentiani)

97 876 159 949 dein
174 878 246 933 libro
263 879 380 948 r,epist.
393 878 444 944 ti,
459 881 607 937 occasione.
620 829 891 952 amquormniam
942 894 1022 938 extra
1037 884 1076 939 De
1090 893 1162 938 stata
1177 881 1382 945 monachorum,
1397 896 1458 951 cap.
1471 880 1538 936 Cani
1554 880 1588 935 rid
1604 890 1735 935 monaste-

101 948 201 1003 sicilie
213 948 465 1013 subdiaconorum,
481 951 528 1021 qni
540 952 681 1008 continere
690 952 828 1015 nolebant,
841 968 892 1008 nec
943 956 1031 1020 rium,
1049 962 1079 1010 ut
1093 956 1121 1010 in
1135 970 1167 1010 ea
1182 955 1342 1023 dispensare
1356 967 1448 1023 posse,
1464 952 1612 1015 neminem,
1627 968 1662 1007 rie
1672 954 1735 1023 qui·

97 1020 133 1071 ab
149 1020 290 1083 uxoribus,
317 1034 386 1089 quas
401 1020 553 1084 duxerant,
569 1022 726 1088 abstinere,
747 1022 788 1077 sic
804 1023 893 1094 impo-
942 1024 1005 1081 dem
1020 1040 1158 1081 summum
1178 1022 1352 1096 pontificem,
1369 1030 1484 1077 asserat.

97 1095 202 1143 sternia
218 1104 281 1145 esse
304 1090 457 1145 careiidum
483 1101 594 1147 riiocet:
613 1092 687 1148 Unde
701 1091 804 1148 ridetur
827 1094 892 1147 milii
977 1094 1077 1150 Forma
1093 1102 1184 1151 autem
1219 1092 1380 1150 rolessionis
1394 1092 1466 1163 apnd
1480 1091 1672 1149 benedictinos
1688 1108 1738 1149 so-·

96 1167 127 1212 nt
148 1160 304 1229 apresenti
319 1158 362 1214 dic
378 1162 505 1229 episcopis
520 1163 640 1217 omnihus
656 1164 773 1227 dicatas,
790 1172 818 1217 at
830 1163 892 1217 nul·
940 1163 1069 1221 lemniter
1082 1110 1247 1230 emitteniae,
1268 1166 1325 1219 ham
1338 1170 1390 1227 est,
1407 1170 1437 1218 ut
1452 1162 1615 1220 observatur
1628 1163 1734 1219 incon·

97 1229 153 1281 trin
169 1230 463 1302 subdiacnnamJacere
474 1243 654 1301 presentant,
669 1235 720 1289 arisi
734 1235 780 1305 qui
803 1250 832 1289 sc
850 1236 891 1289 ci·
941 1236 1099 1307 gregationc
1112 1233 1251 1292 Gallicana
1267 1234 1296 1291 S.
1313 1232 1399 1289 Mauri
1415 1252 1443 1289 :r
1457 1232 1609 1289 innomine
1625 1232 1744 1295 Domini¹

95 1309 202 1353 ciarum
217 1310 290 1356 caste
303 1302 471 1369 priniiscrr't,
486 1310 539 1358 ete.
940 1308 1028 1362 nostri
1044 1306 1108 1362 iesu
1123 1306 1236 1363 Christi.
1251 1306 1348 1359 Anien.
1367 1305 1446 1359 hiano
1467 1320 1483 1359 a
1502 1304 1732 1371 Nativitatccr'us-

134 1370 222 1441 liujus
232 1381 314 1427 etiam
331 1372 563 1428 subdiaconorum
579 1373 720 1429 caelihatus
738 1374 889 1445 antiquita·
939 1376 1014 1433 dern.
1023 1376 1069 1443 N.,
1081 1376 1125 1431 die
1135 1375 1168 1433 N.
1177 1376 1291 1433 mensis.
1302 1374 1348 1439 N.,
1360 1389 1411 1445 ego
1424 1374 1509 1430 frater
1521 1372 1554 1429 lt.
1566 1374 1601 1429 de
1610 1375 1657 1429 tali
1673 1376 1743 1429 toto

94 1447 151 1494 tem
168 1442 196 1496 in
220 1442 344 1497 Ecclesia
359 1458 422 1497 cum
445 1441 556 1505 Grmca,
572 1451 631 1497 tum
656 1444 772 1509 Latina,
791 1446 890 1515 prohat
939 1445 973 1504 ΙΙ.
988 1448 1117 1504 diaecesis
1131 1446 1176 1512 it,
1200 1446 1330 1519 promitto
1347 1445 1523 1501 stabilitatem
1537 1446 1736 1501 etconversio·

94 1510 242 1584 insigniter
253 1523 349 1569 rrosier
359 1512 527 1570 Ratramnus
540 1514 716 1571 Corbeiensis
725 1516 887 1582 monachus,
939 1533 1003 1573 nem
1014 1532 1121 1573 morum
1135 1532 1268 1583 meorum,
1282 1524 1310 1573 et
1323 1516 1505 1572 obedientiam
1520 1516 1670 1571 secundum
1679 1514 1745 1573 lle«.

95 1582 229 1638 adfinem
247 1591 380 1641 tractatus
394 1584 437 1638 sui
448 1582 487 1640 lie
501 1585 677 1656 processione
693 1583 812 1655 Spiritus
824 1600 890 1641 sari-
939 1589 1031 1660 gulam
1046 1587 1074 1643 S.
1092 1586 1122 1643 P.
1136 1587 1292 1651 Benedicti,
1312 1600 1405 1642 eoram
1424 1585 1479 1641 lieo
1500 1592 1527 1642 et
1549 1588 1653 1642 sanetis
1671 1586 1744 1643 e'us.

95 1653 135 1707 cti
149 1662 245 1708 contra
260 1652 381 1717 Grecos,
393 1654 422 1710 in
437 1656 517 1724 cujus
532 1656 585 1711 fine
599 1658 769 1726 respondens
784 1656 819 1711 ad
834 1658 889 1712 sin·
938 1673 1056 1730 quornm
1084 1659 1141 1715 relir
1154 1659 1206 1715 uiae
1226 1657 1363 1713 habentur
1386 1655 1414 1711 in
1432 1656 1483 1711 hoc
1505 1658 1671 1713 monasterio
1684 1602 1731 1720 it..

93 1723 161 1793 gula
176 1739 270 1779 eorum
284 1726 393 1796 obiecta
406 1732 502 1780 eontra
516 1726 640 1791 Latinos,
652 1739 680 1782 et
693 1728 812 1781 maxime
826 1742 889 1782 con-
939 1730 968 1785 in
985 1729 1108 1785 diocesi.
1124 1744 1134 1783 i
1150 1770 1175 1795 .,
1191 1729 1243 1785 sub
1257 1726 1466 1799 congregatione
1481 1724 1510 1781 S.
1527 1726 1612 1782 Mauri
1626 1727 1744 1787 ordinis.

95 1802 141 1850 tra
167 1796 338 1863 caelibatum3
366 1796 511 1852 recensitis
532 1797 616 1866 prius
640 1797 749 1852 concilii
774 1796 887 1865 Niceni,
903 1826 926 1881 B
941 1799 970 1856 S.
986 1799 1146 1865 Benedicti3
1179 1800 1207 1854 in
1222 1799 1368 1871 praesentia
1380 1795 1414 1852 ΙΙ.
1428 1796 1458 1851 Ρ.
1475 1796 1568 1852 domni
1581 1796 1614 1853 N.
1629 1807 1656 1854 et
1670 1814 1732 1855 nto·

92 1861 316 1929 Neocesariens.‚
333 1873 386 1922 etc.
403 1866 566 1931 canonibus,
581 1876 607 1923 et
624 1864 725 1923 iustini
741 1867 887 1938 imperato·
940 1872 1091 1926 pachorum
1106 1870 1228 1941 ejusdem
1243 1868 1412 1925 monasterii.
1430 1866 1471 1923 Ad
1486 1868 1565 1937 cujus
1585 1869 1625 1925 rei
1640 1867 1730 1931 tidem,

91 1935 136 1991 ris
150 1937 357 2003 constitutione,
374 1938 415 1994 sic
430 1938 607 2009 prosequitur
628 1956 636 1993 ι
654 1957 663 1989 r
683 1937 807 1993 Praesens
823 1954 887 1995 san·
940 1941 1012 1999 hanc
1039 1940 1197 1997 schedulam
1226 1954 1274 1996 seu
1297 1939 1474 2010 petitionem,
1508 1953 1592 1993 manu
1620 1939 1733 2009 propria

92 2008 153 2061 ctio
167 2005 317 2064 dubietatis
334 2023 442 2064 omnem
463 2008 608 2079 caliginem
624 2022 764 2063 removere
787 2023 888 2081 cogne-
940 2012 1055 2083 scripsi,
1079 2012 1124 2067 die
1148 2018 1175 2067 et
1197 2026 1269 2067 anno
1290 2011 1391 2082 quihus
1415 2020 1508 2079 supra.
1528 2028 1538 2061 i
1562 2006 1600 2063 Ea
1618 2014 1732 2063 ittuntur

91 2078 197 2143 scitur,
209 2078 378 2135 interdicens
391 2079 554 2144 manifeste,
570 2094 626 2134 non
640 2080 729 2135 solum
744 2080 888 2152 preshyte-
938 2082 1042 2148 etiam,
1057 2082 1152 2153 paucis
1164 2082 1296 2147 omissis,
1315 2080 1539 2149 carthusiensem
1560 2079 1665 2147 nullibi
1683 2094 1733 2135 ex-

91 2149 137 2203 ris
161 2157 188 2203 et
204 2148 384 2218 diaconibus,
407 2149 456 2204 sed
479 2150 563 2205 etiam
584 2148 761 2206 subdiaconis
785 2158 813 2206 et
826 2151 888 2207 aliis
939 2167 1035 2225 presso
1049 2152 1226 2209 continentiae
1240 2160 1314 2207 roto.

90 2218 306 2345 quibuscunpue
325 2222 354 2275 in
375 2219 466 2286 clero,
481 2220 696 2276 matrimonium.
711 2219 889 2276 interdicitur
974 2222 1073 2279 Clerici
1087 2225 1115 2278 in
1127 2224 1219 2289 claro,
1235 2223 1299 2279 laici
1314 2229 1375 2277 sant
1389 2218 1745 2290 eretria.llircnaiJectisunt¹

92 2297 126 2345 ut
139 2290 168 2344 in
185 2305 234 2345 sua
267 2306 330 2345 omn
346 2297 568 2361 praetermatrem
579 2300 607 2346 et
621 2306 669 2346 eas
683 2306 888 2363 personasque
938 2294 1005 2350 olim
1021 2294 1055 2349 ad
1070 2295 1157 2350 altare
1173 2304 1200 2351 et
1215 2294 1329 2349 chorum
1350 2290 1479 2352 cancelli,
1500 2290 1535 2345 ad
1550 2292 1659 2347 turham
1681 2290 1735 2345 lai-

90 2360 571 2431 suspicionisturpitudinecareant,
582 2360 706 2417 hahitare
716 2362 792 2416 nullo
806 2364 888 2418 modo
938 2380 1035 2422 corum
1051 2365 1209 2431 arcendam,
1226 2380 1259 2421 eo
1274 2362 1425 2435 prasertim
1436 2362 1496 2416 loco
1509 2362 1555 2431 qui
1572 2362 1638 2417 solis
1651 2361 1733 2416 cleri·-

90 2430 265 2501 permittant.
281 2430 511 2487 Praeraricatores
525 2438 634 2493 autem.
650 2433 675 2488 si
689 2432 808 2488 conuicti
827 2432 888 2488 fae·
938 2436 980 2493 cis
997 2442 1070 2507 patet
1086 2455 1092 2492 :
1108 2450 1168 2507 cap.
1188 2437 1201 2492 Ι
1217 2442 1293 2492 ertra
1311 2433 1350 2488 De
1363 2434 1417 2489 sita
1431 2441 1456 2487 et
1469 2431 1604 2487 lionestcte
1621 2430 1744 2487 clerica.

90 2502 168 2566 rint,
184 2502 259 2559 clero
280 2503 379 2573 depelli
399 2503 575 2570 decernit3et
598 2501 632 2556 ad
655 2503 812 2574 ignominias
829 2519 889 2574 pte·
938 2524 1009 2570 rani,
1026 2515 1139 2576 excepta
1151 2506 1284 2577 imperiali
1298 2504 1440 2573 majestate
1449 2508 1476 2558 et
1486 2504 1570 2573 regia,
1588 2502 1731 2557 huicenim

89 2587 159 2626 nam
178 2574 247 2629 tales
261 2574 346 2629 cariae
366 2573 564 2644 mancipandos
577 2587 639 2628 esse
655 2574 734 2644 jubet
750 2572 856 2631 ciliciis.
875 2593 885 2629 i
938 2578 968 2632 in
978 2578 1122 2639 unctionis
1135 2584 1162 2631 et
1177 2577 1257 2647 regiae
1267 2574 1409 2646 potestatis
1423 2574 1637 2635 venerationem,
1649 2571 1732 2627 etiam

89 2640 128 2701 Et
151 2649 216 2714 post
237 2657 341 2715 pauca:
362 2663 371 2695 r
390 2642 488 2699 [licant
505 2643 588 2714 igitur
610 2643 723 2713 gloriosi
750 2644 888 2716 principes
938 2649 1012 2703 intra
1027 2647 1164 2703 cancellos
1180 2648 1285 2709 altaris,
1302 2645 1671 2713 liberumesseetpateutem
1687 2642 1734 2695 ad·

90 2712 253 2768 Graecorriin
267 2754 275 2781 ,
289 2730 343 2785 qua
359 2713 583 2785 presumptionis
597 2714 711 2769 audacia
726 2712 807 2780 freti,
822 2732 889 2771 con·
939 2717 1157 2787 iinon-disputat
1172 2716 1315 2772 balsamon
1339 2714 1367 2769 in
1383 2728 1445 2768 can.
1462 2714 1496 2767 titt
1517 2722 1600 2768 sertae
1614 2711 1730 2783 synodi,

89 2792 136 2838 tra
148 2786 298 2839 consitium
311 2786 457 2855 titulorum.
474 2791 570 2839 colina
582 2784 655 2854 teges
668 2783 809 2848 Ecclesiae,
825 2800 890 2841 coii-
939 2789 993 2845 nisi
1008 2789 1105 2845 sceleri
1117 2788 1198 2843 alieni
1210 2793 1257 2841 aui
1270 2783 1565 2839 mareistais-entitur
1578 2782 1730 2861 obstnetac

87 2861 137 2908 tra
148 2856 375 2910 consuetudinem
388 2856 522 2911 hactenus
531 2863 720 2910 conservatam
732 2856 889 2911 venirenon
939 2859 1012 2931 qnod
1032 2857 1186 2915 theudosio
1210 2855 1369 2927 imperatori
1393 2851 1423 2909 S.
1452 2854 1614 2909 Arnbrosius
1636 2852 1733 2920 objicit

88 2926 247 2980 verentur?
261 2924 401 2983 Romanos
424 2934 506 2997 atque
526 2924 640 2981 Latinos
657 2925 889 2996 reprehendentes
940 2928 1233 3001 apndTheodoretum,
1249 2924 1483 2995 lib.rllist.,cap.
1496 2923 1733 3003 l8.Quosaltaris

88 2995 168 3066 qaod
193 2996 352 3067 episcopis,
370 2996 557 3069 preshyteris,
574 2995 662 3051 ieritis
681 3005 763 3067 atque
778 2996 891 3053 subdia·
939 3000 1079 3057 cancellos
1093 3016 1124 3056 ex
1139 3000 1227 3070 prima
1243 2998 1330 3053 lusisse
1345 3003 1372 3051 et
1386 2994 1578 3065 antiquissima
1593 2992 1732 3048 Ecclesia·

87 3067 172 3122 conis
183 3081 284 3123 uxores
294 3068 395 3123 ducere
410 3083 466 3122 non
480 3066 645 3122 concedunt.
663 3064 734 3122 Ecce
746 3068 820 3123 enim
838 3068 890 3121 im·
940 3087 1000 3126 rmn
1022 3069 1141 3133 fabrica,
1169 3074 1278 3124 constat
1295 3066 1364 3123 satis
1385 3080 1419 3121 ex
1437 3066 1601 3137 panegyrico
1624 3062 1733 3117 Paulini

88 3137 243 3207 perietibus
257 3147 446 3208 coarguuntur
461 3138 576 3208 lacibus.
591 3151 664 3209 que,
685 3152 748 3191 cum
765 3151 817 3208 pro
831 3136 889 3191 tio·
940 3141 1063 3211 episcopi
1074 3140 1150 3212 tyri,
1163 3139 1211 3194 uit
1223 3138 1403 3209 sepimentum
1418 3150 1453 3191 ex
1469 3136 1542 3205 tigno
1557 3134 1732 3189 reticulatum
1798 3172 1800 3175 .

88 3208 184 3263 ruanis
195 3215 278 3279 atque
288 3206 393 3265 Latinis
404 3209 542 3272 sanciunt,
551 3223 600 3264 eos
608 3207 655 3280 qui
663 3208 885 3273 contraveniunt,
902 3196 1055 3266 Cessator
1069 3210 1141 3281 apud
1151 3209 1312 3268 Eusebium.
1332 3205 1417 3264 Locus
1433 3216 1521 3261 ratem
1536 3204 1686 3283 sciretucrii
1702 3204 1733 3264 in

86 3279 191 3347 procul
206 3278 289 3333 dubio
298 3277 492 3336 condemnant.
509 3298 519 3330 i
538 3278 634 3334 Exstat
653 3277 699 3333 hic
713 3286 810 3333 auctor
824 3294 885 3333 ma·
936 3284 1047 3351 speciem
1065 3280 1191 3352 quadrati
1214 3278 1345 3339 columnis
1372 3274 1530 3335 sublimibus
1551 3283 1590 3329 est
1615 3272 1745 3355 undiquc·

85 3350 255 3419 nuscriptus
275 3349 302 3403 in
318 3350 419 3405 celebri
435 3349 600 3405 bibliotheca
619 3347 749 3413 Thoana,
767 3364 828 3419 quai
841 3364 887 3405 re-
936 3356 1138 3422 circumseptas,
1156 3366 1269 3423 querum
1283 3347 1371 3403 media
1386 3346 1600 3401 intercollcsitnt
1615 3346 1732 3401 increa-

86 3416 261 3475 fertissimns
275 3420 446 3491 antiquitatis
461 3434 559 3491 penus,
573 3419 643 3477 erud
653 3427 747 3475 torum
763 3420 886 3475 omnium
937 3424 998 3486 tiis,
1012 3422 1084 3494 liquo
1098 3423 1185 3481 instar
1199 3421 1262 3476 retis
1281 3427 1328 3481 sat
1350 3426 1499 3473 transeunte
1526 3415 1681 3471 cancellatis
1701 3415 1741 3471 iri

85 3491 165 3545 votis
178 3488 312 3546 hactenus
325 3490 469 3547 satisfecit.
935 3495 1093 3549 cudicerem
1108 3500 1133 3546 et
1148 3490 1303 3563 aequabilem
1319 3488 1510 3559 lonqitudirirni
1527 3487 1668 3557 porrectis,
1679 3500 1731 3539 cir·

127 3560 209 3623 apsi
223 3578 271 3616 isos
283 3562 354 3616 esim
372 3562 447 3616 nulio
460 3559 609 3623 sacerdoli,
625 3567 678 3615 etc.
694 3558 745 3615 iiie
756 3566 784 3616 et
796 3558 825 3613 in
841 3575 886 3615 se·
936 3566 1082 3621 camelitas.
1098 3562 1159 3618 Lib.
1172 3578 1189 3617 x
1202 3560 1285 3627 ilisa,
1303 3575 1364 3631 cap.
1378 3559 1404 3615 Ι.

85 3638 189 3701 quenti
205 3640 280 3687 textu
304 3633 403 3702 capitis
425 3632 458 3688 tt
482 3630 555 3687 infra
579 3630 698 3697 citandi,
720 3630 885 3689 obscuritati
971 3634 1013 3691 hh
1031 3632 1187 3703 hujusmodi
1201 3630 1332 3687 cancellis
1346 3629 1414 3685 dicti
1430 3635 1494 3685 sunt
1508 3628 1574 3683 olim
1589 3625 1729 3707 cancella3

85 3703 156 3773 plns
172 3718 252 3773 equo
265 3701 372 3759 videtur
393 3703 540 3759 indulsisse
553 3700 665 3758 Pullus:
681 3701 761 3771 eujus
778 3716 886 3773 germa·
935 3705 977 3761 rii
995 3704 1168 3777 principum,
1190 3703 1262 3773 quod
1287 3717 1348 3773 quic
1367 3698 1448 3755 oflicii
1469 3706 1498 3754 et
1519 3698 1664 3779 ministerii
1686 3712 1743 3779 sni„

84 3788 161 3828 num
177 3789 290 3829 sensum
304 3789 368 3828 cuni
391 3789 436 3829 mc
457 3775 546 3829 solum
561 3772 671 3843 assequi
685 3786 767 3843 posse
783 3772 885 3827 'merito
935 3784 1029 3841 erant,
1044 3775 1214 3848 explicarent
1225 3774 1296 3828 intra
1312 3770 1453 3827 cancellos
1463 3770 1560 3841 positi,
1584 3767 1609 3821 td
1626 3774 1669 3850 est
1685 3783 1730 3848 in·

84 3842 260 3909 diffiderem,
275 3844 370 3915 plures
380 3844 471 3909 adiri,
485 3844 533 3916 qui
548 3844 704 3902 caecutienti
715 3841 782 3898 mihi
797 3841 885 3897 lucem
935 3848 1008 3903 clusi
1022 3847 1111 3918 ligneo
1130 3844 1249 3916 quodam
1264 3844 1433 3913 sepimento,
1454 3855 1509 3911 quo
1527 3840 1671 3921 molestius
1692 3854 1731 3892 rr·

83 3913 265 3969 affundertni
285 3934 291 3969 :
315 3930 386 3986 quos
410 3915 492 3980 iuter,
518 3915 712 3974 commodum.
734 3914 763 3968 ni
794 3912 884 3979 fallor.
936 3915 1180 3973 ruenteniturbam
1196 3914 1407 3977 submoverent,
1428 3918 1456 3967 et
1472 3911 1507 3968 ab
1521 3910 1648 3965 omnibus
1664 3924 1732 3963 con·

84 3984 185 4042 illuxit
198 3986 424 4041 eminentissima
437 3985 537 4041 domus
547 4000 576 4041 re
596 3986 639 4040 ius
653 3983 794 4055 professor
808 3982 840 4041 D.
851 3983 885 4039 dc
936 3988 1005 4059 spici
1014 3992 1126 4059 possent
1137 3984 1206 4041 citra
1215 3984 1370 4041 molestiam
1380 3980 1623 4053 autaegritudinem
1633 3994 1743 4061 (μιξιιιι-Ι

84 4054 303 4119 Samae-Reum,
316 4056 364 4129 qui
379 4057 494 4113 remotis
508 4002 635 4111 obiciiius
648 4070 719 4126 quos
733 4054 760 4109 in
772 4061 885 4109 auctore
935 4075 1062 4129 cunque,
1079 4065 1111 4113 ut
1120 4062 1163 4113 est
1178 4055 1300 4126 apertius
1315 4052 1387 4124 apud
1400 4052 1544 4133 Agathiam
1560 4051 1729 4131 libro-primo

82 4126 220 4188 verebar,
232 4126 273 4181 sic
283 4126 357 4183 iliius
366 4134 500 4191 mentem.
512 4142 645 4197 suamque
658 4126 754 4195 paucis
765 4126 884 4194 aperuit.
935 4128 1039 4185 Histor.
1052 4169 1060 4194 ,
1079 4136 1106 4184 et
1119 4125 1315 4183 cassiodorum
1327 4123 1456 4193 rapisti,
1477 4122 1524 4177 hb.
1541 4135 1559 4173 r
1572 4118 1728 4177 Venarum.

86 4216 99 4249 ι
112 4196 193 4267 Apud
203 4213 251 4251 llos
261 4198 341 4261 ettl'ttt,
351 4197 511 4262 eic.,tterbis
522 4196 583 4251 islis
596 4204 692 4251 auctor
699 4194 788 4251 reddit
800 4195 885 4249 rhiio-
934 4199 996 4267 Quo
1011 4198 1239 4255 cancellariorum
1253 4209 1367 4251 munere
1376 4191 1493 4263 i(Patres
1509 4192 1580 4245 inter
1594 4205 1731 4262 purpura.

81 4284 171 4331 nent.
190 4276 304 4338 hwile?
326 4282 410 4339 titiani
435 4268 564 4323 muheres
588 4282 635 4323 eas
658 4283 719 4337 quic
742 4266 886 4337 patiuntur
936 4279 980 4326 tos
994 4268 1143 4342 praecipuo)
1165 4282 1216 4323 usa
1235 4268 1315 4321 etiam
1336 4263 1477 4327 Ecclesia,
1500 4268 1529 4317 et
1548 4276 1602 4331 quo
1618 4262 1743 4341 functus,

81 4339 237 4409 amplexus
260 4340 452 4400 sacerdotum,
475 4352 539 4393 mox
557 4338 735 4409 appellaverit
759 4337 886 4391 meretri·
936 4357 985 4425 per
1003 4342 1108 4412 aliquot
1126 4354 1214 4394 annos
1231 4334 1371 4399 liobertus
1388 4341 1492 4390 noster.
1519 4331 1655 4413 Sedcurii
1671 4346 1729 4400 ram

81 4424 156 4475 ees;
173 4409 238 4479 quia
253 4408 397 4472 videlicet,
411 4406 490 4478 ipit
506 4424 563 4471 ποῦ,
579 4410 702 4471 hocest,
718 4408 747 4461 in
761 4404 884 4461 Ecclesia
936 4428 965 4468 m
985 4426 1046 4467 earn
1068 4409 1235 4466 excrevisset
1260 4404 1466 4469 auctoritatem,
1485 4417 1546 4473 quae
1567 4409 1657 4483 itineri
1680 4416 1730 4483 po·

80 4476 236 4545 Romana,
255 4479 330 4533 suita
344 4494 440 4536 earnm
452 4479 582 4535 sicciori
596 4478 737 4551 capitatur
751 4477 882 4559 conjurio·
936 4483 1053 4545 inisset,
1077 4480 1198 4552 dignitas
1212 4478 1275 4543 iiia,
1296 4488 1445 4547 suppresso
1459 4472 1615 4528 cancellani
1628 4469 1728 4553 omero,

79 4548 172 4616 Qti⁰d
207 4550 303 4614 robat,
320 4550 445 4621 pacatam
455 4548 561 4620 quando
582 4547 714 4604 iiitiwm
732 4545 882 4611 diuitum,
900 4541 978 4610 1ivel
995 4554 1086 4625 potius
1101 4550 1275 4615 auctoritate,
1287 4547 1373 4603 creati
1384 4550 1452 4615 ,sunt
1465 4542 1691 4600 vicecancellarii.
1737 4598 1739 4601 ,

80 4620 164 4703 lieet.
180 4566 266 4686 inssi
280 4622 320 4675 sic
332 4627 546 4691 argumentetur.
562 4618 628 4686 Qtrae
638 4620 737 4675 mulier
754 4625 832 4675 extra
845 4618 884 4689 le·
1227 4657 1342 4717 “FUT
1362 4656 1419 4715 xm

78 4698 218 4759 gitnnum
235 4691 394 4761 conjugium
415 4695 474 4745 uiro
495 4692 703 4755 commiscetur,
722 4696 884 4745 eaestme-
1134 4718 1136 4725 ι
1237 4695 1247 4715 ¹
1361 4750 1389 4761 ..
1577 4752 1579 4755 .
1658 4745 1663 4758 ,

77 4761 195 4816 retrix:
212 4762 260 4817 sed
271 4776 334 4833 quac
350 4760 486 4817 sacerdoti
495 4762 688 4817 commiscetur
705 4774 739 4815 ea
763 4759 823 4814 viro
835 4774 884 4814 ex·
971 4754 1044 4809 Nam
1054 4755 1135 4825 jueta
1147 4754 1284 4823 uniquam
1296 4748 1487 4813 traditionem.
1501 4746 1567 4802 Eam
1576 4760 1741 4818 reperimus

77 4841 130 4885 tra
154 4831 306 4902 legitimum
320 4831 478 4901 conjugium
492 4830 777 4901 commiscetur,qnod
788 4838 879 4886 osten·
935 4826 1007 4898 apud
1022 4824 1130 4882 leonem
1142 4840 1163 4878 n
1180 4829 1257 4894 parte
1265 4821 1389 4903 decreti,
1405 4834 1431 4877 c.
1448 4819 1485 4903 Sl
1490 4834 1536 4901 'er
1550 4833 1566 4873 e
1583 4817 1665 4901 istola
1680 4815 1739 4872 Pa.

75 4902 177 4966 (litor,
187 4902 253 4973 quia
268 4902 367 4958 mulier
379 4916 461 4972 quam
477 4901 614 4957 licetviro
623 4901 761 4956 dimittere
774 4900 884 4972 quaudo
935 4898 1047 4961 schalis,
1065 4896 1108 4949 rel
1119 4902 1150 4949 nt
1166 4894 1259 4964 legunt
1278 4892 1338 4956 ahi,
1356 4889 1515 4974 faschasii:
1533 4902 1541 4941 t
1578 4947 1581 4952 ,
1603 4902 1665 4971 qurs
1679 4904 1739 4943 au-.

74 4973 175 5036 libet,
197 4987 229 5027 ea
255 4973 315 5029 viro
337 4980 416 5029 extra
444 4972 595 5042 legitimum
622 4972 779 5043 eonjugium
804 4986 882 5025 coni·
933 4976 990 5024 mm
1004 4965 1137 5039 objecerit
1146 4980 1202 5021 non
1216 4969 1511 5025 consecrationesemr,
1527 4957 1575 5015 sed
1588 4974 1634 5015 res
1642 4974 1726 5029 ipsas.

73 5044 234 5098 niiscetur.
254 5042 331 5098 Licet
348 5050 440 5099 autem
460 5041 596 5098 sacerdoti
612 5042 750 5098 dimittere
773 5040 883 5111 quando
933 5054 994 5110 quie
1008 5054 1042 5093 eii
1056 5034 1264 5093 consecratione
1278 5033 1462 5105 proveniunt,
1481 5032 1591 5101 penitus
1603 5030 1729 5099 desipere
1831 5042 1833 5048 ⁴

74 5112 360 5169 libetmulieremcui
375 5112 582 5169 commiscetur:
593 5129 625 5169 cr
643 5122 732 5178 o,ete.
748 5132 758 5164 i
776 5111 880 5167 sleille.
933 5110 1075 5181 probatur.
1093 5106 1162 5161 Nam
1178 5120 1241 5161 curn
1262 5120 1311 5161 cor
1331 5103 1417 5184 omlis
1446 5100 1587 5166 Ecclesia,
1609 5106 1656 5155 aut
1674 5102 1729 5181 epti-

121 5182 274 5239 Monachus
282 5186 339 5254 ipso
347 5184 407 5239 aitoe
416 5199 472 5238 sue
478 5182 602 5239 lectitaret
611 5128 722 5238 cierent
730 5184 803 5238 sarri
813 5180 884 5236 ordi-
934 5194 1045 5249 scopus.
1058 5177 1215 5259 autuab'bas,
1229 5176 1283 5231 tale
1297 5120 1399 5245 ailquid
1410 5172 1469 5256 sipe
1483 5172 1566 5254 rebus
1577 5172 1728 5251 corporali-

73 5254 128 5309 rir's
186 5254 258 5319 adm·
272 5264 380 5326 surque
393 5253 490 5326 absque
513 5270 573 5309 cors
586 5254 773 5309 continentiam
793 5254 880 5321 reipsa
932 5246 1212 5306 husctexterioribus
1224 5248 1252 5302 in
1263 5245 1339 5301 nullo
1347 5244 1567 5327 prphcratsmpt
1575 5256 1625 5297 nec
1637 5255 1728 5294 eninm

72 5270 241 5395 propitiine.
260 5323 320 5380 Non
336 5324 452 5380 nescirit
465 5324 560 5380 Pullus
579 5325 666 5396 ipsam
684 5323 881 5379 monachorum
933 5322 993 5377 sine
1006 5333 1123 5389 corpore
1138 5317 1321 5387 corporaliter
1336 5320 1422 5369 rirrt:
1439 5312 1671 5395 Quisquiscoram
1685 5308 1728 5391 ela
1781 5389 1784 5394 Α
1855 5351 1856 5354 ,

72 5396 320 5451 consuetudinem
335 5395 495 5450 solemniter
505 5394 667 5465 profitendi;
681 5395 730 5450 sed
743 5410 806 5449 curn
820 5392 881 5462 ejus
933 5401 1019 5447 teram
1040 5387 1127 5445 cendit
1143 5389 1200 5444 siue
1213 5403 1264 5459 qao
1285 5402 1332 5467 nec
1350 5384 1464 5468 aiteram
1484 5382 1576 5463 habers
1600 5388 1726 5463 potuerit,

72 5466 193 5523 saeculo
206 5467 330 5522 omnium
345 5466 489 5522 notissima
502 5473 574 5521 esset
589 5464 692 5537 Regula
705 5464 881 5521 Benedictina
931 5472 1055 5517 nestrum
1065 5457 1174 5515 uendere
1184 5474 1237 5514 rien
1248 5456 1414 5527 derelinquit.
1438 5454 1525 5537 Quam
1541 5462 1632 5509 tamen
1651 5452 1727 5521 obre-

69 5536 185 5665 pprnam
210 5536 411 5608 profitebantur
431 5535 639 5598 cluniacenses.
661 5534 879 5600 cistercienses,
931 5535 1049 5589 ctionem
1065 5545 1143 5588 sacer
1161 5529 1271 5600 penitus
1285 5542 1375 5582 canon
1389 5532 1569 5590 exterminat„
1588 5542 1604 5579 ι,
1618 5529 1671 5583 ele.

89 5606 327 5666 'camaldulenses
343 5613 443 5679 praeter
455 5607 508 5661 alia
523 5606 667 5661 innumera
683 5604 880 5676 propemedum
1276 5638 1297 5695 P
1322 5636 1410 5695 ‚fxv

68 5678 261 5735 Benedictini
280 5677 386 5734 ordinis
399 5678 519 5732 virorum
537 5691 569 5731 ac
584 5690 725 5732 sacrarum
744 5674 880 5758 virginum
1013 5740 1017 5751 Ι
1230 5638 1320 5697 CAU
1415 5682 1421 5695 ·
1620 5731 1625 5742 ι

69 5748 270 5819 monasteria)
282 5749 311 5803 in
325 5763 379 5818 qna
395 5762 451 5802 non
465 5754 579 5803 voretur
595 5748 709 5803 castitas
722 5747 776 5802 nisi
790 5746 880 5816 iinph·
967 5738 1038 5807 Quid
1054 5754 1102 5823 per
1111 5737 1282 5810 capellanum
1296 5744 1323 5795 et
1333 5734 1503 5818 sacerdotem
1515 5731 1736 5813 parochianumh

67 5820 157 5890 citc;
174 5830 358 5882 consentanee
379 5819 489 5893 scripsit
510 5818 659 5897 monachos
681 5819 785 5893 absque
812 5832 879 5873 roca
921 5828 980 5889 per
1005 5826 1106 5876 curias,
1124 5806 1302 5867 tabernacula
1318 5807 1513 5888 etparochias,
1529 5800 1743 5883 sfflmteilc„
