3967 6334
288 308 360 371 {⁰50
732 299 776 357 tn
793 294 943 355 auncurt
958 290 1061 353 PULbl
1080 284 1348 351 susarnttstttltt
1367 282 1490 343 lelidS
1816 292 1864 357 {030

291 441 342 497 per
357 423 443 481 ὓιιιιιι
457 436 473 476 ι
485 420 567 491 culpa
578 416 658 481 solui,
672 424 700 473 et
714 414 867 471 ministerio
881 410 1054 469 sacerdotnm
1069 422 1084 461 a
1100 412 1191 469 Aessc
1214 403 1304 457 locum
1323 418 1372 458 sen
1386 409 1498 463 statum,
1510 394 1692 482 defunctorum
1705 402 1820 467 minibus
1830 416 1866 471 o.

291 504 370 553 reatu
384 509 481 565 poeuae,
498 497 609 563 propter
626 486 779 545 elllcaciam
798 483 982 546 sacramenti,
1004 479 1084 548 cujus
1134 482 1268 559 pruatum,
1279 472 1334 528 illis
1347 469 1682 553 scilicetglorraeucoelcstn
1694 474 1868 547 candidulum.

291 574 358 623 sunt
387 563 564 628 administri;
589 562 631 615 sic
658 559 692 615 de
729 556 894 629 patriarchis
927 553 1082 609 censebat:
1131 562 1178 617 pus
1195 552 1286 599 tumen
1302 559 1357 625 non
1371 549 1519 623 potientur,
1531 556 1584 595 msr
1595 547 1657 622 post
1669 546 1801 611 generalem
1812 570 1867 613 nos.

294 656 304 688 ι
326 637 438 705 Absque
458 636 512 689 ulla
527 629 696 687 dubitatione
714 628 878 700 patriarcbae
899 632 927 681 et
945 622 1085 694 propbetae
1134 618 1162 673 di
1179 615 1431 695 conllagrattouem,
1446 628 1553 693 quises
1570 612 1619 694 bac
1632 618 1685 665 ιιιι
1696 612 1733 668 uel
1744 628 1869 681 crtmrcnia.

291 707 453 763 charitatem
479 703 613 769 babuere3
634 709 662 757 et
685 707 777 755 tamen
804 697 968 753 tenebantur
991 694 1085 748 debito
1135 688 1206 742 libus
1220 692 1339 765 peccatis
1362 684 1404 739 rel
1417 700 1479 737 cum
1491 683 1653 753 obligatione
1662 696 1740 752 prunae
1752 692 1870 761 temporati,

291 776 477 834 damnationis
486 783 607 830 aeternae:
624 770 727 841 alioqui
743 784 793 824 nco
808 766 842 823 ad
854 768 960 823 inlerua
971 763 1085 819 descen·
1135 758 1292 840 subeundae,
1313 757 1510 835 decesserunt:
1526 754 1573 809 scd
1595 752 1693 835 trustra
1712 756 1787 837 locum
1805 764 1869 829 illum,
1936 802 1937 805 ι

292 847 410 911 dissent,
420 861 471 901 nec
481 843 584 901 Christi
595 850 693 905 morte,
704 855 754 895 nec
763 839 818 893 ulla
830 838 1086 909 redemptioneege-
1133 837 1315 911 purpuranum
1336 841 1445 908 proprie
1462 823 1760 909 ΙΙιιιιιιθιιίξῡι(ἲῑςιῑιιιιιτι
1773 832 1829 885 nulb
1841 836 1871 893 ln
1936 864 1937 883 ι

292 926 366 975 rent.
381 918 492 987 Absque
502 916 558 971 ulla
569 914 652 985 igitur
666 910 848 982 ambiguitate
860 910 1024 963 tenebantur
1037 907 1086 958 dc·
1135 914 1288 955 ammarum
1305 906 1428 979 purgatio
1442 912 1495 951 nist
1513 911 1541 949 m
1555 894 1599 949 dre
1607 895 1700 979 pudrcu
1711 915 1720 977 εΙ
1733 896 1816 957 lrustra
1828 906 1871 964 ian
1936 924 1937 965 ι

292 988 352 1045 bito
365 987 550 1043 damnationis
564 996 692 1049 :eternae;
708 997 763 1037 non
776 979 850 1050 quod
865 981 905 1036 eis
915 986 1017 1033 aeterna
1029 975 1086 1029 irre·
1135 970 1210 1025 credi
1225 970 1330 1051 animos
1344 968 1411 1051 inubi
1426 972 1628 1021 commorantes
1640 965 1702 1048 quid
1714 976 1870 1051 incommodus
1936 980 1937 1005 ¹

291 1058 339 1124 rit,
356 1058 404 1115 scd
424 1056 497 1129 qirod
515 1057 556 1112 eis
571 1063 672 1110 :eterna
691 1051 799 1112 inisset,
819 1051 873 1105 nisi
889 1064 965 1103 mors
981 1046 1085 1102 Christi
1135 1051 1250 1113 pernati,
1275 1048 1330 1121 aut·
1346 1038 1381 1093 ab
1404 1054 1476 1109 lane,
1495 1044 1542 1091 {tul
1559 1037 1598 1119 ab,
1616 1036 1703 1107 aliquo
1724 1037 1770 1121 aba
1790 1054 1872 1103 artemo

294 1146 343 1187 eos
358 1130 392 1185 ab
408 1129 460 1184 boc
473 1128 566 1183 debito
580 1125 743 1180 absolveret.
764 1142 773 1173 ι
793 1120 859 1187 Quae
878 1127 969 1174 tamen
990 1119 1025 1174 ab
1039 1132 1084 1170 cr-
1136 1118 1247 1183 agente:
1273 1110 1387 1180 promde
1406 1123 1522 1179 operose
1547 1113 1615 1163 satis
1636 1114 1663 1162 et
1683 1123 1754 1165 anne
1767 1117 1872 1180 probatu

294 1216 357 1257 rure
372 1182 494 1256 vindicat
508 1195 690 1253 Bellarminus
705 1194 752 1248 lib.
765 1207 785 1246 ιι
797 1192 834 1248 lle
846 1190 954 1262 poenit,
967 1204 1028 1261 cap.
1041 1187 1083 1242 ll.
1136 1189 1238 1245 tuetur,
1255 1181 1370 1243 nullum,
1385 1181 1431 1261 quii
1447 1195 1509 1234 cum
1524 1178 1653 1259 moritur,
1668 1179 1733 1233 coelo
1746 1184 1819 1239 statim
1833 1190 1872 1243 idn

1136 1270 1204 1309 neus
1220 1268 1276 1307 non
1291 1258 1343 1315 est,
1359 1267 1392 1307 ex
1405 1251 1451 1304 illo
1461 1249 1550 1305 medio
1564 1256 1648 1315 statu,
1663 1247 1696 1303 ad
1710 1252 1873 1315 coeleslcnom

594 1302 710 1361 CAPUT
732 1302 791 1358 xx·
1136 1325 1253 1379 candum
1269 1338 1330 1378 esse
1345 1329 1408 1375 ante
1425 1321 1497 1376 diem
1506 1318 1614 1390 judicii,
1627 1316 1751 1391 quidquid
1764 1338 1874 1392 proeonu

331 1400 477 1457 iiordemlo
497 1417 559 1471 porc
575 1399 730 1454 assumitur.
746 1395 850 1451 alludit
870 1393 905 1449 ad
925 1393 1000 1450 bunc
1018 1390 1086 1448 Gre·
1136 1393 1292 1465 hujusmodi
1308 1400 1366 1447 oret
1377 1390 1509 1454 Ecclesia,
1519 1389 1653 1461 quidquid
1666 1390 1757 1448 obnixe
1768 1392 1873 1467 dagitctn

293 1476 365 1545 gorii
382 1475 472 1527 locum
485 1472 514 1527 iu
532 1471 626 1525 homil.
645 1469 691 1535 id,
706 1469 733 1521 in
748 1465 905 1537 Evangelia,
920 1480 981 1535 quae
991 1464 1020 1518 in
1031 1462 1086 1535 dp·
1136 1466 1191 1537 piis
1205 1464 1263 1521 suis
1274 1464 1402 1533 operibus
1413 1461 1560 1532 impendat.
1572 1458 1658 1531 Cujus
1668 1460 1872 1536 suffraginprug

291 1544 409 1615 pendice
432 1542 498 1597 torui
518 1540 700 1610 lldngustini
720 1537 866 1608 reperitur,
885 1544 982 1607 estque
996 1548 1086 1589 sermo
1136 1537 1245 1601 missas,
1261 1535 1446 1605 eleemosynas
1460 1538 1612 1601 ceteraque
1623 1538 1745 1587 malcrum
1755 1534 1873 1605 pietaten.

293 1616 329 1669 52
344 1614 381 1669 tte
393 1614 522 1669 diuersis.
535 1631 544 1662 ι
559 1609 657 1667 Ourania
667 1608 769 1665 etenim
783 1608 866 1661 traxit
878 1606 926 1677 qui
941 1606 975 1661 de
991 1604 1086 1661 electis
1138 1606 1197 1661 licia
1221 1612 1334 1661 eatenus
1357 1612 1461 1658 tantum
1486 1601 1629 1674 prolatura
1648 1604 1752 1666 scribit,
1776 1620 1873 1675 quatuos

294 1685 354 1741 suis
369 1685 440 1755 apud
459 1683 563 1738 inleros
578 1682 683 1736 nullum
704 1679 824 1748 reliquit.
841 1676 939 1734 Omnia
960 1676 1085 1737 abstulit,
1137 1674 1277 1732 Christum
1293 1674 1412 1743 judicem
1427 1678 1552 1735 movent,
1568 1678 1599 1727 ut
1619 1672 1758 1729 adventurn
1772 1690 1833 1733 sunu
1845 1698 1874 1737 tt·

293 1755 388 1827 titique
402 1756 498 1811 electa.
516 1752 609 1823 Neque
622 1751 695 1807 enim
711 1748 834 1805 infideles
852 1763 976 1819 quosque
995 1756 1022 1803 et
1037 1762 1087 1817 pro
1102 1786 1123 1842 B
1137 1748 1253 1812 celeret,
1269 1758 1480 1816 supremumque
1496 1742 1594 1813 judicii
1608 1742 1696 1807 diem,
1712 1744 1738 1799 in
1750 1746 1815 1823 cujus
1827 1766 1873 1819 prs.

291 1828 354 1883 suis
364 1824 537 1888 criminibus,
551 1822 661 1879 aeternis
672 1818 814 1892 suppliciis
825 1819 942 1883 deditos,
955 1816 1086 1874 Dominus
1138 1818 1212 1874 ludio
1226 1821 1343 1878 tantum,
1358 1814 1416 1871 iore
1431 1814 1587 1886 purgandas
1595 1814 1701 1869 animas
1710 1816 1873 1887 opinaturos

294 1896 329 1953 ad
354 1896 461 1951 vertiam
481 1892 651 1963 resurgendo
674 1891 830 1962 repararit;
851 1890 899 1944 sed
917 1889 978 1943 illos
992 1903 1027 1943 ex
1042 1888 1086 1942 in·
1137 1886 1212 1944 certe
1229 1885 1334 1956 singula
1353 1886 1414 1941 ideo
1429 1882 1717 1951 cotnrrremoruvimus,
1730 1886 1792 1956 quod
1807 1894 1874 1961 oppio
1936 1888 1937 1893 ’

295 1964 510 2023 lerniclaustris
531 1958 638 2034 rapuit,
654 1977 804 2033 qnossnos
819 1961 847 2014 in
866 1959 918 2014 lide
934 1966 962 2014 et
979 1958 1087 2014 actibus
1137 1956 1382 2015 belleconveniant
1396 1972 1458 2012 cum
1473 1955 1660 2026 allatissupra
1684 1964 1873 2018 exaltatorem·
1936 1984 1937 1991 ι

294 2038 463 2109 recognovit.
479 2034 557 2091 Unde
573 2041 646 2089 recte
659 2034 742 2087 etiam
758 2046 806 2102 per
821 2028 890 2086 Osee
904 2030 1019 2085 dieitur:
1033 2028 1088 2083 liro
1138 2030 1181 2085 tro
1202 2028 1308 2091 uerbis,
1333 2028 1396 2082 licet
1417 2026 1462 2081 ille
1478 2041 1652 2081 communem
1668 2024 1786 2083 Ecclesiae
1799 2046 1874 2089 nunu

296 2126 368 2163 orori
382 2120 438 2171 tun,
448 2124 463 2160 o
472 2119 561 2167 iners:
575 2122 619 2159 ero
631 2121 734 2158 aliorsus
745 2113 815 2165 tuus,
828 2098 1013 2172 irrlerueldsec
1026 2114 1086 2165 xnr,
1138 2101 1172 2157 de
1186 2100 1246 2171 igne
1262 2098 1419 2224 purgatorio
1433 2105 1459 2153 et
1474 2097 1618 2153 animabus
1629 2112 1722 2169 poenas
1737 2098 1803 2171 321
1816 2103 1874 2173 alis

297 2180 353 2250 ill.
371 2176 528 2248 ldnamque
543 2175 616 2247 quod
629 2174 791 2237 occidimus,
808 2172 914 2242 agimus
934 2178 964 2224 ut
979 2170 1088 2241 penitus
1139 2172 1177 2227 ris
1198 2170 1289 2241 apices
1309 2170 1315 2223 i
1337 2169 1346 2223 i
1370 2168 1523 2233 luentibus,
1545 2166 1648 2239 ubique
1671 2168 1714 2223 sui
1732 2174 1808 2241 operis
1833 2188 1874 2229 cor·

295 2249 410 2305 nonsit.
427 2247 467 2303 Ex
481 2262 513 2302 eo
535 2256 627 2301 autem
639 2244 712 2315 quod
724 2243 891 2305 mordemus,
907 2247 1012 2312 partem
1026 2241 1089 2296 abs·
1139 2242 1246 2298 stanter
1258 2241 1362 2296 doceat.

294 2321 448 2383 trahiturus,
470 2325 631 2389 partemque
647 2316 847 2385 relinquimus,
868 2320 922 2368 etc.
945 2331 956 2365 ι
980 2310 1088 2383 Anceps
1173 2310 1259 2367 Porro
1275 2308 1415 2382 ,rpuidquid
1437 2309 1473 2365 sit
1487 2307 1521 2364 de
1536 2307 1587 2363 bac
1601 2308 1759 2364 recentioris
1771 2309 1875 2383 illiasop'·

294 2390 378 2465 340
390 2389 579 2444 diillcuitatcm
593 2388 663 2441 hanc
681 2386 799 2441 uersauit
815 2382 1000 2455 Augustinus,
1017 2398 1089 2437 non·
1138 2386 1230 2445 niune,
1255 2382 1334 2451 cuijus
1347 2394 1501 2443 censuram,
1518 2378 1589 2444 aliis,
1606 2380 1714 2436 abunde
1729 2380 1875 2437 nobisdoctn
1936 2426 1937 2451 ,

297 2466 364 2518 dunt
389 2459 557 2515 suosaeculo
586 2456 696 2527 penitus
716 2455 976 2526 expcditamzouam
996 2453 1090 2509 rideas
1139 2455 1226 2513 ribus.
1251 2460 1347 2523 sponte
1369 2450 1565 2521 relinquimus;
1585 2451 1876 2524 certnmestpluraipit

296 2530 415 2603 epistola
430 2530 474 2594 99,
491 2528 525 2583 ad
539 2527 684 2591 Euodium,
706 2527 754 2581 nbi
773 2526 854 2579 aliam
874 2526 956 2580 etiam
981 2526 1089 2593 attingit
1139 2540 1201 2579 enm
1224 2523 1275 2593 legi
1297 2538 1357 2604 quae
1375 2536 1545 2577 communem
1561 2518 1692 2577 Ecclesia
1705 2522 1797 2592 praxim
1809 2524 1877 2579 labda

294 2601 410 2671 majoris
421 2600 551 2655 momenti
565 2599 599 2654 de
611 2599 675 2654 sinu
686 2595 896 2658 nursinensis
910 2594 1018 2649 interno
1031 2594 1089 2648 lue·
1139 2598 1214 2649 ctcnt
1223 2611 1231 2661 ;
1240 2594 1392 2665 piissimum
1405 2592 1433 2646 in
1446 2591 1639 2647 defunctorum
1651 2592 1750 2647 animas
1760 2592 1876 2663 obsequiali

293 2672 344 2737 rit,
359 2686 394 2726 an
404 2686 469 2727 vero
479 2666 521 2740 (ut
535 2668 571 2723 ibi
583 2667 671 2740 putat)
683 2668 718 2721 ab
731 2682 765 2723 eo
780 2668 859 2737 louge
870 2664 1090 2721 remotissimus?
1139 2672 1326 2732 rernorcatur;
1357 2664 1434 2735 plura
1456 2661 1603 2732 Scriptura
1625 2662 1685 2717 loca
1706 2670 1732 2718 ct
1745 2664 1876 2719 conciliorum

295 2742 337 2798 dd
361 2757 444 2812 quam
464 2740 610 2810 Augustini
626 2738 846 2794 dissertationem
864 2742 1005 2807 spectasse
1025 2734 1090 2789 Pul·
1140 2750 1259 2791 canones
1281 2734 1308 2791 in
1334 2735 1499 2806 singularem
1516 2750 1628 2789 sensum
1641 2734 1877 2803 distorqueant,rtal

296 2813 402 2869 lumin
426 2810 616 2881 sentientibus,
638 2808 718 2863 lacile
738 2807 897 2879 perspicies.
921 2808 1047 2876 utramvis
1065 2807 1089 2861 ei
1141 2806 1242 2868 minus,
1259 2805 1395 2931 piurimis,
1411 2804 1506 2861 saltem
1522 2804 1695 2865 rudioribus.
1705 2813 1816 2875 generent
1825 2822 1877 2859 sun-

298 2882 428 2939 maluerit
437 2883 576 2937 adhaerere
588 2881 741 2951 oppositam
756 2879 919 2941 seutentiam
927 2878 1030 2932 tenenti
1041 2877 1088 2933 lib.
1140 2877 1243 2932 dalrrm.
1282 2884 1293 2930 t
1307 2882 1412 2931 taccam
1422 2874 1494 2945 quod
1506 2877 1561 2944 jam
1577 2890 1701 2946 prcccrps
1715 2883 1740 2929 et
1753 2876 1847 2931 lubricis
1856 2878 1876 2929 al

297 2970 334 3008 xx
349 2952 387 3009 lle
398 2955 596 3023 civitate‚cap.
612 2951 660 3012 ts,
673 2958 700 3005 et
715 2957 795 3005 tract.
809 2950 837 3004 in
849 2948 918 3019 psal.
931 2963 1030 3011 cxxxv,
1044 2947 1091 3003 nbi
1140 2948 1206 3003 uilia
1228 2948 1316 3009 callis,
1337 2948 1447 3016 segnior
1469 2946 1502 3000 ad
1518 2946 1647 3002 rirtrrlrm
1662 2961 1789 3006 accessus,
1801 2948 1818 2999 si
1830 2962 1877 2999 ron·

298 3038 473 3079 communem
488 3021 617 3078 Ecclesiae
627 3033 737 3077 sensum
751 3028 872 3081 secutus,
886 3019 967 3073 docet
977 3018 1090 3073 limbum
1141 3019 1233 3073 ntunis
1248 3018 1293 3072 illu
1312 3032 1455 3089 pinnarum
1469 3017 1498 3071 in
1512 3018 1673 3089 purgatorio
1683 3017 1821 3073 terribiliter
1828 3018 1877 3071 luu

296 3091 410 3149 Petrum
425 3094 454 3148 in
469 3092 576 3148 inienio
588 3092 683 3157 inisse,
696 3090 743 3147 sed
755 3091 933 3158 distantema
948 3088 1016 3145 locis
1026 3104 1092 3159 sup·
1142 3089 1238 3144 darum
1258 3086 1334 3151 sides,
1356 3105 1416 3160 qnae
1431 3088 1472 3142 vol
1487 3088 1554 3157 ipsis
1568 3088 1750 3143 sanctioribus
1763 3088 1824 3151 uiris,
1836 3090 1878 3142 bor·

297 3164 381 3236 plicio
393 3164 585 3221 damnatorum
600 3163 747 3235 deputatis.
1104 3130 1126 3193 C
1141 3175 1232 3217 rerem
1244 3158 1352 3225 incutit,
1368 3169 1421 3214 tam
1436 3158 1530 3213 leuiter
1544 3165 1700 3215 erartcscat.

582 3272 697 3331 CAPUT
713 3272 807 3329 xxiii.
1414 3270 1529 3329 carba
1552 3270 1651 3329 xxti.

336 3364 399 3420 Nisi
415 3366 438 3421 si
451 3365 510 3437 quis
524 3382 568 3421 eor
583 3376 659 3420 estro
673 3366 766 3420 culum
779 3364 910 3436 quictisin
924 3364 988 3419 locis
998 3373 1090 3433 ponat,
1178 3362 1222 3421 ltu
1242 3376 1343 3435 quoque
1359 3365 1387 3419 in
1407 3363 1508 3435 inferno
1525 3364 1552 3418 in
1565 3381 1649 3419 unum
1670 3362 1878 3433 lubituimtmu

300 3436 390 3491 diceas
408 3438 587 3507 prandentium
608 3438 635 3491 in
649 3453 742 3497 corne,
758 3446 884 3507 tartonam
906 3434 962 3489 loco
974 3453 1023 3491 sno
1042 3452 1091 3490 ex·
1141 3446 1165 3491 el
1179 3438 1264 3507 quiete
1280 3436 1425 3499 distabunt,
1439 3434 1507 3505 quod
1518 3436 1607 3505 utique
1618 3434 1816 3559 plurimisplluru
1832 3432 1877 3489 latu
1935 3500 1936 3505 ἵ

291 3505 1092 3578 'utumtantumpossentsitdignarisioneDei,·poerritru-
1142 3506 1210 3563 alios
1234 3507 1406 3576 potissimum
1428 3506 1598 3575 ejusaerpuali
1615 3504 1733 3561 Roberto
1770 3506 1878 3560 ileduueru
1935 3510 1936 3545 l

300 3578 368 3633 tium
386 3594 445 3632 uero
461 3588 521 3648 post
535 3592 639 3646 carptis,
653 3586 777 3648 tunquam
791 3578 819 3631 iu
837 3579 924 3631 alieno
945 3586 1043 3641 uctunr,
1065 3576 1091 3629 id
1141 3590 1202 3649 cap.
1215 3580 1363 3647 penultimo
1379 3576 1493 3631 Suuuuae
1506 3594 1555 3633 rats.
1566 3576 1693 3647 Sedquis
1703 3576 1878 3632 desintrdbudc

302 3648 410 3703 minium
424 3650 519 3703 irrereri
533 3658 593 3703 ante
612 3650 838 3703 resurrectionem.
853 3646 940 3715 llttjas
952 3647 1092 3717 opinionis
1142 3650 1248 3703 videtur
1269 3648 1348 3702 alitor
1368 3648 1470 3705 sentire
1489 3662 1570 3717 quam
1607 3648 1665 3708 alii,
1689 3654 1810 3718 postremo
1825 3664 1878 3717 cap..

299 3734 384 3790 ortam
409 3719 513 3773 refutat
530 3726 640 3780 auctor,
660 3720 765 3773 nullum
790 3718 923 3773 ltnctenus
945 3719 1091 3789 uestigium
1142 3719 1201 3789 ejus
1217 3720 1378 3775 sententiam
1393 3734 1467 3773 nunc
1480 3719 1596 3788 primum
1613 3718 1641 3773 in
1656 3719 1739 3773 luceru
1752 3718 1830 3771 dantus

301 3789 412 3858 assequi
436 3790 576 3859 potuimus
593 3788 665 3860 apud
687 3795 813 3844 auctores
836 3787 913 3843 Pullo
936 3792 1092 3860 superiores
1178 3788 1248 3857 Quid
1266 3805 1312 3860 per
1331 3786 1418 3842 sinum
1432 3788 1545 3842 dbrnluu
1558 3787 1878 3859 {nicomediensium

233 3858 240 3873 ⁶
302 3866 351 3915 aut
364 3867 528 3914 coetaneos.
545 3858 620 3914 Licet
634 3859 706 3915 enim
722 3860 832 3929 quidam
853 3857 964 3914 Patrum
985 3860 1091 3916 ineam
1142 3858 1219 3915 modo
1238 3877 1294 3915 esse
1316 3859 1400 3928 putuit
1420 3858 1488 3929 quod
1512 3859 1609 3913 aniate
1623 3858 1754 3929 justorum
1771 3860 1794 3911 in
1809 3858 1878 3927 iulum

301 3929 476 3985 concessisse
488 3928 635 3986 uideantur
647 3930 810 3984 sententium
828 3929 943 4001 (saltem
967 3932 1093 3986 verbote-
1142 3939 1238 3993 esseut,
1253 3940 1278 3984 et
1289 3932 1315 3984 in
1329 3930 1433 3999 requie?

302 4000 378 4072 ruris),
400 4001 474 4071 qttod
495 4001 593 4055 anime
616 4008 772 4068 sarrrtorum
796 4001 914 4055 nondum
938 4000 1092 4055 intuitivnm
1180 4020 1190 4053 ι
1218 3998 1301 4059 Sinus
1324 4006 1425 4063 autem,
1444 4007 1577 4055 sccrctnm
1594 4001 1665 4057 solet
1685 3998 1876 4071 dicinragnsan·

302 4070 351 4127 llei
365 4072 500 4127 visionem
514 4071 570 4126 sint
583 4078 731 4138 assecutam
747 4085 780 4126 ea
794 4071 884 4126 solam
899 4078 962 4141 post
978 4086 1093 4141 genera·
1143 4070 1303 4143 plitudinis;
1330 4070 1402 4125 irride
1429 4067 1596 4125 Charitatem
1621 4072 1754 4125 rrrurltotirs
1766 4070 1859 4141 designat
1874 4090 1877 4120 ε

302 4143 358 4197 lom
371 4156 518 4211 corporum
540 4143 768 4197 resurrectionem
782 4143 927 4211 potiturae:
947 4142 1019 4211 qrrod
1035 4144 1094 4211 pla·
1143 4141 1296 4209 ctrjnsmodi
1323 4143 1401 4197 sinus
1421 4148 1485 4197 sunt
1506 4142 1533 4195 in
1557 4143 1678 4197 vestibus
1699 4142 1730 4196 ad
1744 4140 1879 4196 ministerim

302 4212 399 4272 citum,
415 4218 495 4267 attile
516 4208 598 4277 Pulli,
621 4214 742 4269 nondum
758 4211 934 4267 danmaverat
952 4212 1092 4283 Ecclesia;
1143 4213 1238 4267 altaris
1262 4212 1420 4284 preparatis
1439 4221 1467 4267 et
1481 4212 1662 4267 consecratis.
1685 4210 1734 4267 Por
1749 4212 1822 4265 sinam
1838 4226 1879 4276 erra

303 4280 371 4335 illud
386 4289 477 4337 tamen
490 4280 581 4352 (cujus
591 4281 725 4355 meminit)
736 4281 883 4337 discrimen
900 4284 972 4338 inter
986 4282 1093 4339 aninrus
1143 4282 1259 4337 dbrabae
1281 4283 1375 4339 nullus
1400 4282 1466 4336 mibi
1485 4283 1592 4337 ridetur
1612 4283 1689 4337 loeus
1702 4282 1835 4349 designari:
1849 4278 1878 4333 sel

302 4353 373 4408 coelo
384 4354 515 4415 beandas,
533 4361 580 4407 aut
594 4352 647 4422 jam
665 4356 770 4414 beatas,
784 4353 845 4408 illas
856 4353 983 4409 uidelicet
998 4353 1034 4408 ob
1048 4353 1092 4408 di·
1144 4355 1284 4477 pncrnium
1299 4353 1371 4424 quod
1387 4356 1545 4423 promerito
1560 4352 1620 4407 lidei
1632 4354 1722 4415 datur,
1732 4354 1813 4423 quein
1823 4350 1878 4403 lbn·

304 4423 387 4477 latam
409 4423 437 4478 in
460 4422 546 4479 altera
568 4427 625 4479 rita
647 4438 698 4494 pro
717 4424 836 4493 peccatis
856 4423 1092 4489 satisfactionem,
1154 4438 1207 4477 inm
1224 4424 1285 4493 (etsi
1302 4426 1329 4480 in
1343 4422 1438 4495 primis
1457 4422 1549 4491 luerit)
1565 4426 1790 4494 practpuctnnen
1802 4422 1878 4477 effulsit.

301 4492 353 4547 has
369 4508 435 4548 vcro
448 4494 484 4548 ob
499 4494 544 4547 bic
567 4494 702 4564 expletam
720 4494 799 4564 plone
817 4495 944 4564 serioque
964 4510 1094 4566 compen-
1110 4478 1131 4533 Β
1145 4492 1246 4549 donus
1264 4510 1329 4566 ergo
1344 4494 1391 4565 qui
1404 4493 1543 4549 Abraham
1558 4495 1656 4548 imitati
1670 4502 1731 4549 snm
1743 4494 1768 4547 in
1781 4492 1822 4545 ile
1833 4496 1879 4559 iqui

302 4563 452 4628 sationem,
468 4564 561 4619 nullus
574 4571 782 4620 commemorat.
1144 4564 1171 4618 in
1190 4564 1250 4634 ipso
1270 4566 1406 4637 praecipue
1420 4564 1637 4627 commendatur,
1654 4567 1715 4637 quia
1728 4566 1753 4620 in
1765 4578 1826 4637 spem
1836 4578 1879 4615 cun·
1934 4620 1935 4637 χ

339 4630 428 4687 dilue
441 4644 533 4689 tamen
549 4634 612 4689 buic
626 4634 749 4705 opinioni
761 4634 869 4689 ridetur
880 4634 946 4689 illud
961 4634 1093 4689 traditum
1144 4643 1186 4688 tra
1207 4650 1282 4705 spem
1299 4636 1438 4705 credidit),
1454 4635 1551 4691 merito
1566 4636 1593 4690 in
1608 4636 1698 4691 sinum
1712 4636 1767 4705 ejrrs
1780 4632 1878 4702 recipim-
1934 4638 1935 4651 ¹

304 4700 407 4757 alloda
428 4704 475 4760 lib.
496 4703 610 4766 ullist..
630 4720 691 4776 cap.
707 4704 751 4769 ta,
767 4706 811 4760 cui
826 4721 880 4762 uon
895 4706 1022 4761 dissentit
1036 4707 1094 4776 ipse
1143 4712 1206 4767 tur,
1230 4712 1257 4760 et
1282 4708 1307 4762 ei
1332 4708 1360 4762 in
1385 4705 1553 4761 beatitudine
1576 4707 1723 4761 sociantur.
1749 4704 1814 4759 Nulla
1831 4702 1878 4779 urin

303 4774 507 4831 eruditissimus
521 4775 635 4829 doctor:
648 4780 805 4841 ostensum,
818 4777 923 4832 scilicet
938 4777 1024 4833 luisse
1034 4776 1093 4832 cui·
1143 4776 1249 4831 ratione
1263 4776 1370 4834 uidetur
1383 4777 1586 4832 concedendum
1601 4778 1675 4847 quod
1688 4774 1837 4832 internusrel
1847 4774 1879 4825 ab

303 4844 367 4898 dam
391 4847 488 4901 animae
504 4854 647 4916 separatae,
667 4845 714 4901 sed
735 4844 764 4900 in
787 4860 897 4903 carnem
918 4847 1093 4918 postmodum
1162 4847 1205 4902 uis
1226 4845 1252 4901 in
1269 4846 1376 4904 interno
1399 4847 1476 4903 locus
1498 4847 1579 4903 lrrcrit
1595 4850 1673 4903 sinus
1690 4846 1879 4911 turabulum

305 4929 445 4994 regressae,
461 4923 588 4985 quartum
602 4916 747 4986 quemdam
762 4915 849 4971 locum
865 4926 963 4988 praeter
980 4919 1091 4981 ccultum,
1143 4863 1264 4973 datuurus
1288 4934 1350 4974 cnm
1371 4917 1431 4973 aliis
1450 4917 1533 4986 justis
1554 4919 1744 4974 consolabatur
1758 4936 1765 4973 z
1779 4917 1878 4994 lirrtaple

304 4992 491 5053 purgatorium
516 4994 544 5041 et
568 4984 716 5050 internum,
745 4987 889 5054 adinstar
913 4988 1094 5044 auroenissimi
1144 4987 1289 5045 adventum
1312 4988 1415 5046 Christi
1439 4989 1467 5043 in
1483 4988 1589 5043 interno
1600 4996 1761 5051 tenerentur,
1773 4997 1797 5043 et
1808 4987 1829 5039 in
1838 4998 1877 5038 sur

304 5052 387 5123 prati,
400 5053 428 5107 in
442 5070 496 5123 quo
510 5053 643 5128 degebant
654 5056 761 5121 anirnae,
773 5059 863 5114 omnis
876 5058 981 5115 doloris
995 5074 1092 5131 exper-
1142 5057 1259 5113 dbrahae
1272 5060 1488 5116 consolarentur.
1500 5056 1555 5113 Nec
1564 5060 1637 5116 enim
1646 5072 1695 5131 per
1701 5066 1801 5114 mortem
1807 5052 1877 5131 Clrbli

304 5130 356 5184 tes,
369 5123 419 5205 scd
433 5124 553 5205 nondum
568 5127 639 5182 coelo
658 5127 771 5183 idonee.
789 5126 870 5183 Plura
884 5130 913 5185 id
926 5145 1012 5200 genus
1026 5146 1093 5185 con·
1143 5129 1242 5185 animae
1263 5130 1345 5201 justae
1364 5130 1398 5186 de
1417 5130 1479 5185 sinu
1501 5128 1617 5187 librabae
1636 5139 1733 5201 erepte
1749 5134 1811 5191 suut,
1825 5138 1877 5201 otta

303 5202 390 5263 gessit
408 5192 522 5269 llronys.
542 5197 742 5253 Cartbusianus
762 5196 790 5252 in
808 5196 913 5271 Dialog.
938 5200 972 5257 de
988 5200 1093 5268 jndicio
1144 5196 1225 5253 modo
1249 5200 1285 5256 ibi
1310 5216 1363 5257 nou
1398 5202 1454 5256 sint
1478 5208 1538 5272 post
1560 5204 1777 5258 resurrectionem
1798 5196 1876 5252 cursu

303 5264 475 5346 particulari,
497 5266 614 5322 articulo
631 5269 677 5324 bl.
698 5265 731 5321 tu
752 5268 825 5338 quod
848 5272 966 5334 mireris,
981 5286 1094 5343 nupcre
1144 5266 1265 5326 Ecclesia
1279 5274 1352 5329 enim
1367 5272 1394 5327 in
1408 5272 1548 5342 obsequiis
1558 5271 1742 5328 detunctorum
1752 5264 1877 5342 sepelicnb

302 5334 446 5416 tlreologtae
465 5337 518 5391 riri
533 5338 704 5409 percelebres
717 5339 782 5394 hnic
801 5338 882 5397 facile
896 5343 1018 5413 opinioni
1032 5341 1092 5399 sul·
1144 5353 1205 5395 rum
1225 5340 1308 5397 etiam
1334 5344 1385 5398 boc
1404 5342 1526 5413 qnotidie
1546 5350 1615 5405 orat,
1630 5352 1660 5397 nt
1674 5343 1708 5398 ab
1719 5340 1808 5409 angelis
1820 5338 1839 5390 iu
1851 5350 1876 5387 n·

303 5402 330 5458 ir
367 5406 544 5463 tumdederc.
1144 5426 1209 5465 urim
1227 5411 1344 5470 Abrabae
1357 5416 1536 5471 tlcrtnoantur.
1553 5410 1651 5469 Beatus
1667 5412 1735 5469 cuim
1749 5410 1876 5465 llsrtinusu
1933 5422 1934 5461 1

357 5491 409 5558 um
424 5477 482 5547 jam
498 5476 704 5559 bocPolliuum
719 5495 789 5552 opns
798 5482 881 5551 praelo
889 5480 1090 5549 succumberet,
1144 5481 1220 5537 obitu
1237 5496 1298 5549 sno,
1315 5484 1424 5541 diabolo
1438 5500 1522 5557 prope
1541 5484 1640 5540 astanti
1657 5482 1775 5539 scribitur
1785 5476 1873 5533 diuise·
1933 5462 1934 5547 ζ

301 5552 377 5601 scuit
390 5561 418 5600 ιιι
430 5563 527 5603 manus
543 5549 652 5606 libellus
664 5551 775 5621 quidam
788 5552 880 5607 editus
890 5567 906 5607 a
916 5551 1021 5607 Tboma
1034 5554 1092 5606 An-
1145 5550 1222 5606 Nilu'l
1244 5556 1272 5609 in
1291 5572 1332 5613 rae
1352 5556 1453 5627 funeste
1472 5570 1599 5627 reparas,
1613 5554 1659 5611 scd
1674 5554 1742 5610 sirus
1752 5548 1876 5606 ,struant
1933 5572 1934 5623 ι

304 5614 359 5695 glo,
374 5632 408 5671 ex
424 5618 511 5675 Albiis
528 5619 760 5689 bost-baronum,
771 5622 818 5693 qui
835 5624 1015 5679 inscribitur:
1037 5622 1094 5678 l'il·
1143 5624 1276 5693 suscipiet.
1933 5624 1934 5675 l

304 5686 437 5740 lucutionis
457 5704 513 5743 suna
532 5688 564 5743 de
587 5690 673 5745 inedie
696 5692 846 5747 animarum
866 5704 938 5748 stulu
961 5692 1039 5748 ratio.
1063 5692 1093 5749 ln
1180 5691 1323 5751 Praemium
1338 5704 1428 5753 autem
1443 5697 1494 5753 hoc
1508 5696 1580 5768 qaod
1591 5710 1639 5767 pro
1651 5694 1709 5750 tuot
1723 5688 1873 5749 nteritodatur.

305 5768 361 5821 qur»
379 5758 519 5814 contendit
538 5775 624 5819 nurus
647 5763 672 5818 is
695 5764 821 5834 scriptor,
844 5765 962 5822 medium
982 5763 1092 5838 quidem
1145 5764 1210 5835 quia
1234 5766 1353 5840 amplum
1378 5776 1461 5827 estet
1478 5780 1621 5835 secretum,
1637 5754 1873 5828 nerirostnasand
