3967 6334
248 305 319 366 1350

814 303 951 364 stlonltll
968 304 1116 364 ADBATIS
1133 306 1162 366 S.
1183 305 1331 363 nlontstt

1803 316 1872 374 {360

249 421 302 478 boe
315 420 417 486 clerus,
433 393 607 484 hoemilites,
626 419 678 474 lroe
690 419 837 478 universus
859 422 976 493 populus
989 439 1034 478 se·
1049 431 1073 490 Α
1088 423 1180 480 abbati
1189 423 1265 480 Beati
1275 421 1397 496 Dionysii
1411 423 1537 488 salutem,
1552 429 1581 480 ct
1600 425 1625 480 si
1645 439 1716 496 quas
1727 425 1813 486 babet
1825 447 1871 488 re-

248 513 421 570 renissimam
445 511 638 583 paternitatem
666 519 787 568 vestram
811 520 900 584 rogat.
928 513 1034 570 Conde-

249 607 364 668 scendet
373 609 466 678 itaque
479 607 677 678 benignissima
702 605 954 678 restraedignitatis
978 607 1037 677 pie-

247 708 292 757 tas
308 700 369 756 llliis
382 707 410 756 ct
423 699 534 758 famulis
550 699 619 764 suis,
635 705 663 754 et
674 713 708 754 ne
719 697 823 755 diutius
836 699 888 754 hoe
901 699 983 756 modo
999 699 1037 754 la·

248 798 376 867 tigemur,
393 809 503 850 manum
515 793 637 864 porrigat
651 791 860 846 consolationis.

498 882 668 939 aristote
686 880 781 938 xxlt.

316 991 477 1033 rultoultltlct
498 992 617 1033 ttntscort
636 989 747 1030 titulant
769 991 802 1029 to
823 989 967 1032 sucsnlbtl.

249 1067 347 1124 Scribit
366 1084 418 1123 nou
433 1067 548 1138 sufficere
572 1067 623 1122 sibi
637 1075 756 1135 surruptus
776 1064 809 1118 ud
824 1063 975 1120 soluendum
990 1081 1037 1134 pe-

283 1141 389 1264 mrum
404 1155 451 1210 pro
469 1156 522 1210 qun
542 1138 625 1192 denuo
649 1140 763 1207 scriptus
792 1136 879 1206 [uerat
899 1138 927 1190 iu
952 1136 1035 1206 ipsius

281 1301 399 1358 Donrino
419 1309 446 1356 ct
469 1301 543 1356 Patri
567 1299 686 1356 Suesnro
712 1300 864 1356 venerabili
887 1297 980 1354 abbati
1004 1297 1033 1353 S.

247 1393 384 1466 Dionysii,
395 1393 426 1450 T.
436 1393 483 1448 Dei
499 1392 676 1448 miseratione
686 1389 879 1447 Ambianensis
893 1389 1036 1462 presbyter

245 1486 371 1549 bumilis,
389 1500 422 1540 ex
437 1483 692 1538 animoseryitium.

280 1575 412 1641 Obsecro,
425 1574 461 1628 mi
472 1572 594 1636 domine,
610 1572 670 1626 dele
685 1585 727 1626 me
742 1568 776 1624 de
790 1569 861 1625 libro
890 1576 936 1626 tuo
954 1584 1035 1640 quem

244 1661 1036 1739 scripsistisiquidemscripsistismihisuperexpeditiene

243 1761 320 1832 regia
333 1758 400 1832 (lli),
415 1757 449 1813 ad
463 1772 546 1829 quam
562 1757 721 1811 nullatenus
739 1755 863 1812 sollieere
877 1755 965 1810 valeo.
977 1753 1033 1810 lle-

243 1945 311 2001 milri
326 1944 453 1999 dominus
469 1939 673 1997 meus.Etenim
685 1939 851 1995 turndomini
865 1953 941 2010 papae
951 1953 1033 2008 quam

243 2037 348 2092 domini
362 2036 436 2107 regis
448 2033 590 2090 servitium
613 2032 692 2087 valde
715 2039 822 2088 tenuem
838 2047 881 2088 me
898 2030 1031 2095 lecerunt,
1104 2084 1110 2095 ,

243 2136 274 2186 et
287 2128 316 2183 in
330 2127 445 2183 lrixorio
469 2123 631 2196 quotidiano
655 2137 699 2177 nte
720 2132 879 2193 posuerunt.
892 2117 986 2176 llalete
1007 2129 1034 2176 et

243 2217 389 2275 attendite.

507 2304 675 2366 EPlSTOLA
693 2304 776 2362 llllV.

242 2417 376 2462 dturnltbl
407 2414 608 2458 tncntnutscont
644 2412 859 2453 sunnntltnnms
887 2411 922 2450 tn
950 2409 1034 2451 SUGE·

598 2485 675 2524 lituu.

243 2565 328 2638 Roput
342 2563 445 2636 nequid
457 2563 610 2618 immutetur
623 2561 650 2614 in
667 2570 743 2642 terro¹
752 2557 941 2642 Burdepolensi
951 2557 1033 2612 doner

469 2645 546 2689 ternu
562 2640 661 2687 stolum
676 2639 820 2688 resonuerat.

278 2727 450 2785 charissimo
472 2727 583 2782 domino
607 2739 657 2782 suo
677 2723 797 2779 Susnmo
817 2721 967 2778 venerabili
984 2722 1033 2778 nb-

240 2821 300 2878 bati
314 2818 343 2875 S.
369 2819 508 2890 Dionysii,
533 2817 617 2872 irater
644 2814 807 2871 Gnurreons
824 2812 1033 2884 burdegalensis

240 2909 372 2968 Ecclesiae
385 2908 632 2980 dictusepiseopus
650 2909 767 2962 salutem
784 2913 813 2962 et
825 2905 941 2960 sincerae
964 2902 1033 2959 dile-

239 3004 344 3059 ctionis
356 3001 493 3057 affectum.

1086 516 1229 587 ceptibiles
1242 516 1398 571 orationum
1412 515 1553 588 suffragia.

1123 607 1218 664 Ollinia
1233 609 1352 664 liberalis
1372 609 1467 680 gratiae
1481 616 1580 666 restrae
1602 617 1660 665 tam
1680 610 1786 667 dudum
1806 614 1873 669 anibi

1085 700 1217 765 exhibita,
1226 715 1308 772 quam
1323 702 1422 772 saepius
1435 701 1536 766 oblata,
1546 702 1699 759 debitorem
1708 719 1754 759 me
1766 713 1870 760 murm:

1086 793 1110 850 si
1127 808 1183 848 non
1197 793 1284 848 ricem
1310 794 1460 865 rependere
1486 797 1583 866 possit,
1604 797 1702 852 saltem
1718 803 1749 850 ut
1771 799 1873 868 gratias

1086 883 1197 950 relerat,
1209 899 1279 956 quas
1292 886 1381 957 possit
1394 887 1522 941 voluntas
1538 884 1666 941 obnoxia.
1683 885 1717 940 Et
1731 887 1797 944 licet
1811 903 1872 958 pro

1085 977 1146 1047 pria
1165 991 1217 1032 nos
1229 976 1402 1033 incommoda
1427 993 1499 1049 saepe
1517 978 1661 1042 dilanient,
1688 979 1872 1036 abundantius

1086 1076 1177 1124 tamen
1200 1068 1311 1140 rapiunt
1336 1070 1363 1124 in
1387 1085 1508 1126 amorem
1524 1078 1660 1136 restrum,
1686 1079 1714 1125 et
1737 1073 1873 1128 latibrars

1086 1159 1204 1214 animam
1215 1176 1302 1218 meam
1317 1167 1455 1217 tantarum
1469 1161 1636 1217 charismata
1648 1163 1796 1226 ristulum,
1812 1180 1870 1236 qua

1085 1251 1120 1307 de
1133 1252 1211 1320 vobis
1221 1253 1254 1307 ad
1265 1254 1407 1308 commoda
1421 1255 1566 1309 multorum
1578 1254 1663 1310 latius
1676 1255 1867 1326 pmdieuntnr.

1085 1344 1156 1411 Quid
1167 1343 1261 1399 enim?
1274 1346 1297 1402 si
1311 1347 1457 1416 sapientia,
1473 1347 1497 1403 si
1512 1347 1688 1418 providentis
1702 1349 1870 1419 qnaerituris

1087 1435 1211 1508 Sugerio,
1229 1446 1303 1492 tanta
1320 1440 1466 1510 reperitur,
1477 1448 1506 1494 nt
1517 1456 1688 1512 quaeeunque
1702 1445 1813 1514 negotia
1825 1459 1868 1500 re·

1085 1536 1144 1584 stro
1155 1529 1281 1584 nituntur
1294 1532 1421 1597 consiliu,
1441 1533 1549 1588 cautius
1568 1535 1721 1605 procedant
1735 1542 1765 1590 et
1780 1552 1869 1593 suere·

1085 1621 1152 1677 dant
1168 1621 1284 1678 felicius.
1301 1619 1332 1678 Si
1352 1623 1386 1678 ad
1408 1625 1566 1695 religionem
1583 1629 1747 1691 recurritur,
1764 1627 1799 1684 de
1811 1646 1867 1701 spe·

1086 1715 1148 1771 culo
1173 1715 1237 1770 vitre
1258 1724 1356 1772 restrae
1375 1717 1488 1782 relucet,
1502 1724 1530 1772 ct
1549 1719 1623 1790 quod
1639 1719 1709 1774 loris
1723 1719 1823 1784 luceat,
1842 1729 1867 1776 rt

245 1854 353 1908 ritatem
366 1851 427 1906 dico
438 1849 527 1905 amico
543 1863 617 1914 meo,
630 1863 685 1902 non
700 1848 834 1903 mentior:
853 1846 925 1901 unde
939 1854 1034 1916 pareat
1050 1792 1070 1851 B
1084 1807 1158 1911 (ΨΜ
1175 1807 1249 1863 imus
1272 1809 1409 1880 ‘mediat’
1424 1808 1542 1864 ‘mnu'
1565 1810 1742 1867 'mmmm
1771 1827 1868 1883 ΡΜ

1083 1916 1171 1966 ιιιιιιιι,
1182 1917 1243 1972 quas
1253 1902 1552 1973 beneficiis-prevenire
1566 1903 1677 1974 gaudet,
1694 1905 1816 1960 necdum
1829 1921 1868 1960 ro

1083 1997 1146 2063 gata
1156 1998 1325 2062 rogaturum.
1341 1992 1399 2048 lloe
1413 2008 1464 2064 ego
1480 1993 1568 2049 iretus
1582 1993 1762 2050 liberalitatis
1775 2010 1869 2065 praere

1083 2099 1140 2148 nro,
1156 2084 1242 2138 tutior
1257 2085 1359 2140 aceede
1369 2100 1431 2140 eum
1451 2085 1580 2156 precibus
1591 2102 1673 2158 quam
1687 2087 1799 2142 devotis
1811 2103 1869 2156 pos·

1083 2184 1184 2232 sumet
1200 2177 1369 2243 humillimis,
1381 2186 1517 2249 quatenus
1530 2178 1564 2233 ad
1581 2178 1717 2234 honorem
1728 2178 1779 2236 Dei
1790 2188 1817 2234 et
1826 2179 1869 2236 Dei

1082 2265 1230 2324 Genitricis
1244 2268 1345 2335 llariae,
1372 2269 1406 2326 ad
1428 2269 1568 2326 munimen
1581 2271 1807 2327 etrererentiam
1824 2271 1870 2326 ilc·

1083 2357 1175 2412 clesiae
1189 2367 1302 2426 sanctor,
1313 2361 1359 2414 cni
1370 2360 1435 2416 lieet
1454 2368 1583 2434 peccator
1598 2361 1749 2432 praesideo,
1764 2361 1800 2416 de
1812 2379 1870 2433 pre·

1083 2449 1155 2504 tioso
1168 2457 1196 2504 et
1211 2451 1461 2521 copiosotlresauro
1472 2461 1565 2508 restro
1579 2453 1733 2523 suscipiam
1747 2454 1872 2524 retum:

1083 2541 1199 2611 aliquas,
1215 2543 1372 2610 specialiter
1385 2552 1476 2598 antem
1494 2545 1607 2614 pretiosi
1622 2545 1758 2615 martyris
1772 2544 1871 2600 Christi

1084 2632 1216 2705 Dionysii.
1235 2633 1302 2689 Cum
1321 2635 1405 2706 igitur
1421 2637 1553 2692 mittenda
1573 2637 1744 2709 parareritls
1756 2645 1815 2692 tam
1827 2653 1873 2708 up-

1083 2734 1150 2789 tata,
1163 2742 1244 2797 quam
1264 2728 1384 2799 pretiosa
1407 2728 1551 2793 donativa,
1576 2745 1639 2800 quae
1663 2738 1759 2784 tumen
1774 2729 1875 2784 mendi·

1082 2820 1157 2873 canti
1168 2819 1262 2890 pietati
1276 2821 1398 2876 ebaritas
1408 2821 1550 2876 abundans
1565 2836 1667 2891 negare
1679 2837 1740 2876 non
1759 2822 1873 2892 poterit;

1083 2911 1159 2965 novit
1171 2913 1277 2966 cautela
1284 2920 1376 2967 vestra
1385 2928 1467 2982 tynam
1477 2913 1560 2967 certis
1569 2914 1659 2968 titulis
1674 2912 1862 2984 designando

1082 3002 1174 3066 beant,
1187 3017 1270 3073 quam
1286 3009 1346 3058 tuto
1360 3005 1686 3074 sigrracnlocommuuiri,
1703 3021 1791 3076 quarn
1807 3005 1872 3061 idrli

276 3094 450 3165 Propositum
464 3099 589 3148 nostrum
603 3097 662 3147 emt
674 3105 724 3161 per
737 3103 798 3154 vos,
813 3087 933 3152 domine,
949 3086 976 3140 in
989 3101 1032 3141 re·
1083 3094 1209 3164 portitori
1223 3095 1368 3151 committi,
1382 3095 1449 3163 Qnae
1458 3103 1548 3152 autem
1559 3099 1654 3167 pertrae
1665 3097 1873 3153 chapturim.

241 3188 301 3244 ditu
314 3194 411 3243 nostro
431 3185 561 3241 transire.
585 3182 639 3239 Sed
660 3182 806 3237 infirmitas
829 3180 923 3235 iratris
942 3179 1030 3235 nostri
1045 3154 1067 3215 C
1082 3186 1228 3242 pisiacum
1247 3189 1283 3244 sir
1297 3204 1413 3254 merces,
1435 3190 1593 3260 procurante
1612 3191 1732 3246 uberius
1757 3191 1873 3246 em„

240 3277 427 3335 xantonensis
459 3276 583 3349 episcopi
606 3273 764 3347 (Duruurdi)
798 3287 846 3344 per
877 3271 1030 3327 breviorem

240 3372 313 3427 riam
329 3370 461 3442 compulit
472 3385 522 3426 nos
537 3365 722 3424 redire.Nune
737 3365 949 3436 itaquelatorem
965 3377 1031 3433 prae-

239 3465 360 3522 sentium
384 3479 446 3522 cum
468 3463 570 3518 litteris
589 3462 692 3517 nostris
718 3458 822 3514 advos
845 3454 1028 3519 destinamus,

240 3556 365 3612 uolentes
379 3553 538 3619 certificari,
550 3551 573 3608 si
589 3551 622 3607 de
636 3551 769 3606 descensu
785 3556 877 3605 vestro
889 3547 922 3602 ad
938 3553 1030 3618 partes

239 3655 351 3704 nostras
364 3661 427 3702 cum
440 3646 539 3702 comite
549 3643 694 3713 Rodulplro
706 3639 945 3714 (viromandensi),
959 3638 1030 3694 sicut

237 3739 361 3800 dixistis,
374 3736 463 3792 adbuc
479 3735 659 3790 deliberatum
679 3733 743 3788 sita
763 3732 853 3796 robis,
877 3739 905 3786 et
923 3738 1029 3786 eertum

240 3832 308 3907 quid
322 3829 529 3887 indebabeatis.
545 3825 624 3894 Quod
640 3827 664 3882 sl
678 3826 800 3880 nondum
810 3831 865 3880 stat
881 3821 1027 3887 sententia,

241 3938 294 3980 nos
305 3923 338 3978 ad
350 3921 461 3994 propria
474 3919 531 3974 Deo
546 3919 652 3975 uolente
665 3918 821 3982 redeuntes,
831 3923 932 3972 statum
947 3922 1030 3970 terrae

237 4024 343 4072 urostrse
357 4012 542 4077 addiscemus,
563 4020 591 4066 et
610 4011 749 4080 cognitum
773 4009 854 4064 robis
874 4005 1029 4078 significare

236 4108 411 4172 curabimus,
429 4112 499 4161 utet
514 4103 664 4160 secundnm
684 4100 758 4173 quod
773 4100 918 4156 audieritis
939 4109 966 4154 et
985 4111 1030 4153 eo·

238 4199 389 4273 gnoverltis
412 4197 552 4269 expedire,
578 4195 677 4267 agatis.
699 4192 809 4252 interim
835 4199 925 4248 autem
949 4189 1028 4246 robis

240 4295 278 4350 ibi
292 4292 396 4364 aliquid
409 4301 527 4353 mutare,
542 4290 615 4345 sieut
636 4287 715 4342 nobis
732 4287 851 4352 ridetur,
875 4299 931 4340 non
945 4301 1028 4359 erpe-

235 4388 291 4443 dit.
320 4385 409 4457 Super
429 4383 481 4440 lroe
501 4397 551 4454 per
577 4383 692 4436 latorem
717 4380 894 4449 presentium
916 4381 1027 4435 anobis

1082 3280 1225 3351 ipsaque
1238 3279 1311 3336 Deus
1329 3288 1382 3346 est,
1397 3282 1444 3351 qui
1462 3297 1517 3336 non
1529 3281 1647 3351 digitum
1667 3297 1759 3336 unum
1773 3283 1816 3337 rel
1829 3299 1873 3336 ar·

1081 3372 1194 3426 ticulum
1210 3371 1286 3427 dedit
1298 3374 1378 3428 nobis
1393 3373 1428 3429 ad
1442 3375 1570 3444 pretium,
1585 3374 1634 3430 sed
1649 3380 1744 3430 totum
1756 3391 1789 3431 se
1801 3375 1873 3430 dedit

1081 3467 1108 3518 iu
1123 3464 1335 3536 redemptionem
1347 3465 1415 3537 (tt).

1322 3556 1492 3614 EPlSTDLn
1509 3557 1604 3613 xxtltt

1262 3663 1371 3704 suosnn
1392 3666 1465 3704 curn
1484 3665 1518 3704 tu
1538 3665 1685 3706 suession.

1115 3735 1252 3794 Donamus
1266 3739 1428 3810 episeopus,
1448 3756 1545 3798 servus
1563 3757 1706 3797 seruorum
1723 3740 1792 3806 Dei,
1807 3742 1874 3798 dile·
1981 3720 1982 3757 ³

1080 3832 1125 3880 cto
1140 3825 1260 3884 Suusnro
1273 3829 1366 3884 abbati
1384 3827 1478 3886 Sancti
1492 3830 1614 3903 Dionysii
1628 3831 1748 3888 salutern
1762 3841 1791 3888 et
1808 3847 1874 3904 apo·
1981 3852 1982 3861 ¹

1080 3919 1204 3974 stolicnm
1218 3920 1444 3977 benedictionem.

1113 4009 1201 4067 Officii
1213 4013 1301 4068 nostri
1315 4029 1366 4068 nos
1378 4014 1504 4068 bortatur
1516 4013 1687 4079 auctoritas,
1701 4023 1759 4070 ete
1772 4013 1872 4068 l'ideis

1079 4102 1197 4176 Eupeur'o
1211 4103 1261 4158 lll
1274 4119 1344 4177 papo
1360 4104 1394 4159 ud
1409 4123 1454 4161 un.
1471 4105 1550 4161 list.

1318 4195 1486 4252 srtsrots
1507 4195 1625 4253 xlltllll.

1261 4305 1371 4344 seusun
1391 4305 1465 4344 runs
1484 4306 1519 4344 un
1538 4305 1686 4346 suession.

1113 4384 1248 4442 Euosnms
1261 4370 1418 4457 episeopus,
1437 4400 1534 4441 sersus
1552 4399 1698 4440 serrorum
1718 4383 1870 4450 Dei,'dile-

240 4479 440 4552 praestolamur,
465 4482 493 4533 et
509 4490 570 4546 quae
584 4474 662 4529 robis
687 4471 851 4544 placuerint.
870 4468 942 4526 ldcm
959 4475 1027 4542 petit
1042 4503 1065 4559 D
1079 4477 1133 4534 ctis
1148 4477 1211 4533 illlis
1232 4478 1290 4533 suis
1308 4477 1450 4533 canonicis
1471 4474 1579 4533 Sanctae
1592 4476 1740 4534 &nescia
1752 4478 1869 4534 sabra

236 4585 273 4625 ac
290 4569 464 4642 prestolatur
484 4566 594 4622 anobis
616 4563 701 4620 irater
718 4569 813 4620 noster
828 4559 1025 4627 xantonensis,

237 4661 289 4732 qui
303 4675 353 4732 pro
366 4672 435 4730 pace
447 4665 528 4714 terrae
542 4663 675 4726 qnantum
688 4661 780 4726 potest
793 4652 926 4716 elaborat.

491 4745 660 4802 EPlSTDLA
677 4743 772 4801 llllvl.

346 4856 465 4898 nnrscorr
484 4854 703 4895 nnnsronnsnsrs
720 4854 754 4893 un
774 4853 918 4894 sonentur.

239 4932 367 4988 Pluribus
378 4947 437 4986 euru
448 4927 627 4992 contruendot;
640 4927 734 4982 deinde
750 4937 827 4998 ropnt
841 4935 871 4979 ut
884 4943 949 4997 ortus
961 4927 1026 4979 ntis-

276 5019 353 5059 surus
367 5012 406 5058 est
420 5001 545 5070 reliquias
569 4997 598 5054 S.
618 4997 749 5069 Dionysii,
770 5014 814 5052 eus
837 4999 914 5052 certis
941 4997 1025 5052 tituiir

273 5075 428 5145 deniqueret
443 5071 516 5142 fideii
528 5070 650 5140 portitori
666 5069 822 5123 committur.

274 5163 420 5221 Dorsennus
434 5163 482 5220 Dei
500 5163 588 5234 gratia
602 5159 812 5216 llerelordensis
828 5157 959 5215 Ecclesiae
973 5159 1026 5214 mi·

239 5257 327 5316 nister
337 5255 714 5327 humilis,votisctobsequiis
739 5251 1025 5312 Suunnrovenerando

275 5439 331 5512 (lo)
350 5438 388 5495 De
402 5438 516 5509 pecunia
534 5451 616 5508 quarn
641 5435 773 5507 sigerius
795 5436 971 5506 perquirebat
996 5436 1024 5492 in

233 5511 391 5569 ·subsidium
418 5509 598 5580 expeditionis
620 5506 888 5579 Hierosolynntana,
922 5507 1026 5564 intelli—

231 5582 325 5654 genda
338 5590 380 5637 est
395 5581 452 5635 lirec-
465 5580 590 5650 epistola.

275 5651 330 5722 (lt,
350 5650 568 5718 lledcnrptionem.
579 5649 647 5704 Cum
661 5646 798 5704 liebertus
813 5647 1023 5706 llerelordensis

1077 4577 1105 4624 et
1115 4570 1292 4641 apostolicam
1302 4569 1529 4626 benedictionem.

1113 4658 1245 4730 Quisquis
1265 4658 1414 4715 Catbolieae
1438 4657 1501 4714 srdei
1524 4659 1686 4726 ueritatem,
1710 4669 1769 4715 etc.
1802 4657 1869 4711 lide

1077 4751 1142 4805 ibid.

1329 4841 1497 4901 suissuia
1515 4841 1611 4898 xxti.

1112 4952 1241 4993 sansonis
1259 4952 1390 4994 assensus
1409 4950 1612 4993 uncntsrrsuort
1630 4951 1666 4990 ιιι
1685 4951 1835 4992 sessurus.

1075 5025 1161 5095 nonu
1176 5036 1204 5082 ut
1220 5045 1371 5084 succurrere
1383 5029 1434 5084 titt
1449 5029 1552 5085 student
1569 5037 1662 5082 contro
1677 5028 1821 5100 liutpertus
1840 5028 1874 5084 ἐι

1112 5086 1142 5155 S.
1157 5098 1292 5170 Remiup'o,
1329 5101 1356 5154 ιιιΙ
1379 5101 1475 5156 utiliter
1497 5099 1679 5154 conduxerunt
1699 5111 1730 5154 ut
1744 5101 1871 5155 mlestus

1111 5169 1144 5226 lt.
1161 5168 1256 5225 diutim
1268 5182 1293 5225 et
1306 5117 1336 5227 ἕ.
1348 5169 1460 5243 Remiyii
1473 5170 1638 5240 infestarunt.

1112 5260 1234 5329 Samson,
1261 5261 1309 5318 Dei
1332 5263 1422 5335 gratia
1444 5261 1593 5318 Remorum
1619 5261 1871 5332 archiepiscopus.

1075 5449 1106 5496 nt
1116 5442 1198 5498 babet
1210 5441 1329 5498 loannes
1343 5441 1421 5566 prior
1437 5439 1679 5512 Degustaldensis,
1702 5455 1719 5494 a
1796 5437 1874 5494 'iti-

1075 5513 1153 5575 sden,
1169 5519 1189 5566 t.
1202 5512 1224 5578 l,
1240 5514 1293 5568 col.
1311 5513 1346 5567 st
1367 5512 1435 5574 ,sed
1451 5528 1523 5568 anno
1544 5511 1623 5573 illd,
1640 5511 1687 5566 die
1752 5511 1869 5581 Aprilis,

1075 5583 1109 5640 ad
1128 5599 1230 5638 annum
1253 5583 1323 5640 llltt
1337 5583 1496 5639 collocanda
1522 5582 1630 5638 ridetur
1653 5583 1716 5638 bare
1737 5581 1871 5654 epistola

563 5720 568 5732 ,
605 5720 610 5730 ,
642 5719 648 5731 ,
831 5719 866 5731 ,,
962 5720 966 5730 ,
1074 5654 1178 5724 scripta
1189 5662 1250 5726 post
1268 5653 1403 5713 llemcnse
1420 5655 1587 5722 concilium,
1603 5653 1650 5710 eui
1666 5653 1813 5711 liebertus
1830 5654 1874 5706 in·

231 5723 382 5791 episeopus
395 5727 511 5775 mortem
526 5721 625 5776 obterit
641 5735 669 5772 ur
687 5727 883 5774 transmarinus
897 5720 1023 5788 partibus
1073 5724 1179 5782 terruit,

232 5805 302 5846 cum
312 5789 463 5860 apostolico
472 5791 635 5856 consistens,
652 5805 707 5846 non
719 5788 828 5860 quidem
843 5805 915 5845 anno
941 5789 1021 5856 illo,
