3967 6334
97 367 163 430 lost

468 371 501 427 b.
519 369 603 431 lillG.
622 369 793 430 aasabim
809 368 1106 432 onsabtsrtobtts.
1122 399 1157 416 ο·
1174 370 1209 426 ΙΝ
1223 371 1288 432 tta.
1309 372 1354 430 tit.

1653 381 1726 442 {ddi

94 499 146 558 que
159 483 309 568 ιιιιιιιιὶιιι
318 486 391 542 intra
405 485 468 542 idei
481 488 630 553 cancellos,
647 504 710 560 que
723 490 784 545 solo
794 489 884 544 adbuc
898 497 921 552 Α
935 495 997 544 rent
1008 487 1105 546 Patres
1118 489 1188 544 duas
1203 503 1265 546 esse
1278 491 1308 546 in
1321 489 1432 548 Christo
1444 493 1597 552 voluntates
1611 505 1639 552 ιι
1657 513 1724 570 ope-

94 558 265 638 opinantrum
283 557 346 626 iure
368 557 511 614 ιιίιιιιιιιιε
532 559 594 615 aliis
607 574 673 616 aero
690 567 783 615 nomm
798 561 884 616 baere-
934 559 1074 614 rationes:
1094 560 1142 630 qui
1162 575 1263 630 scopus
1281 570 1342 617 erat
1362 563 1482 620 concilii.
1499 563 1555 622 Nec
1571 573 1646 622 certe
1661 584 1727 638 prc-

94 640 156 682 seos
176 629 327 684 inusserint
345 635 394 682 aut
414 629 529 693 erroris,
548 630 588 685 nti
603 631 638 686 de
656 629 805 690 Philastrio
816 647 884 686 con·
934 629 1017 686 ducta
1031 629 1138 694 inisset,
1158 631 1182 686 si
1198 632 1285 687 solam
1302 633 1474 701 explanasset
1491 635 1594 692 Christi
1608 651 1727 710 concep-

93 704 219 767 questum
233 697 299 752 clim
313 699 494 770 augustinum
505 701 564 770 jam
578 701 707 757 uidimus.
728 701 785 756 Nec
800 716 884 772 porro
933 701 1047 763 tionem.
1063 701 1185 756 siluisset
1195 717 1260 757 vcro
1273 700 1307 756 de
1321 700 1446 774 dogmate
1456 713 1522 760 tune
1536 715 1724 766 controverso.

93 767 226 839 quidquid
248 770 278 823 in
302 770 428 825 conciliis
459 780 506 826 aut
527 770 599 842 apud
621 771 718 832 Patres
744 771 883 829 liberalius
934 768 1056 826 Tandem
1078 771 1240 842 explicanda
1259 771 1316 827 lraec
1335 773 1565 843 particularium
1588 778 1616 833 in
1634 779 1726 838 verbis

93 839 225 909 scriptam
234 840 381 910 repereris,
393 841 421 896 id
432 839 495 897 tidei
508 842 661 907 oraculum,
675 849 723 902 aut
736 842 883 899 immobilis
934 839 1092 911 Sophronii,
1115 857 1196 912 quam
1213 843 1288 898 varie
1308 842 1434 915 irttclligi,
1457 847 1574 917 probant
1593 849 1725 921 theologi,

94 908 216 964 raritatis
233 915 262 964 et
284 909 458 967 auctoritatis
479 919 615 968 assertum
630 913 797 970 credendum
818 920 881 982 est;
932 912 998 966 dum
1008 913 1165 982 expendunt
1176 913 1248 968 bunc
1260 911 1408 984 Scripturas
1421 915 1511 972 locum
1527 936 1533 972 :
1553 917 1606 986 Qui
1621 921 1683 975 risit
1697 923 1726 980 ιἰι

92 978 139 1034 sed
149 993 182 1036 ca
197 980 297 1044 solum,
311 997 373 1051 quac
385 981 436 1044 rei,
452 998 513 1052 qnae
523 984 730 1045 discutiebatur,
745 992 883 1038 momenta
931 991 1070 1047 curuum,
1086 984 1181 1040 ιιιαιιι
1195 985 1285 1038 omnio
1299 984 1390 1042 simol.

92 1050 248 1132 continent,
264 1060 313 1106 aut
327 1068 390 1176 qam
404 1055 556 1110 canonibus
568 1054 611 1110 rel
633 1052 755 1113 unanimi
769 1050 883 1110 Parrum

92 1135 213 1181 ommam
233 1136 316 1177 sensu

967 1051 1048 1119 Quod
1069 1054 1165 1109 attinet
1187 1055 1221 1109 ad
1242 1052 1348 1119 Patres,
1363 1055 1436 1111 ultro
1456 1054 1656 1130 iatcmurapud
1677 1076 1725 1120 eos

351 1131 484 1180 rmautur.
505 1124 633 1195 Alioquin
647 1125 772 1196 quamvis
786 1121 884 1182 Patres
933 1124 1011 1194 plura
1032 1121 1084 1193 legi
1104 1139 1164 1195 quae
1184 1123 1255 1181 Pulli
1276 1133 1395 1182 mentem
1418 1125 1584 1198 singularem
1595 1127 1723 1198 efficiant,

92 1192 883 1266 septimaesraodiprobaverintdialogumgentileminteret
933 1209 985 1254 aec
1005 1194 1119 1263 proinde
1134 1196 1162 1249 iu
1182 1211 1212 1252 re
1229 1207 1284 1250 tam
1299 1196 1386 1252 ardua
1399 1197 1584 1268 recipiendam
1599 1207 1722 1258 temere:

90 1259 223 1318 ioannem
229 1261 512 1328 Thessalonicensem.
522 1266 570 1336 qui
583 1265 764 1320 contendebat
773 1264 884 1334 pingen·
931 1263 1037 1334 hacque
1054 1265 1161 1320 sincera
1174 1264 1358 1332 consessione,
1369 1282 1402 1322 ex
1424 1267 1539 1325 litandis
1553 1285 1648 1326 corum
1661 1287 1729 1328 auc-s

90 1332 142 1387 dos
150 1347 213 1389 esse
227 1333 350 1404 angelos,
364 1334 476 1406 eoquod
490 1345 576 1392 essent
590 1337 719 1404 corporei,
734 1335 882 1393 dicendum
930 1335 1091 1394 toritatibns
1109 1334 1241 1407 Pulloque
1255 1339 1390 1410 conciliari
1411 1338 1446 1402 is,
1468 1340 1546 1394 multi
1562 1341 1724 1412 supernum

91 1411 164 1458 esset
178 1413 303 1459 sanctam
323 1412 351 1461 ιι
365 1406 563 1462 aecumenicam
583 1407 717 1477 smodnto
732 1406 883 1463 credidisse
931 1421 1004 1462 mus.
1021 1403 1135 1474 Verum,
1150 1415 1181 1461 ut
1199 1407 1257 1477 jam
1272 1407 1376 1476 prelati
1391 1423 1504 1470 sumus,
1527 1427 1602 1468 niens
1626 1429 1724 1469 corum

90 1473 201 1542 angelos
212 1489 274 1530 esse
287 1489 446 1546 corporeos.
466 1475 542 1532 Licet
556 1475 621 1532 item
636 1493 653 1530 a
668 1475 797 1531 Patribus
812 1492 880 1530 con·
931 1475 1125 1549 inspicienda,
1150 1493 1235 1533 causa
1257 1477 1417 1548 indolesque
1441 1481 1579 1536 scribendi
1594 1499 1601 1549 ;
1628 1483 1730 1554 sicque

88 1542 148 1598 ciiii
160 1543 391 1602 Chalcedonensis
404 1546 514 1602 laudata
526 1546 623 1602 luisset
630 1547 747 1616 epistola
757 1545 882 1617 quedam
931 1547 1070 1603 constabit
1084 1561 1132 1602 eos
1145 1547 1197 1606 bac
1214 1547 1368 1602 animorum
1380 1551 1571 1616 consensione,
1589 1567 1644 1606 nou
1660 1553 1723 1610 fidei

88 1627 151 1683 quae
164 1616 217 1671 stab
229 1615 341 1672 nomine
352 1615 406 1672 lbae
418 1615 454 1672 ad
468 1616 563 1672 liarim
577 1616 689 1673 Persam
705 1617 882 1672 circumiere·
931 1617 1115 1682 cousuluisse,
1133 1616 1182 1674 sed
1201 1618 1331 1674 decentiae
1350 1618 1457 1674 cuidam
1476 1628 1504 1675 et
1525 1625 1721 1692 congruentiae,

88 1683 186 1752 batur;
209 1694 302 1742 umen
316 1687 345 1741 in
367 1688 463 1758 quinta
478 1687 582 1759 synodo
600 1688 699 1744 durius
721 1702 781 1744 eam
798 1703 881 1743 exce·
930 1703 985 1760 qua
1001 1687 1119 1744 maxime
1134 1687 1247 1744 decebat
1260 1696 1290 1743 ut
1304 1687 1424 1745 i'erbum
1441 1705 1497 1746 noa
1513 1693 1661 1750 seminario
1675 1701 1722 1750 aut

88 1760 163 1824 ptam
176 1755 273 1822 luisse,
287 1772 368 1812 nemo
378 1773 434 1812 non
449 1758 525 1813 novit
537 1758 752 1814 intereruditos.
769 1755 804 1812 Ut
817 1758 882 1814 binc
931 1758 1088 1814 inanimatae
1102 1757 1178 1818 carni
1189 1758 1364 1829 copularetur
1376 1758 1450 1830 (licet
1466 1767 1544 1816 entra
1562 1773 1722 1821 controuer-

87 1825 182 1882 sideas
203 1843 257 1880 non
279 1842 312 1883 ea
334 1843 517 1910 semperque
532 1830 650 1900 placent,
673 1834 801 1954 auqvquac
815 1845 880 1900 pro-
894 1860 917 1920 Β
931 1829 1000 1910 siam
1011 1827 1038 1883 id
1048 1827 1106 1884 steri
1120 1827 1235 1899 posset),
1251 1829 1300 1884 sed
1315 1837 1420 1884 tantum
1432 1831 1542 1901 corpori
1557 1832 1647 1889 debita
1658 1849 1722 1911 par·

86 1893 190 1952 bantur
204 1897 233 1952 in
246 1897 382 1960 conciliis,
398 1914 432 1954 ex
446 1914 507 1969 ipso
523 1900 584 1955 tidei
600 1915 671 1970 penu
691 1915 709 1970 p

762 1900 811 1961 ire.
831 1907 879 1954 aut
929 1910 998 1954 trum
1018 1913 1130 1956 suarum
1143 1899 1321 1970 dispositione
1345 1900 1463 1955 formato
1484 1912 1511 1956 et
1530 1903 1635 1978 loycam
1659 1905 1721 1961 ani·

84 1963 148 2022 iore
167 1983 274 2037 semper
287 1969 437 2025 immobilis
448 1970 532 2041 juris.
548 1969 604 2026 Nec
618 1970 734 2040 proinde
746 1970 879 2040 quidquid
928 1977 1013 2025 mato.
1037 1968 1073 2024 Ut
1089 1969 1162 2024 enim
1185 1981 1278 2026 monet
1297 1969 1438 2040 Hilarius,
1457 1971 1549 2028 libra
1567 1973 1718 2033 [leTrinit.

84 2035 114 2092 in
129 2038 171 2093 eis
183 2037 394 2108 deprenenaerts
408 2041 497 2110 prima
507 2040 684 2096 irontePullo
698 2042 876 2107 contrarium,
928 2040 1004 2095 circa
1017 2039 1152 2099 medinm:
1176 2038 1354 2112 intelligentia
1375 2041 1506 2096 dictorum
1522 2059 1555 2098 ea
1573 2046 1662 2100 causis
1679 2054 1720 2101 est

83 2107 223 2164 subiciens
234 2125 298 2166 esse
314 2118 345 2164 ut
360 2110 495 2167 haereseos
513 2119 561 2166 aut
578 2112 681 2166 erroris
694 2119 805 2166 notetur
818 2111 878 2180 ejus
929 2109 1089 2166 assumendo
1110 2110 1234 2176 dicertdir
1275 2112 1322 2168 uio
1344 2129 1395 2166 aon
1410 2115 1530 2182 ¹serariani
1544 2131 1595 2178 res,
1617 2113 1662 2170 red
1680 2115 1720 2172 rel

82 2177 195 2246 opinio:
211 2180 318 2236 cumde
331 2181 490 2252 brrjnsmodi
503 2181 738 2252 propositionibus
753 2183 804 2236 rite
817 2197 879 2251 pro·
927 2197 1014 2236 emmo
1029 2181 1161 2251 subiectus
1172 2191 1223 2240 est.
1249 2129 1282 2236 Gt
1295 2181 1403 2254 quidem
1419 2183 1501 2238 bodie
1519 2200 1574 2240 non
1595 2185 1719 2242 dissimi·

82 2249 254 2305 nuntiaverit
266 2250 445 2322 magnetibus,
461 2254 480 2306 l.
499 2268 509 2306 ι
528 2252 566 2308 Ι)ι
580 2251 680 2308 Genesi
697 2253 732 2307 ad
746 2251 876 2319 litteram,
927 2251 1001 2308 libus
1014 2251 1194 2322 argumentis,
1207 2253 1357 2310 adecentta
1369 2261 1396 2308 ct
1406 2268 1421 2307 a
1433 2257 1604 2324 congruitate
1614 2256 1719 2326 petitis,

81 2333 145 2388 cap.
165 2320 216 2376 ts:
233 2320 338 2376 tanaro
352 2339 404 2377 non
417 2331 457 2378 est
470 2332 565 2378 contra
577 2322 658 2394 pidem
673 2322 754 2379 donec
767 2325 878 2380 scritate
927 2323 1054 2394 persuasi
1065 2321 1168 2389 fideles,
1184 2323 1387 2380 immaculatum
1398 2333 1425 2379 ιι
1435 2323 1505 2382 labis
1519 2325 1661 2398 originalis
1672 2327 1709 2382 im

81 2392 234 2446 certissimo
246 2390 394 2461 reieliotrrr,
927 2407 1037 2449 munem
1055 2391 1176 2464 Virginis
1197 2391 1321 2465 beiparae
1342 2402 1504 2463 conceptum
1533 2397 1577 2466 pie
1591 2397 1719 2464 credunt,

119 2461 202 2532 322
218 2461 371 2528 Postremo,
384 2462 457 2534 quod
468 2463 607 2538 profertur
618 2471 750 2535 tanquam
764 2463 821 2519 litis
835 2471 877 2519 to·
926 2470 954 2517 et
966 2463 1137 2531 melioribus,
1148 2479 1230 2535 qnam
1242 2465 1353 2536 quidam
1366 2465 1422 2528 alii,
1435 2465 1506 2520 rotis
1517 2465 1708 2536 amplexantur

80 2531 139 2587 tius
149 2533 312 2598 decisivum,
323 2537 436 2590 etrelm
447 2536 635 2590 authenticum
650 2535 713 2591 idei
722 2535 874 2600 oraculum,
926 2531 961 2587 Αι
975 2535 1048 2590 sicut
1061 2549 1094 2591 er
1111 2535 1162 2588 hac
1173 2533 1303 2590 Ecclesiae
1316 2535 1437 2606 generali
1451 2536 1633 2592 consensione
1644 2539 1672 2592 in
1686 2539 1719 2592 il·

80 2602 261 2658 celeberrima
281 2604 387 2661 scilieet
410 2606 458 2660 illa
478 2605 608 2676 periodus
627 2621 663 2661 ex
682 2605 799 2677 epistola
825 2604 877 2661 So·
926 2603 981 2658 lam
1000 2601 1122 2674 Virginis
1139 2605 1235 2660 aratris
1249 2605 1329 2676 323
1344 2605 1446 2668 dotem,
1464 2620 1546 2675 quam
1561 2607 1643 2662 etiam
1656 2609 1720 2677 jure

15 2719 26 2738 ‚
80 2672 191 2744 pbronii
205 2673 235 2728 in
249 2683 326 2730 sexta
340 2677 446 2746 synodo
459 2677 573 2733 decisa:
590 2675 677 2732 Simul
687 2676 780 2747 quippe
801 2692 874 2741 coro,
926 2673 1242 2746 proponitcelebratque,
1253 2691 1335 2731 nemo
1345 2675 1419 2730 illam
1428 2675 1527 2732 dixerit
1536 2677 1718 2734 indubitatum

80 2744 165 2798 simol
177 2743 228 2799 Dei
243 2744 319 2799 Verbi
332 2762 405 2802 caro.
418 2746 505 2802 Simul
517 2763 581 2801 coro
591 2747 713 2802 animata
722 2747 874 2812 rationalis,
925 2761 987 2800 esse
999 2743 1062 2801 fidei
1075 2745 1184 2816 dogma,
1196 2752 1244 2800 aut
1252 2745 1356 2802 erroris
1369 2746 1537 2803 incusandos
1547 2747 1594 2819 qui
1607 2756 1718 2804 contra·

78 2814 165 2868 simei
177 2815 227 2869 liei
238 2814 316 2870 i'erlri
325 2833 389 2872 coro
398 2818 686 2873 animatorotionoiis:
700 2831 783 2887 quant
793 2818 875 2872 etiam
925 2814 1063 2883 dixerint3
1079 2831 1172 2887 parem
1186 2815 1269 2872 etiam
1284 2831 1346 2872 esse
1366 2816 1500 2872 rationem
1515 2817 1550 2874 de
1569 2819 1616 2872 illa
1635 2835 1718 2889 quam

77 2893 225 2955 spectasse
238 2886 347 2942 uidetur
358 2887 554 2953 Damascenus,
577 2889 626 2945 lib.
640 2903 673 2942 ιιι
687 2887 726 2944 lle
739 2886 801 2951 side,
821 2888 876 2943 ιλ
925 2883 1020 2944 Pullus
1031 2886 1125 2957 agitat,
1139 2887 1300 2957 quaestione,
1312 2887 1447 2957 suspicari
1462 2887 1525 2957 quis
1540 2895 1643 2960 posset,
1655 2903 1718 2944 cum

77 2956 188 3012 nullum
202 2959 285 3016 struit
295 2957 402 3014 obicem
411 2957 505 3025 Pullo;
519 2959 586 3030 quin
598 2960 760 3028 potiusnon
774 2964 876 3015 temere
924 2971 1062 3028 nusquam
1071 2956 1200 3013 distincte
1214 2959 1432 3028 pronuntiaverit
1442 2960 1612 3016 contrarium
1624 2957 1718 3016 Eccle-

77 3026 182 3096 coajici
196 3035 290 3097 posset
304 3029 383 3084 illum
396 3045 430 3084 ex
444 3044 477 3086 ea
491 3045 549 3086 suae
561 3029 875 3086 sententiaeroburmn-
924 3027 983 3093 sia;
998 3043 1050 3083 nec
1065 3027 1155 3084 desint
1169 3028 1262 3098 plures
1292 3028 1333 3099 (ut
1347 3043 1381 3084 ex
1397 3027 1518 3084 boberto
1539 3027 1717 3088 llileduacusi

76 3103 188 3154 tuntum
203 3114 274 3154 esse.
297 3097 385 3169 liujus
397 3099 471 3155 enim
492 3100 567 3156 allati
588 3107 679 3155 textus
694 3098 873 3168 intelligentia
926 3105 954 3154 et
967 3096 1325 3182 Tbeopbylactodiscimus)
1335 3099 1382 3169 qui
1393 3097 1463 3153 Pulli
1474 3107 1566 3170 partes
1576 3107 1715 3156 tueantur.

75 3167 139 3222 baec
149 3175 212 3226 est:
230 3167 265 3224 Ut
279 3171 395 3238 primum
407 3171 509 3225 exstitit
520 3170 621 3226 Cirristi
634 3187 707 3230 coro,
721 3171 873 3224 terrestium
886 3211 907 3270 c
958 3167 1717 3240 Constatiusuperintertbeologos,postTertullianum,

73 3239 131 3307 tisis
155 3238 231 3294 Verbi
243 3256 324 3294 caro:
343 3250 369 3295 et
381 3251 411 3294 st
425 3242 540 3311 primam
555 3259 618 3296 coro
632 3240 681 3295 illo
696 3239 811 3311 predita
821 3240 874 3309 [ιιι
924 3237 1087 3310 Gregorium
1099 3239 1265 3312 Nyssenum,
1286 3239 1444 3310 Augustei
1458 3240 1539 3305 alios,
1558 3255 1602 3296 res
1626 3241 1717 3296 inani·

73 3311 172 3364 enimc
191 3311 329 3376 rationaii,
343 3312 436 3367 statim
450 3313 531 3367 etium
546 3312 599 3381 [ait
614 3321 690 3366 art-ro
707 3310 756 3366 liei
778 3309 872 3369 Verbo,
924 3318 1013 3366 metas
1036 3319 1064 3366 et
1083 3309 1257 3366 insensibiles
1278 3326 1294 3365 a
1311 3307 1400 3366 Verbo
1423 3309 1517 3366 diuino
1535 3309 1658 3382 potuisse
1672 3325 1717 3369 as·

73 3379 160 3446 Quod
178 3389 324 3452 utmmqne
340 3383 413 3439 rotis
431 3383 560 3438 omnibus
581 3384 752 3454 anrptcratnr
765 3389 871 3438 auctor.
924 3381 1011 3448 sumi;
1028 3381 1158 3452 parvique
1174 3379 1326 3436 taciendam
1341 3395 1403 3436 esse
1420 3380 1554 3436 rationem
1564 3377 1638 3435 iiiam
1650 3395 1716 3436 con·

73 3451 220 3522 Nusquam
234 3461 337 3516 autem,
351 3454 406 3508 nisi
421 3454 503 3524 plane
516 3453 637 3516 divinus,
654 3453 721 3508 inde
731 3452 874 3524 collegeris
923 3451 1052 3522 gruitatis
1062 3460 1089 3506 et
1099 3451 1230 3508 decentiae
1240 3451 1268 3505 in
1279 3451 1332 3505 boc
1349 3449 1548 3506 lncarnationis
1573 3451 1717 3523 mysterio,

71 3539 134 3578 non
149 3523 227 3592 prius
240 3531 406 3595 assumptam
423 3537 533 3580 carnem
550 3539 566 3578 a
580 3522 680 3590 Verbo,
703 3537 785 3594 quant
799 3532 873 3579 esset
923 3537 986 3576 cum
1002 3529 1109 3576 certum
1124 3523 1161 3578 sit
1178 3537 1211 3577 ea
1225 3519 1357 3602 Gregorio
1371 3519 1495 3593 Nysseno
1510 3529 1580 3577 orat.
1595 3521 1714 3586 catech„

70 3593 212 3648 animata.
246 3589 367 3663 idipsum
389 3594 534 3649 confirmat
560 3601 651 3650 textus
675 3592 787 3648 Grecos
809 3609 872 3648 cunt
922 3607 948 3648 c.
965 3591 1011 3656 27,
1026 3608 1124 3648 omnes
1137 3598 1250 3647 naturas
1264 3591 1386 3659 ejusdcm
1405 3607 1467 3648 csse
1486 3591 1604 3646 rationis
1625 3591 1716 3662 quoad

69 3664 261 3719 commatibus
275 3673 303 3721 et
317 3665 374 3720 inte
427 3665 585 3728 actionibus
603 3671 830 3736 quecenmotor
843 3665 872 3720 in
923 3663 1141 3733 assumptionem
1153 3677 1272 3717 earunra
1289 3660 1387 3716 Verbo.
1403 3660 1472 3717 vite
1488 3663 1570 3718 etiam
1584 3661 1714 3734 August,

69 3733 324 3796 editionelliniana
338 3743 366 3789 et
403 3737 479 3806 egia,
496 3750 566 3807 quas
582 3736 656 3790 solas
667 3751 751 3804 pcnes
765 3751 808 3789 nte
821 3735 871 3788 ba·
922 3733 970 3787 lib.
984 3731 1023 3788 lle
1037 3749 1102 3788 aera
1117 3733 1165 3789 reli
1188 3773 1206 3796 .,
1219 3747 1245 3787 c.
1260 3731 1308 3801 163
1324 3730 1492 3788 ll.'l'lromam
1502 3740 1529 3788 et
1544 3731 1605 3801 ejus
1616 3749 1715 3803 sequa-

68 3804 129 3862 beo
142 3821 151 3860 τ
166 3803 236 3879 'Aper
250 3809 301 3882 peip
314 3808 389 3880 ‹7de,
402 3807 457 3894 siper
470 3814 532 3863 Θεοῦ
543 3807 618 3898 lipsa
629 3804 872 3883 odpE.'dgscr'pdu·
921 3803 1008 3884 cesuitt
1026 3818 1068 3868 ttt,
1085 3804 1149 3860 dist.
1168 3747 1199 3867 ἓ,
1215 3819 1242 3873 q.
1260 3803 1286 3866 l,
1303 3819 1329 3857 a.
1345 3801 1514 3869 {;Sdolum,
1530 3819 1558 3873 q.
1572 3803 1599 3864 l,
1616 3802 1630 3927 Ῠ
1646 3801 1680 3857 ad
1697 3803 1718 3860 2

67 3896 129 3950 χοι
142 3881 241 3952 idad·
256 3876 312 3948 ἅμα
323 3884 388 3933 θεοῦ
399 3878 476 3949 λογον
489 3879 555 3953 σὰρξ
567 3878 687 3949 spinga
698 3879 797 3951 ληιιή.
922 3873 1032 3930 articul.
1045 3893 1053 3942 ;
1066 3873 1188 3929 [iurand.
1203 3883 1231 3929 et
1244 3871 1425 3939 Paludanum,
1444 3890 1472 3944 q.
1490 3873 1503 3927 l
1516 3892 1523 3939 ;
1537 3874 1561 3927 A
1574 3872 1615 3928 Va
1627 3875 1713 3940 entia,

109 3944 156 4000 Ad
177 3947 313 4017 reliquum
330 3948 414 4018 bajus
427 3949 551 4018 epistole
566 3955 725 4002 coattestum
740 3947 871 4002 lectorem
921 3941 995 4016 disp.
1011 3944 1037 4007 l,
1053 3961 1081 4016 q.
1097 3945 1125 4011 i,
1144 3951 1247 4015 puncto
1264 3944 1276 3997 l
1294 3951 1321 3998 et
1339 3944 1418 4008 alios,
1435 3944 1553 3998 maxime
1575 3945 1714 4000 recentio-

66 4017 257 4081 remittimus,
273 4032 308 4073 ea
328 4033 384 4088 qno
404 4019 483 4089 plara
506 4017 616 4090 colliget
636 4017 707 4072 Pulli
731 4017 872 4072 sententie
921 4029 977 4070 res.
1002 4013 1133 4082 Quamvis
1156 4013 1325 4070 contrarium
1352 4015 1448 4070 doceat
1471 4013 1662 4070 Bonarentura
1685 4017 1715 4072 in

89 4085 234 4152 mansura,
255 4094 303 4143 aut
319 4089 417 4144 saltent
439 4104 495 4144 non
514 4088 697 4144 incommoda.
723 4086 759 4142 Ut
778 4086 868 4142 illud:
920 4085 970 4140 lib.
997 4101 1024 4140 tv
1041 4085 1174 4142 adversus
1188 4083 1332 4148 Marcion,
1357 4099 1418 4155 cap.
1443 4083 1490 4149 il,
1505 4083 1573 4142 dist.
1596 4084 1624 4148 Ξ,
1640 4101 1667 4156 q.
1684 4085 1712 4154 l,

93 4173 191 4226 empse
203 4158 313 4228 explerit
328 4159 438 4230 legitimi
451 4160 592 4229 pstea-perii,
605 4170 631 4214 et
642 4175 688 4228 per
703 4157 810 4228 singula
821 4175 871 4212 no·
921 4154 970 4212 sed
986 4155 1023 4211 ob
1038 4157 1124 4212 solam
1141 4155 1332 4218 indecentiam,
1344 4155 1418 4226 quio,
1430 4153 1628 4278 inquitqocerc
1637 4156 1715 4209 ιιιίι·

64 4229 180 4282 toralia
197 4239 223 4283 et
243 4239 378 4298 pacatum
397 4229 608 4295 contrahentia,
628 4229 704 4294 nobis
722 4227 870 4284 horninibus
921 4243 980 4280 nem
992 4225 1062 4299 qaod
1078 4227 1170 4282 asinus
1192 4227 1267 4297 ficret
1289 4224 1370 4290 Deus,
1388 4225 1427 4280 rel
1440 4226 1529 4297 aliquo
1562 4223 1637 4280 aliud
1650 4223 1714 4280 trita

65 4300 177 4354 similis
192 4299 289 4368 factes.
306 4301 338 4354 Et
352 4301 380 4354 in
389 4300 616 4370 eademcpistola,
629 4315 777 4356 recensens
788 4299 871 4367 bajus
922 4305 994 4360 ιιιιι,·
1007 4298 1094 4366 potius
1118 4296 1251 4352 dedeceret
1272 4295 1388 4350 diuinam
1411 4296 1569 4365 sapientiem
1583 4304 1608 4350 et
1622 4305 1714 4366 poten-

63 4371 270 4440 conceptionis
282 4377 310 4426 et
329 4371 481 4426 nativitatis
495 4371 629 4441 prodigia,
643 4377 724 4436 {tacet
737 4378 871 4440 perpetuo
921 4367 998 4430 tiam,
1022 4384 1103 4440 qoam
1125 4366 1329 4422 commendaret.
1350 4363 1437 4432 Quam
1458 4377 1550 4422 tamen
1578 4367 1716 4424 rationem

61 4441 180 4494 tactam
207 4440 282 4495 illam
306 4441 335 4495 in
360 4442 474 4498 instanti
498 4442 616 4510 partium
641 4443 868 4511 assumptionem,
920 4437 1029 4510 egregie
1039 4438 1205 4496 refutaverat
1214 4437 1399 4494 Tertullianus
1410 4435 1499 4496 libila
1507 4435 1711 4502 carnerristi,

60 4526 160 4581 quam
174 4520 265 4566 tatnen
273 4512 345 4566 inter
356 4513 493 4582 precipua
506 4512 676 4582 reponimus.
689 4510 869 4565 admirando·
921 4525 983 4579 cap.
1008 4509 1036 4572 d,
1063 4511 1188 4580 pluribus
1211 4507 1358 4565 osteudens
1384 4507 1466 4561 nauci
1487 4505 1627 4566 iaciendas
1649 4521 1713 4564 csse

60 4599 147 4644 rum,
167 4581 267 4652 inquit,
287 4599 395 4651 operum
408 4583 534 4652 prolatio,
549 4591 696 4655 quoerant
711 4583 872 4638 inseminata
885 4563 908 4620 ⁰
921 4581 1116 4650 congruentias
1138 4581 1200 4638 illas
1221 4580 1248 4634 in
1273 4577 1403 4650 mysteria
1424 4575 1634 4642 incarnationis,
1652 4594 1714 4648 quae

59 4653 223 4719 conceptio,
243 4649 356 4709 loannis
379 4654 451 4708 intra
473 4661 576 4707 ιιιιιιιι
597 4653 751 4717 assultatio,
777 4662 871 4722 portas
921 4651 1174 4734 carnisassurnptae
1188 4650 1330 4704 veritatem
1345 4646 1510 4702 labefactent
1524 4647 1712 4719 potiusquam

57 4725 128 4792 ipse
141 4723 374 4794 incomptibiiis3
388 4722 492 4777 illibato
504 4724 653 4795 virginitas,
665 4739 725 4794 qrte
735 4733 798 4777 onte
807 4739 872 4805 par·
921 4729 1058 4776 astruant.
1073 4721 1125 4788 Qut
1136 4719 1271 4790 contusus,
1283 4718 1372 4788 inquit
1381 4719 1415 4774 de
1425 4717 1547 4782 Christo,
1559 4719 1611 4772 mei
1621 4716 1712 4788 iamt,

57 4807 141 4856 ιιιιιι,
160 4801 188 4848 ιι
207 4795 237 4847 irs
253 4803 347 4864 pcrtrs,
365 4803 463 4863 etpost
478 4804 584 4862 portum
600 4802 640 4848 est
659 4793 870 4857 intemerabilia
920 4801 947 4848 et
959 4808 1007 4862 eqo
1020 4791 1168 4861 coriander
1179 4791 1247 4860 ejus,
1264 4787 1369 4860 quondo
1386 4805 1432 4844 aec
1445 4789 1607 4858 confusionis
1629 4799 1715 4843 mote-

120 4873 216 4918 tonm
227 4865 339 4920 celestis
352 4865 502 4926 instructio,
512 4873 566 4922 etc.
583 4863 662 4931 Quod
676 4873 868 4935 argumentum
921 4863 964 4916 ric
979 4864 1117 4919 conueniat
1128 4863 1180 4916 aiei
1193 4859 1298 4916 Christo
1310 4875 1365 4913 areo
1381 4859 1477 4928 :craias
1492 4858 1557 4914 erdo
1568 4858 1655 4930 magis
1668 4874 1715 4928 ptr·

71 4939 137 4990 icet
152 4935 193 4990 sit
205 4933 242 4990 ab
255 4936 419 4990 auctoritate
432 4936 569 5006 negativa,
590 4937 618 4990 in
630 4935 694 5004 jure
706 4943 799 4990 ιιιιιιιι
811 4932 869 4988 lor·
920 4931 1033 4996 dendus,
1049 4942 1077 4986 ut
1095 4933 1175 4986 etium
1196 4932 1379 4985 itereticorum
1396 4931 1516 4985 concitiis
1536 4937 1637 5001 potent,
1656 4945 1715 4983 ora·

54 5005 216 5066 tissimum
224 5014 279 5070 est,
294 5005 358 5060 dnm
369 5007 432 5074 quis
442 5021 599 5077 proponens
607 5004 746 5077 quidpiam
757 5005 792 5060 ab
802 5021 871 5061 enu-
920 5020 980 5058 nem
1006 5003 1151 5058 notiaitmis
1175 5012 1201 5056 et
1220 5000 1383 5056 educationis
1411 5000 1567 5072 feditatem,
1583 5007 1609 5054 et
1629 4999 1713 5068 ipsius

55 5076 231 5132 ructatione
250 5078 369 5148 partium
388 5076 595 5142 demonstrare,
617 5091 650 5132 ea
671 5083 764 5131 tantm
780 5084 869 5141 tacet,
921 5073 1001 5129 etiam
1010 5075 1099 5128 cornis
1110 5073 1294 5144 indignitatem
1304 5078 1404 5143 quanta
1414 5069 1716 5138 amaritudineposrurrt-

54 5161 134 5218 quac
151 5147 178 5201 si
192 5162 258 5202 aera
272 5153 366 5204 essent
379 5153 407 5203 et
417 5145 558 5218 prodirent
570 5147 599 5202 iu
612 5146 743 5211 medium,
759 5161 816 5202 rem
827 5146 872 5202 in·
920 5144 1116 5215 perorantibus.
1140 5143 1271 5200 Craterum
1290 5141 1419 5214 quomodo
1444 5142 1489 5197 ilie
1509 5141 1559 5195 erit
1582 5138 1712 5196 obnoxius

54 5217 195 5288 signiter
210 5218 389 5274 illustrarent.
921 5215 1095 5283 confusionis,
1110 5215 1155 5286 qai
1166 5231 1224 5268 earn
1238 5231 1289 5268 non
1300 5213 1390 5284 copiti
1405 5207 1468 5267 Non
1477 5213 1564 5276 ocios,
1579 5209 1638 5266 licet
1655 5210 1716 5265 Vir-

101 5285 172 5342 imo
183 5289 351 5343 contrariom
369 5303 386 5341 a
401 5285 558 5357 Sopbronro
570 5287 691 5352 suaderi,
710 5303 745 5343 ex
761 5289 871 5412 coquis
920 5287 1001 5358 ginis,
1019 5295 1105 5340 torma
1119 5286 1224 5355 [emine
1245 5285 1417 5356 coagulatam·
1435 5291 1461 5338 et
1484 5283 1508 5338 si
1529 5297 1582 5336 aon
1599 5282 1709 5363 ιιιιιιιι,

54 5358 218 5427 conjicere
230 5368 334 5428 posset,
351 5359 423 5430 quod
437 5375 493 5412 ιιιιιι
506 5359 590 5413 semel
605 5363 712 5414 asserat
733 5357 760 5413 io
774 5373 807 5414 ea
826 5374 871 5414 em
921 5367 1009 5412 tomen
1024 5372 1057 5412 ea
1075 5356 1129 5427 lege
1142 5356 1299 5413 substantie
1317 5354 1480 5424 corporolir,·
1495 5368 1527 5408 ιι
1542 5351 1647 5422 [carrae
1660 5350 1711 5406 irrr-

53 5429 204 5502 epistola,
217 5429 290 5498 qnod
299 5445 407 5500 queque
417 5428 529 5482 brimilio
540 5438 618 5498 arque
629 5428 827 5492 lesmorensem,
838 5447 871 5484 ιιι
921 5443 1009 5492 morc;
1025 5443 1077 5480 non
1088 5442 1150 5480 coro
1166 5425 1271 5481 totitas
1283 5436 1344 5481 arete
1357 5426 1471 5495 [oratam
1479 5441 1489 5489 ;
1504 5439 1556 5478 raon
1570 5435 1648 5492 ριιιι
1667 5421 1718 5476 ιιι·-Ι

52 5508 170 5570 sponte
189 5499 280 5564 ιιιιιιι,
306 5508 332 5554 ιι
352 5499 522 5565 naturaiiter,
544 5514 654 5553 ιιιιιιιιιιι
673 5501 756 5554 etiam
779 5499 808 5553 irs
829 5497 871 5554 iris
921 5509 979 5554 ctas
992 5507 1052 5567 port
1062 5498 1192 5568 figurant,
1208 5495 1356 5552 noadecem
1371 5496 1499 5550 mensium
1512 5496 1632 5548 cruciatu
1643 5491 1720 5548 cete.

53 5571 161 5634 Detts,
182 5569 390 5624 demonstrabat.
922 5568 1107 5632 tantan-non
1123 5566 1212 5622 subito
1225 5565 1348 5622 dolorum
1366 5567 1536 5624 concussione
1558 5580 1618 5619 ιιιιιι
1641 5565 1715 5620 tanti

101 5641 251 5696 Possem
271 5656 325 5695 non
348 5648 408 5696 crat
425 5655 505 5695 mens
522 5639 642 5701 concilii,
666 5640 733 5694 dum
753 5640 825 5696 lecta
842 5648 872 5696 et
921 5640 1037 5708 corporis
1049 5655 1120 5694 caeno
1131 5639 1303 5709 percomeris
1315 5637 1542 5708 cloccamep'asus
1553 5634 1588 5690 od
1599 5643 1709 5697 terram,

51 5713 195 5784 probata
213 5709 265 5765 init
277 5712 394 5782 epistola
417 5709 583 5782 Sophronii,
603 5710 743 5767 declarare
758 5711 871 5766 modum
922 5727 968 5766 nec
984 5709 1075 5765 statim
1090 5709 1174 5764 lacem
1189 5709 1313 5780 lacrymis
1328 5709 1527 5779 suspirasset
1544 5705 1629 5776 primo
1644 5705 1714 5758 retia

50 5790 91 5842 et
117 5781 353 5838 circumstantias
375 5781 499 5854 mysterii
519 5779 738 5848 incarnationis;
758 5796 809 5837 nec
836 5781 871 5836 ad
922 5781 1064 5836 aocnlisass'
1079 5780 1197 5845 vulnerer
1214 5797 1260 5836 nec
1275 5780 1387 5840 maltam
1405 5780 1522 5839 citatus,
1543 5793 1589 5836 sec
1610 5774 1667 5829 scie
1683 5783 1713 5832 st.

52 5871 137 5920 etim
155 5852 243 5917 coen
259 5851 312 5909 still
327 5855 485 5935 approbata,
500 5853 556 5927 ‚sed
575 5861 608 5914 ut
621 5860 727 5912 tantun
743 5851 871 5917 tuende·
923 5852 998 5917 meite
1010 5849 1173 5922 mediceturg
1186 5867 1231 5906 nec
1250 5853 1345 5922 pennis
1361 5868 1421 5919 pore
1445 5849 1587 5918 sepulture
1606 5845 1714 5907 barte«
