3967 6334
99 369 173 432 {257
535 373 637 429 ntuetr
656 375 701 430 DE
720 374 835 434 REBUS
854 375 887 432 la

94 493 238 551 ferendam
253 491 381 564 superius
393 494 481 551 sancti
496 493 635 570 Evangelii
651 499 811 566 lectionem,
826 500 895 573 erigi

96 587 227 641 fecimus.
246 583 276 639 br
291 584 412 641 nouitate
430 584 564 658 siquidem
579 589 711 646 sessionis
725 599 827 648 nostrae
844 591 896 647 im·

95 679 285 752 pedimentum
300 676 453 750 quoddam,
476 695 532 751 qno
548 681 668 739 rnedium
680 684 804 740 ecclesiae
817 699 896 740 muro

95 770 244 826 tenebroso
258 769 415 835 secabatur,
432 785 466 826 ne
480 772 643 842 speciositas
656 775 779 832 ecclesiae
792 792 896 849 magni-

94 862 204 919 tudinis
222 862 325 918 talibus
339 861 496 919 fuscaretur
510 866 659 938 repagulis,
677 867 815 924 demedio
834 883 897 925 sus·

94 955 160 1011 tolli
175 954 338 1012 feceramus.

133 1045 190 1103 Nee
211 1046 304 1104 minos
325 1047 445 1104 nobilem
466 1047 579 1121 gloriosi
597 1049 671 1120 regis
688 1047 833 1122 Dagoberti
849 1065 896 1106 ea·

94 1139 246 1206 tbedrsm,
270 1140 300 1196 in
323 1156 400 1213 qua,
420 1147 451 1197 ut
472 1141 615 1212 perbibere
638 1141 708 1198 solet
728 1142 895 1214 antiquitas,

94 1247 179 1306 reges
192 1231 362 1290 Francorum
377 1241 507 1306 suscepto
527 1237 604 1307 regni
623 1234 739 1306 imperio
755 1235 789 1289 ad
805 1235 896 1292 susci·

97 1322 199 1396 pienda
213 1321 380 1395 optimatum
403 1324 652 1382 suorum'bominia
666 1324 784 1395 primum
801 1325 896 1382 sedere

908 376 1028 435 subm.
1051 379 1119 437 SUA
1138 378 1271 440 cusiis,
1667 383 1740 447 ΜΒ

909 495 1002 565 ,tque
1019 495 1149 567 profuso,
1166 498 1230 553 vitri
1250 499 1355 564 restiti,
1371 507 1399 556 et
1417 501 1590 574 saplrirornm
1608 507 1740 571 materia,

947 588 1056 644 tuitioni
1064 599 1092 646 et
1100 590 1740 670 refectioniearumministerialemmagistrum‚

947 679 1019 734 sieut
1032 680 1114 736 etiam
1128 685 1297 740 ornamentis
1312 687 1405 743 aureis
1416 696 1443 744 et
1458 690 1609 763 argenteis,
1624 690 1742 762 peritum

946 771 1120 830 aurifabrum
1137 777 1348 835 constituimus:
1369 780 1416 851 qui
1435 788 1464 837 et
1483 782 1643 852 prebendas
1658 798 1739 849 suas.

946 873 974 920 ct
987 864 1060 936 quod
1074 866 1117 924 eis
1136 884 1220 942 super
1233 870 1285 928 boc
1298 871 1390 929 risum
1404 880 1459 940 est,
1472 875 1598 932 videlicet
1613 876 1648 932 ab
1662 875 1741 932 altari

947 971 1090 1024 nummos,
1109 967 1138 1016 et
1156 975 1172 1016 a
1190 965 1330 1021 communi
1349 965 1465 1023 fratrum
1485 966 1585 1025 borres
1603 983 1743 1024 annonam

947 1051 1115 1198 stgeipiant,
1134 1061 1161 1110 et
1182 1055 1217 1112 ab
1242 1073 1339 1114 eorum
1358 1059 1528 1132 prouidentia
1548 1075 1691 1132 nunquam
1713 1077 1744 1118 se

946 1157 962 1196 a
997 1151 1099 1201 entent.

983 1234 1091 1308 Septem
1110 1255 1220 1312 quoqrre
1232 1242 1407 1309 candelabra,
1422 1244 1552 1316 quoniam
1564 1259 1598 1302 ea
1615 1259 1676 1316 quse
1690 1243 1745 1298 lis·

945 1331 1022 1387 rolus
1038 1331 1187 1403 imperator
1199 1334 1280 1392 beato
1292 1335 1424 1409 Dionysio
1441 1338 1611 1402 contulerat,
1627 1353 1678 1393 sua
1697 1353 1744 1392 ro-

96 1421 319 1478 consueveram,
339 1421 397 1469 tum
412 1430 462 1486 pro
477 1413 547 1470 tanti
560 1413 720 1470 excellentia
734 1413 824 1480 officii,
837 1423 895 1471 tum
945 1431 1048 1482 turrate
1072 1425 1206 1498 dissipata
1234 1431 1421 1501 apparebant.
1451 1445 1534 1502 opere
1563 1428 1686 1486 smaltito
1715 1434 1743 1484 et

96 1505 182 1561 etiam
199 1520 249 1577 pro
264 1506 356 1578 operis
376 1505 465 1578 ipsius
484 1507 586 1579 pretio,
606 1507 775 1578 antiquatam
790 1515 819 1564 et
838 1507 896 1564 dis·
945 1519 1048 1590 optime
1062 1518 1194 1577 degum„
1206 1523 1334 1593 componi
1356 1521 1481 1580 fecimus·

96 1605 209 1669 ruistim
230 1597 306 1655 rellci
322 1597 446 1656 fecimus.
981 1609 1053 1668 Vasa
1067 1612 1150 1668 etiam
1165 1618 1221 1668 tarn
1237 1613 1272 1670 de
1290 1628 1378 1680 auro,
1396 1629 1479 1685 quam
1494 1613 1624 1686 pretiosis
1644 1610 1743 1688 lapidi·

134 1689 260 1762 Aquilam
275 1705 341 1748 vero
358 1691 387 1747 in
408 1691 499 1750 medio
512 1691 591 1748 ebori
605 1691 800 1748 admirantium
819 1699 895 1748 tactu
944 1703 1016 1769 bus,
1039 1701 1074 1760 ad
1094 1701 1243 1761 bomtnteae
1262 1720 1365 1762 mensae
1386 1705 1550 1770 servicium,
1574 1711 1673 1776 prater
1695 1702 1742 1758 illa

97 1783 236 1856 '‘eiluessfl
250 1783 445 1842 &demidiam
459 1785 583 1842 ieiumi
598 1783 724 1842 fecimus·
944 1811 1007 1867 quae
1020 1811 1099 1867 reges
1112 1794 1301 1864 Francorum,
1317 1807 1344 1854 et
1357 1797 1448 1854 deuoti
1470 1797 1599 1854 Ecclesiae
1618 1796 1741 1869 ejusdem

134 1875 289 1933 mmmm
310 1877 393 1934 ‘istim
413 1848 1036 1968 11οῊΝΠ]ΡΗΜῙΕΜΙΠἸἓῑῐῑθῑθῑθῠῑΒοβιιὶιι
1056 1888 1274 1961 deputaverunt,
1296 1889 1378 1946 beato
1397 1887 1529 1962 Dionysio
1548 1888 1640 1946 debita
1659 1888 1743 1945 devo·

97 1970 135 2027 ²¹¹)
153 1985 185 2026 0²
202 1970 310 2043 lilim,
333 1985 395 2043 <1¹¹ae
415 1970 541 2043 incipite
561 1967 739 2042 εἴη-ΙΝ
759 1970 787 2026 ῑῦ
805 1969 895 2041 cipite
945 1978 1021 2038 tione
1039 1981 1247 2053 acquisivimus.
1273 1981 1401 2054 llagnum
1415 1982 1543 2040 videlicet
1559 1982 1673 2038 calicem
1692 1995 1743 2035 au-

95 2062 242 2130 etcletiaes
266 2077 354 2136 mille
380 2061 415 2120 Μ
437 2077 498 2121 0³¹³
524 2077 586 2135 ¹1¹¹ae
603 2069 731 2135 ⁵¹¹l>⁰f⁰⁸i
749 2061 894 2134 principali
945 2089 1024 2132 reum
1037 2075 1140 2147 septies
1152 2075 1249 2148 viginti
1264 2076 1408 2130 unciarum
1422 2073 1496 2139 auri,
1507 2073 1623 2146 gemmis
1634 2073 1742 2144 precio

97 2163 187 2228 9⁰¹²ae
199 2155 228 2212 ¹¹¹
241 2155 355 2212 ῑῦῑΐθῑῑΰ
369 2155 493 2213 θθθῑθῦῗῧ
504 2161 561 2211 ‘³¹¹¹
575 2155 702 2228 ⁸¹¹P⁰fi¹¹³
717 2170 800 2228 quam
823 2155 894 2212 infe·
945 2167 996 2234 sis,
1011 2167 1118 2225 seilicet
1132 2165 1287 2241 byaeintbis
1299 2173 1327 2223 et
1341 2168 1457 2239 topatiis
1467 2173 1607 2231 ornatum,
1621 2180 1672 2237 pro
1688 2165 1742 2220 alio

95 2247 172 2312 rius,
190 2243 383 2317 llagistrorum
397 2247 546 2304 multorum
560 2246 594 2304 de
606 2248 723 2306 dirersis
736 2248 895 2305 nationibus
945 2259 992 2332 qut
1005 2267 1129 2332 tempore
1144 2261 1329 2317 antecessoris
1342 2260 1430 2317 „ostri
1444 2258 1601 2315 vadimonio
1611 2258 1740 2330 perimat,

97 2357 183 2398 manu
203 2343 357 2415 exquisita,
375 2341 485 2416 depingi
505 2341 632 2401 fecimus.
654 2341 713 2400 Una
726 2359 842 2415 quarum
861 2343 895 2400 de
945 2352 1056 2409 restitui
1068 2353 1280 2410 elaboravimus,

96 2433 289 2493 miclitlilllls
319 2433 354 2492 ³¹1
380 2435 573 2492 immaterialia
604 2421 752 2501 ethilaus·
780 2434 895 2491 Paulum
980 2445 1062 2501 aliud
1081 2445 1164 2502 etiam
1180 2461 1229 2502 ras
1244 2445 1478 2517 pretiosissimum
1493 2443 1528 2499 de
1544 2441 1635 2514 lapide
1649 2439 1743 2512 prasio

95 2527 254 2598 apostolum
269 2527 371 2584 molam
382 2533 499 2594 uertere,
510 2526 661 2600 Prophetas
676 2543 773 2586 saccos
788 2527 822 2584 ad
836 2543 895 2582 mo-
946 2540 981 2602 ,Α
996 2538 1111 2595 formam
1125 2538 1204 2596 navis
1216 2538 1407 2612 exsculptum,
1424 2534 1498 2610 qood
1517 2551 1566 2592 rex
1586 2532 1745 2589 Ludovittm

96 2622 155 2679 ¹²¹⁰
174 2629 319 2696 dimise
339 2629 536 2718 f‘v'lfl'aesseflffl·¹
550 2619 621 2678 sum
644 2623 737 2695 mque
756 2617 816 2694 ⁰1⁰⁵
837 2638 889 2678 ¹¹¹²·
946 2630 1066 2704 Philippi
1085 2645 1134 2701 per
1152 2629 1317 2686 decennium
1337 2629 1394 2686 fere
1416 2627 1572 2683 vadimonio
1593 2624 1741 2686 amiserat,

96 2715 176 2772 terias
189 2731 285 2772 sersus
299 2714 361 2771 isti:

136 2827 220 2883 fatte
235 2830 334 2912 spendo
348 2829 447 2884 molam
459 2828 492 2884 de
505 2828 618 2902 furfure,
631 2827 726 2896 Paule,
742 2829 875 2900 somnam,

173 2897 300 2954 flosorem
313 2900 378 2972 legis
390 2900 487 2956 intima
500 2910 563 2956 soto
577 2900 655 2970 fecis.

134 2967 183 3024 Fit
196 2969 227 3024 de
243 2977 280 3024 tot
292 2972 382 3042 pracda
402 2988 477 3027 ceras
495 2973 553 3026 sine
573 2971 677 3042 sarsore
690 2972 784 3042 panis,

172 3039 368 3114 Perpetussgue
385 3041 459 3098 cibas
473 3051 563 3098 noster
575 3053 600 3099 et
615 3043 758 3115 angelicas.

96 3133 166 3190 ltem
180 3133 208 3188 in
219 3135 315 3192 eadem
329 3135 433 3205 vitrea,
451 3133 499 3192 ubi
512 3134 635 3192 aufertur
646 3135 769 3193 velamen
780 3134 814 3192 de
827 3133 897 3194 faeie

96 3226 186 3284 llersi
199 3245 206 3283 ι

135 3318 214 3388 Quod
231 3317 339 3391 loures
354 3319 424 3376 octat
447 3319 550 3377 Christi
572 3321 694 3377 doctrina
708 3323 825 3389 recolat,

171 3390 312 3446 ommam
327 3391 408 3466 legem
421 3393 467 3465 qui
481 3392 598 3464 spolient
612 3392 732 3465 lfeyrcn.

96 3480 128 3538 ln
143 3480 239 3538 eadem
253 3482 340 3538 vitrea
354 3497 438 3554 super
451 3497 545 3538 arcam
559 3481 672 3540 foederis
687 3501 695 3538 ε

135 3572 257 3630 recma
277 3591 311 3630 ee
326 3591 391 3630 arca
404 3572 505 3631 Christi
518 3591 594 3630 cruce
612 3575 719 3631 sistitur
734 3591 793 3640 cra,

172 3641 281 3702 Foederc
294 3647 392 3717 majori
412 3645 516 3702 esttibi
530 3647 585 3702 aito
599 3646 676 3702 mori.

95 3753 168 3810 item
188 3755 217 3811 in
236 3754 349 3824 eadem,
365 3755 413 3812 ubi
430 3756 540 3813 solvunt
555 3756 657 3814 librum
669 3755 724 3814 Leo
737 3766 764 3814 et
777 3755 871 3830 Agnus
886 3777 892 3814 :

137 3867 192 3936 Qui
203 3867 275 3926 Deus
288 3877 328 3925 est
343 3887 467 3943 magnus,
484 3870 580 3926 tiorum
595 3870 648 3928 Leo
662 3873 739 3929 soluit
751 3881 777 3929 et
791 3874 892 3946 Agnae.

170 3939 263 4012 dgnus
274 3943 330 3998 ricc
342 3941 393 3998 Leo
412 3943 444 4014 fit
462 3959 525 3998 earo
535 3942 631 4013 juncto
645 3943 709 4000 Deo.

134 4047 167 4106 ln
179 4049 233 4106 alia
247 4051 346 4122 vitrea,
361 4051 409 4109 ubi
424 4051 479 4110 iilia
497 4050 651 4110 Pharaonis
664 4053 769 4112 invenit
783 4053 895 4129 llopsen

93 4139 129 4198 ln
145 4139 267 4198 ficecla:

135 4231 188 4291 Est
205 4234 234 4289 itt
245 4234 347 4306 fiscella
362 4234 467 4309 lfogses
481 4251 547 4308 puer
560 4236 620 4305 tlte,
639 4237 729 4309 psalta

172 4303 269 4377 Regio,
285 4317 369 4364 mente
381 4308 426 4378 pio
438 4325 515 4381 pum
529 4308 598 4382 {com
610 4307 744 4366 Ecclesia.

134 4395 168 4454 ln
185 4398 282 4456 eadem
293 4400 392 4468 vitrea,
405 4400 453 4457 ubi
473 4399 560 4476 lloysi
578 4399 711 4458 murinus
725 4401 852 4476 apparuit
866 4403 896 4459 in

93 4492 165 4564 igne
179 4493 258 4550 rubi:

136 4583 213 4639 Sicut
229 4585 390 4656 conspicitur
402 4585 484 4644 rabac
501 4586 545 4644 tic
558 4588 669 4658 ardere,
683 4605 730 4646 acc
744 4588 836 4644 ardet:

173 4655 218 4712 Sic
237 4656 296 4712 dieo
307 4657 400 4727 plenus
420 4656 468 4714 boc
487 4657 566 4715 cedet
582 4659 615 4714 ab
628 4660 702 4732 igne,
718 4675 764 4716 nec
778 4660 864 4715 ardet.

135 4743 204 4802 ltem
226 4747 256 4803 in
276 4749 370 4806 eadem
385 4749 489 4818 vitrea,
509 4750 557 4806 ubi
568 4748 676 4806 Pharao
691 4766 753 4807 cum
769 4751 893 4823 equitatu

92 4855 153 4894 suo
167 4838 196 4894 in
210 4854 286 4897 mare
298 4841 464 4914 demergitur
481 4861 489 4898 ι

135 4929 215 4996 Quod
229 4929 360 5001 baptisma
370 4932 455 4998 bonis,
469 4932 518 4988 boe
529 4933 632 4991 militie
645 4933 796 4993 Pharaonis

173 4999 274 5057 Forata
287 5003 353 5074 {ecit
367 5003 473 5070 sirnilis,
488 5021 619 5078 causaque
634 5007 784 5063 dissimilis.

134 5090 204 5150 item
228 5095 258 5150 in
277 5096 392 5162 eadem,
419 5096 465 5152 ubi
489 5096 596 5170 lloyses
618 5101 719 5156 exaltat
741 5109 894 5173 serpentem

90 5201 206 5244 aeneum
219 5201 227 5243 ι

136 5299 215 5356 Sicut
229 5311 360 5372 serpentes
374 5319 479 5373 serpens
491 5314 566 5360 secet
579 5321 667 5360 marca
681 5321 787 5370 omnes,

175 5371 220 5428 Sic
240 5375 375 5434 ersftutar
389 5373 476 5430 dorus
491 5384 566 5432 necat
582 5376 610 5430 io
630 5393 711 5432 crece
726 5374 856 5433 Christus.

136 5461 169 5518 ln
188 5465 281 5522 eadem
306 5465 411 5534 vitrea,
433 5467 480 5524 ubi
507 5467 613 5542 llegses
636 5469 736 5540 scripit
756 5470 841 5541 legem
866 5469 894 5526 in

95 5563 201 5613 monte
211 5575 219 5611 ε

136 5645 206 5775 Lege
218 5648 283 5734 doto
301 5651 406 5735 dfogsi,
423 5652 500 5736 iuuet
522 5651 700 5736 ilfum'gratia
714 5651 822 5710 Christi.

199 5733 271 5777 ratae
285 5727 409 5794 morficnt,
424 5725 513 5779 lrttero
531 5729 682 5795 mortrlrcut.

138 5832 218 5892 Unde
227 5835 291 5908 quia
304 5835 393 5911 magni
405 5843 532 5896 constant
545 5835 660 5894 mirifico
671 5851 761 5908 opere,
774 5845 893 5909 sumptu·

946 2738 1009 2779 eum
1029 2721 1109 2780 nobis
1130 2721 1166 2778 ad
1180 2722 1328 2780 ridendum
1346 2721 1469 2778 oblatum
1489 2719 1603 2783 fuisset,
1617 2717 1741 2790 ejusdem

945 2813 1020 2888 regis
1032 2815 1213 2872 concessione
1228 2813 1369 2886 sexaginta
1386 2812 1488 2869 marcis
1506 2810 1614 2884 argenti
1630 2823 1742 2879 compa·

945 2917 1048 2976 ratum,
1061 2923 1125 2966 eum
1134 2906 1299 2981 quibusdam
1312 2906 1424 2963 floribus
1430 2920 1546 2996 perona
1558 2903 1742 2976 Imperatrieis

945 3001 1026 3058 beato
1046 3000 1180 3074 Dionysio
1192 2999 1353 3058 obtulimus.
1374 2997 1454 3066 Quod
1466 2995 1592 3054 uidelicet
1603 3009 1670 3061 vas,
1683 3002 1742 3048 tam

946 3108 997 3165 pro
1020 3093 1140 3166 preciosi
1161 3091 1260 3165 lapidis
1282 3089 1436 3163 qualitate,
1467 3101 1549 3160 quam
1569 3086 1675 3157 integra
1696 3083 1741 3140 sui

906 3184 1101 3273 corrantitate
1122 3183 1288 3249 mirificum,
1315 3181 1423 3237 incluso
1444 3178 1533 3237 saneti
1555 3176 1634 3250 Eligii
1658 3189 1742 3247 opere

947 3282 1056 3336 constat
1069 3282 1212 3343 ornatum,
1227 3274 1302 3347 quod
1314 3273 1439 3330 omnium
1454 3271 1560 3341 iudicio
1572 3266 1748 3341 pretiosissi—

945 3383 1021 3426 mum
1035 3368 1198 3426 estimatur.

979 3460 1036 3519 l'as
1054 3477 1163 3534 quoque
1183 3458 1277 3531 aliud,
1296 3458 1372 3531 quod
1391 3458 1476 3516 instat
1487 3457 1570 3527 justae
1584 3454 1673 3512 berilli
1693 3459 1747 3509 aut.

944 3554 1062 3610 cristalli
1083 3553 1210 3618 ridetur,
1233 3567 1298 3608 cum
1315 3551 1344 3606 in
1362 3551 1451 3622 primo
1470 3550 1569 3604 itinere
1586 3547 1741 3618 Aquitaniae

944 3647 1041 3720 regina
1066 3647 1175 3703 noriter
1196 3644 1362 3716 desponsata
1385 3642 1505 3700 domino·
1519 3640 1578 3713 regi
1600 3639 1741 3697 Ludorieo

944 3739 1076 3806 dedisset,
1088 3754 1138 3811 pro
1154 3753 1252 3811 magno
1266 3735 1369 3793 amoris
1382 3748 1496 3791 munere
1508 3732 1588 3789 nobis
1599 3747 1671 3798 eam,
1686 3747 1740 3788 nos

943 3847 1010 3890 sero
1028 3833 1132 3889 sanetis
1152 3830 1319 3904 martyribus
1337 3827 1459 3884 dominis
1479 3826 1584 3884 nostris
1599 3824 1633 3880 ad
1651 3824 1742 3881 liban·

944 3928 1010 3987 olum
1018 3927 1118 3984 divinae
1124 3921 1642 3984 mensaealieetuosissimecontulimus.
1654 3918 1740 3991 Cujus

945 4021 1103 4078 donationis
1122 4021 1221 4077 seriem
1242 4019 1272 4074 in
1286 4017 1382 4075 eodem
1403 4030 1469 4072 vase
1482 4013 1597 4087 gemmis
1618 4027 1741 4084 sucoque

945 4121 1053 4181 ornato,
1068 4111 1214 4171 uersiculis
1226 4109 1391 4183 quibusdam
1405 4105 1605 4164 intitulavimus
1620 4123 1628 4160 ι

981 4227 1040 4284 Boc
1058 4243 1104 4283 ecs
1117 4240 1215 4296 speum
1226 4222 1298 4280 dedo
1310 4221 1473 4292 Aaaerrcgi
1491 4216 1639 4280 emtum,

1013 4296 1160 4354 lineatus
1179 4300 1269 4364 ἀνα,
1285 4293 1350 4350 aridi
1363 4307 1431 4360 res,
1445 4291 1593 4361 sanctisque
1611 4286 1735 4360 segerus.

981 4416 1208 4490 comparavimus
1225 4412 1311 4472 etiam
1327 4409 1434 4483 praefati
1453 4406 1549 4463 altaris
1561 4403 1658 4461 officiis
1671 4403 1739 4460 eali·

946 4526 1007 4568 cem
1031 4508 1199 4581 pretiosum,
1223 4502 1258 4562 de
1280 4517 1336 4558 nno
1358 4510 1387 4558 et
1412 4498 1546 4556 continuo
1572 4493 1737 4560 sardonice,

908 4579 931 4634 Β
944 4602 1019 4676 quod
1031 4608 1075 4659 est
1087 4600 1122 4658 de
1140 4597 1240 4657 sardio
1252 4603 1284 4652 et
1297 4593 1393 4659 onice,
1414 4605 1470 4663 quo
1490 4604 1546 4646 uuo
1562 4603 1651 4660 usque
1669 4586 1739 4643 adeo

943 4693 1030 4752 sardii
1063 4693 1149 4750 rubor
1179 4706 1196 4746 a
1219 4687 1363 4760 nigredine
1386 4684 1509 4741 oniebiai
1543 4680 1739 4754 proprietatem

944 4784 1076 4843 variando
1094 4780 1280 4844 discriminat,
1297 4785 1329 4834 ut
1341 4776 1427 4832 altera
1445 4775 1474 4830 in
1488 4773 1603 4830 alteram
1617 4771 1740 4844 proprie·

944 4887 1029 4935 tatem
1049 4889 1200 4948 usurpare,
1216 4871 1298 4928 inuiti
1312 4869 1471 4927 estimetur.

980 4970 1036 5027 Vas
1048 4983 1160 5041 quoque
1173 4965 1247 5022 aliud
1262 4965 1328 5021 huic
1344 4963 1398 5030 ipsi
1420 4963 1551 5026 materia,
1574 4975 1631 5017 nou
1648 4958 1738 5016 forma

945 5063 1102 5138 persimile,
1125 5059 1165 5116 ad
1177 5059 1267 5115 instar
1284 5056 1424 5128 amphorae
1446 5053 1639 5126 adjunximus,
1656 5050 1740 5122 cujus

944 5153 1072 5213 versiculi
1091 5150 1233 5209 nuntiati:

1012 5282 1083 5338 Bam
1103 5278 1257 5337 illecebra
1276 5278 1383 5362 gemm
1406 5275 1528 5334 delemus
1544 5286 1568 5331 et
1588 5293 1671 5342 aare,

1017 5398 1020 5402 .
1058 5351 1174 5424 lioccge
1190 5349 1316 5424 Segestes
1336 5349 1418 5420 effero
1437 5365 1483 5404 ons
1498 5348 1621 5403 Domino.

982 5467 1118 5540 lagenam
1132 5481 1240 5539 quoque
1255 5465 1431 5538 preclaram,
1447 5479 1529 5535 quam
1548 5463 1628 5520 nobis
1643 5477 1739 5521 eomes

947 5557 1084 5617 Blesertsis
1103 5554 1277 5613 Tbeobaldus
1290 5555 1319 5611 iu
1335 5553 1428 5611 eodem
1448 5569 1513 5610 vase
1530 5553 1690 5621 destinavit,
1706 5555 1736 5610 in

946 5667 1002 5724 quo
1020 5651 1046 5707 ei
1062 5665 1111 5707 res
1129 5647 1230 5705 Sieiliae
1249 5645 1316 5704 illud
1336 5647 1544 5715 transmiserat,
1567 5655 1594 5704 et
1608 5646 1684 5713 aliis,
1705 5648 1735 5705 in

945 5741 1040 5800 eedem
1059 5739 1149 5797 officio
1163 5746 1301 5812 gratanter
1315 5739 1503 5811 apposuimus.

981 5835 1098 5894 vascula
1119 5835 1202 5892 etiam
1216 5834 1377 5901 cristallina,
1403 5848 1463 5905 quae
1477 5832 1504 5888 in
1519 5831 1628 5904 Capella
1642 5837 1736 5888 nostra
