3967 6334
1934 5 1936 79 ι

1935 227 1936 290 l

266 377 319 437 539
750 369 937 427 ZdClldlilAE
956 363 1259 426 Clllil'SOPOLl'lAlil
1278 363 1433 422 EPlSCOPl
1830 376 1870 436 sqq

264 509 332 550 uum
346 491 420 562 quod
433 487 578 558 intelligit,
593 486 693 541 intuitu
706 484 766 556 ejus
778 494 918 556 operatur.
935 482 984 538 llic
995 481 1058 538 talis
1073 487 1096 543 A
1109 487 1136 536 et
1149 479 1261 535 turbant
1275 480 1408 545 animum,
1422 479 1469 535 sed
1485 487 1552 534 tunc
1566 479 1705 538 ardentius
1719 481 1873 546 clamor-loro.

265 593 293 640 et
304 580 429 654 protlcit,
442 586 470 635 et
483 579 552 632 alios
566 576 600 631 ad
611 576 720 630 laudem
734 574 783 630 Dei
800 573 936 632 accendit.
954 573 1061 628 Laudat
1112 569 1195 626 tionis
1209 568 1391 624 insistendum
1402 575 1454 624 est.
1472 567 1588 634 Quando
1604 569 1874 642 pbarrtasmatajoooof.

265 674 344 744 plebs
358 671 462 733 licum,
476 684 532 723 uon
552 668 640 722 solum
654 682 704 738 pro
725 667 871 738 impetrato
885 681 1000 721 munere
1019 665 1061 719 lu·
1112 665 1194 722 runt,
1215 659 1389 730 aliquatenus
1412 656 1506 713 lesum
1528 657 1646 714 transire
1673 664 1814 733 sentimos3
1828 683 1874 726 ,qm

266 764 320 830 cis,
332 764 423 824 sedet
442 761 606 834 promerito
626 759 686 815 tidei
701 760 884 829 impetrantis,
901 759 985 814 idest
1006 771 1062 811 non
1112 756 1303 810 veroorationi
1320 755 1493 810 vehementer
1514 753 1681 818 insistimus,
1696 761 1761 812 tune
1778 758 1802 813 iu
1817 763 1875 822 nobb
1935 747 1936 810 i

267 853 443 926 solum'quod
454 859 580 924 potenter
592 859 619 907 et
629 850 844 907 misericorditer
856 849 1002 912 illuminat,
1014 847 1063 904 sed
1113 855 1167 902 stat
1176 846 1257 904 iesus
1267 887 1274 913 ,
1284 853 1312 903 et
1323 847 1364 902 sie
1384 846 1431 900 lux
1447 845 1548 901 amissa
1559 853 1712 915 reparatur.

267 947 332 1018 quia
351 946 433 1001 etiam
446 944 596 998 clamorem
611 939 673 997 lidei
689 940 804 995 tirmiter
813 939 959 995 clamantis
975 953 1062 992 exau·
1396 937 1511 995 CAPUT
1530 935 1623 993 Clll'l.

267 1037 317 1091 dit.
333 1033 480 1108 [tomos]
496 1033 598 1104 Typice
610 1031 675 1086 ceci
691 1032 873 1102 appellantur,
886 1030 931 1101 qui
945 1028 1063 1085 necdum
1369 1049 1415 1098 206
1541 1051 1586 1102 117
1709 1051 1754 1100 23²

268 1129 359 1184 dicere
384 1134 529 1198 poteraut,
554 1126 581 1180 irt
608 1123 706 1178 lamine
731 1131 775 1178 tuo
802 1123 946 1177 uidebimus
975 1121 1064 1174 latuere
1270 1068 1333 1156 M·
1385 1124 1401 1157 ¹¹
1450 1071 1504 1157 R·
1621 1069 1675 1160 L·

268 1220 357 1292 (Prot.
372 1220 466 1291 xxxv).
479 1217 559 1273 Sectis
574 1218 644 1271 aiam
660 1214 743 1282 dicit,
764 1215 828 1286 quia
842 1212 1065 1269 ridebanturlra-
1151 1215 1186 1270 Et
1206 1232 1265 1269 curn
1296 1216 1549 1285 appropinquassent
1562 1215 1751 1288 ierosolymis,
1770 1227 1792 1272 et
1815 1224 1866 1278 erit

267 1313 334 1370 bert·
345 1313 412 1383 ledis
427 1311 570 1372 notitiam,
591 1307 640 1364 8θᾶ
651 1308 722 1361 llam
732 1321 794 1376 (1¹¹ae
808 1313 852 1360 0⁵¹
867 1305 1005 1368 Christus,
1023 1302 1064 1373 ig·
1115 1317 1171 1362 scut
1185 1305 1334 1378 Betltpltape
1353 1305 1388 1360 od
1404 1317 1517 1362 montem
1533 1307 1647 1372 olibeti,
1664 1319 1725 1362 tunc
1736 1307 1808 1365 leste
1822 1315 1876 1370 nisit

268 1405 414 1460 norabent.
427 1401 483 1457 llos
493 1401 606 1471 quidam
622 1399 776 1468 intelligunt
791 1396 946 1452 Pharisaeos
956 1403 984 1450 et
996 1393 1066 1448 Sad-
1115 1400 1181 1456 duos
1202 1399 1355 1468 discipulos,
1370 1398 1458 1453 dicens
1480 1402 1517 1454 eis
1536 1415 1545 1454 .·
1564 1400 1605 1454 lte
1624 1401 1652 1454 ia
1676 1401 1807 1456 castellum
1825 1407 1876 1474 qood
1935 1455 1936 1460 ,

269 1496 388 1551 ducaos.
405 1494 458 1548 Alii
472 1507 537 1549 lem
551 1498 698 1561 uisumque
710 1490 851 1560 populum,
867 1487 1066 1559 tlu⁰rt¹1¹¹ssll⁰t
1116 1502 1208 1548 contra
1222 1508 1266 1548 oos
1280 1500 1330 1556 est,
1342 1500 1366 1546 et
1378 1492 1469 1545 statim
1481 1491 1615 1547 inuenietis
1632 1492 1736 1546 asinam
1756 1492 1876 1564 altipetam,

268 1589 356 1659 legent
374 1586 524 1656 scriptam,
547 1585 618 1640 alter
631 1583 785 1638 naturalem
807 1581 935 1636 babebat.
953 1576 983 1633 Si
1001 1578 1066 1632 caeci
1116 1583 1326 1654 capellamque
1342 1597 1400 1636 cum
1415 1598 1446 1636 eo
1461 1582 1626 1652 altipotum,
1643 1583 1686 1636 cai
1708 1600 1778 1638 nemo
1792 1601 1878 1656 arquato

269 1679 427 1736 releruntur
441 1677 474 1732 ad
486 1675 613 1741 ludaeos,
627 1682 692 1730 tunc
706 1690 755 1744 per
771 1673 878 1728 turbam
898 1669 1066 1742 intelligendi
1117 1676 1252 1730 leontinum
1265 1675 1343 1728 aedit.
1362 1673 1460 1728 Solvite
1475 1674 1568 1738 illam,
1584 1684 1609 1728 et
1624 1673 1747 1730 adducite
1760 1691 1812 1730 een
1825 1679 1877 1734 miii.

270 1777 335 1827 tunt
345 1768 458 1826 ctlrnici.
471 1767 520 1822 Sin
538 1768 573 1823 ad
588 1777 735 1836 utrumque
750 1765 890 1836 populum,
902 1765 936 1819 de
950 1773 1067 1834 utroque
1119 1765 1189 1821 Etsi
1203 1769 1262 1838 qais
1277 1768 1348 1821 vobis
1364 1764 1464 1836 aliquid
1475 1765 1583 1831 dixerit,
1600 1764 1680 1820 dicite
1691 1766 1715 1820 ei
1727 1806 1734 1828 ,
1748 1768 1803 1836 qaia
1812 1767 1878 1822 llom'·
1935 1829 1936 1832 Ἴ

271 1863 373 1934 populo
382 1867 442 1918 erat
452 1860 544 1916 turba.
559 1857 681 1930 [Cunus]
692 1856 797 1912 Aliter:
815 1855 971 1912 Secundum
982 1870 1067 1925 quos·
1082 1829 1103 1884 B
1118 1875 1167 1913 nrts
1181 1874 1288 1929 operam
1302 1859 1359 1928 ejas
1372 1855 1515 1920 desiderat,
1532 1865 1556 1910 et
1575 1856 1714 1925 confestim
1726 1855 1826 1910 dimittet
1836 1875 1875 1915 cot.
1935 1877 1936 1928 ,

272 1955 337 2010 dant
358 1952 424 2007 caeci
449 1951 606 2022 significant
637 1949 707 2004 duos
728 1948 844 2018 populos
870 1963 903 2001 eu
926 1945 1065 2016 gentibus,
1115 1951 1117 1956 “
1154 1946 1415 2022 [iliados-lisam]
1428 1945 1583 2016 Betbplrage
1597 1945 1769 2000 sacerdotum
1794 1947 1875 2004 ricolus
1935 1935 1936 1988 ἕ

270 2060 357 2100 unum
378 2059 412 2099 ex
435 2043 542 2105 Citam,
563 2041 679 2095 altorum
695 2055 729 2094 ex
750 2036 859 2107 taphet.
883 2037 957 2092 Caeci
974 2043 1064 2102 erant,
1117 2047 1195 2106 orat,
1211 2047 1238 2095 et
1250 2037 1432 2094 confessionis
1452 2038 1577 2108 portabat
1602 2045 1716 2109 typum;
1738 2038 1796 2108 quia
1811 2038 1878 2096 donar

274 2137 339 2207 quia
357 2149 412 2190 non
428 2137 592 2203 apparuerat
618 2131 659 2186 eis
683 2128 730 2184 lux
745 2128 896 2200 unigenita.
915 2128 1068 2184 dudierunt
1120 2131 1206 2187 tacco
1222 2131 1428 2201 iuterpretatur.
1442 2127 1561 2184 Pulcltre
1579 2143 1645 2198 ergo
1656 2127 1773 2184 refertur
1792 2130 1879 2185 sitmiu

271 2233 370 2298 [tentes
384 2226 418 2280 de
431 2225 550 2280 transitu
565 2222 641 2288 ³⁰8⁰,
663 2220 815 2278 secundum
830 2221 1063 2291 testimoniam
1118 2232 1210 2280 monte
1223 2221 1329 2286 oliveti,
1342 2236 1404 2276 cum
1422 2221 1458 2275 sit
1482 2221 1544 2284 olei,
1564 2227 1663 2273 natura
1683 2217 1753 2273 lueis
1770 2221 1878 2284 ministra,

271 2317 416 2388 pltetarum
431 2313 660 2369 annuntiantibus
673 2313 823 2383 apostolis,
836 2312 1068 2383 cumjanaegres·
1118 2323 1145 2372 et
1155 2316 1280 2370 laborum
1305 2313 1485 2383 dolorumque
1506 2312 1647 2375 solamen,
1669 2311 1734 2382 quia
1754 2311 1880 2368 conttoate

273 2425 324 2464 sos
339 2415 414 2464 esset
436 2407 471 2461 ab
482 2405 602 2470 iericho,
616 2403 643 2458 id
658 2411 701 2459 est
714 2404 748 2460 de
761 2405 814 2458 boc
833 2405 944 2458 mundo.
957 2403 1068 2460 Jericlro
1118 2414 1232 2479 peccata
1249 2421 1317 2470 sua,
1338 2404 1449 2459 Christo
1467 2403 1626 2466 adbaerent,
1647 2403 1696 2473 qui
1718 2417 1767 2457 nos
1783 2404 1880 2460 unctione

272 2502 375 2572 quippe
389 2499 453 2552 luna
470 2499 686 2566 interpretatur,
705 2511 754 2566 per
777 2510 860 2566 quam
876 2495 1000 2551 deiectus
1017 2512 1069 2552 no·
1120 2499 1256 2570 spirituali
1277 2505 1304 2554 et
1325 2497 1448 2554 scientiae
1468 2497 1529 2552 lucc
1550 2494 1664 2550 relocet.
1681 2493 1722 2550 Ne
1743 2502 1822 2549 autem
1837 2496 1880 2550 abs

273 2598 338 2649 strae
348 2590 522 2646 mortalitatis
534 2588 703 2659 intelligitur.
717 2587 824 2660 [liena]
838 2586 1069 2660 appropinquans
1120 2593 1284 2648 conderetur
1298 2590 1395 2645 civitas
1409 2603 1493 2660 supra
1509 2595 1628 2642 montem
1648 2587 1724 2641 bunc
1738 2587 1825 2658 posita,
1837 2588 1881 2640 nit·

273 2700 340 2757 ergo
351 2683 484 2738 Dominus
496 2680 607 2738 leriobo
624 2679 777 2736 secundum
800 2679 902 2735 Lucam
915 2721 922 2745 ,
937 2697 1012 2736 caeco
1027 2682 1069 2736 lu·
1120 2685 1153 2739 tit
1168 2683 1319 2754 discipulos
1342 2681 1370 2736 in
1385 2680 1528 2735 castellum
1542 2680 1616 2749 quod
1630 2687 1731 2734 contra
1751 2695 1794 2734 eos
1808 2689 1849 2744 cst,
1861 2689 1880 2734 at

274 2791 338 2831 men
350 2774 482 2838 reddidit,
498 2774 563 2844 quia
578 2778 642 2828 ante
662 2773 817 2842 passionem
840 2773 941 2842 populo
963 2781 1070 2830 tantum
1124 2792 1173 2848 per
1187 2791 1234 2832 eos
1248 2775 1335 2830 totius
1351 2783 1447 2827 contra
1462 2770 1545 2842 positi
1560 2771 1636 2826 orbis
1650 2769 1811 2824 munitiones
1823 2787 1881 2840 pere

274 2865 431 2923 ludaeorum
447 2866 613 2936 predicavit.
630 2863 812 2920 Proficiscens
822 2879 887 2919 roro
901 2863 934 2920 de
947 2856 1068 2931 tertona,
1120 2875 1185 2923 tret.
1202 2863 1324 2940 [Curso]
1337 2863 1422 2921 Asina
1434 2871 1461 2918 et
1476 2863 1577 2933 pullus,
1591 2861 1678 2916 ludaei
1695 2869 1759 2918 suut
1770 2871 1795 2916 et
1804 2871 1880 2932 geras,

275 2976 364 3017 caecos
384 2958 562 3026 illuminarit3
575 2957 641 3027 quia
656 2964 718 3027 post
738 2956 969 3012 resurrectionem
983 2964 1011 3013 et
1026 2973 1072 3014 as·
1121 2968 1233 3033 proptor
1242 2959 1375 3030 quasdam
1388 2954 1594 3012 similitudines.
1608 2953 1656 3009 Est
1665 2953 1739 3009 enim
1751 2953 1797 3008 boc
1809 2953 1881 3006 animal

275 3052 434 3108 censionem
457 3065 506 3120 per
531 3048 670 3119 apostolos
697 3054 725 3104 et
756 3045 860 3102 ludaeis
891 3055 919 3102 et
942 3051 1071 3120 gentibus
1122 3052 1303 3116 immundum,
1319 3058 1347 3106 et
1361 3047 1535 3120 praecaeteris
1553 3046 1686 3116 jumentis
1703 3047 1881 3102 stultumetir-

276 3150 389 3200 aeternae
403 3140 556 3197 divinitatis
573 3146 600 3194 et
612 3147 759 3208 assumptae
773 3138 951 3196 humanitatis
970 3155 1107 3222 arcanae
1127 3145 1235 3200 firmum
1259 3152 1286 3200 et
1304 3142 1422 3214 ignobile
1442 3148 1468 3195 et
1482 3137 1660 3195 oneriferum.
1677 3135 1724 3192 Sic
1745 3135 1882 3192 lueruntlo

275 3234 415 3308 patefecit.
431 3230 510 3299 Quod
528 3231 636 3286 llarcus
657 3246 742 3285 unum
762 3231 945 3286 illuminatum
960 3234 1068 3298 scribit,
1121 3231 1550 3302 minesanteClaristurn.Ligati
1571 3229 1684 3285 etiama
1705 3229 1881 3292 diaboloerant,
1934 3253 1935 3306 3

195 3363 199 3370 -
276 3329 312 3385 ad
324 3327 444 3398 gentium
459 3326 575 3380 salutem
587 3323 745 3394 specialiter
754 3322 877 3392 respicit,
892 3338 1008 3393 quarum
1018 3340 1070 3380 cae-
1122 3344 1173 3384 nec
1187 3343 1236 3383 sua
1252 3326 1352 3381 virtute
1366 3324 1483 3380 evadere
1497 3329 1638 3394 poterant.
1655 3319 1737 3386 Nam,
1753 3322 1816 3376 sicut
1829 3319 1882 3374 natis

277 3418 502 3478 citasnotissima
513 3425 583 3473 erat.
598 3415 826 3470 llattbaeusrecte
839 3414 909 3469 duos
925 3413 992 3468 dicit
1007 3416 1071 3470 illu·
1123 3418 1210 3473 fracto
1222 3416 1409 3489 gubernaculo
1423 3415 1488 3470 illuc
1498 3413 1611 3470 ducitur
1625 3427 1682 3483 quo
1698 3420 1833 3483 tempestas
1848 3411 1882 3464 iae

276 3511 413 3575 minutos,
440 3508 565 3564 scribens
586 3503 706 3560 llebraeis
720 3503 836 3576 (llottlt.
862 3503 945 3574 xxt):
969 3505 1072 3559 sciebat
1123 3509 1217 3580 pettit,
1234 3507 1275 3563 sic
1290 3507 1372 3561 bomo
1386 3505 1485 3560 divinae
1508 3503 1601 3574 gratiae
1622 3502 1728 3556 auxilio
1749 3501 1841 3572 perdito
1851 3513 1883 3568 per

277 3600 351 3656 enim
368 3599 416 3654 liei
434 3599 561 3655 notitiam
583 3604 778 3668 peruenturam
801 3595 836 3650 ad
862 3603 967 3666 gentes.
995 3593 1072 3652 Unde
1123 3608 1284 3673 peccatum,
1299 3613 1355 3653 non
1370 3597 1443 3667 quod
1463 3597 1520 3652 vult
1541 3597 1613 3666 agit,
1629 3596 1677 3652 sed
1694 3595 1765 3667 quod
1779 3593 1883 3650 diabolas.

278 3691 361 3748 eiiam
376 3690 482 3746 asinam
496 3697 523 3743 ei
535 3688 637 3759 pullum
649 3685 733 3741 lefel'i
743 3685 825 3741 Simili
835 3683 968 3739 adductos
978 3682 1073 3738 Domi·
1124 3693 1157 3748 El
1167 3694 1239 3750 sicut
1254 3691 1373 3762 primum
1393 3690 1420 3744 in
1437 3697 1575 3760 potestate
1586 3689 1678 3759 populi
1694 3697 1738 3744 est
1754 3686 1830 3742 iiloel'e
1849 3684 1884 3738 sibi

279 3797 327 3848 no,
342 3797 404 3838 cum
421 3781 511 3836 caeteri
521 3788 576 3834 tres
590 3778 763 3848 evangelistae
776 3775 948 3831 solummodo
957 3776 1074 3830 meutio·
1124 3800 1216 3855 rogem
1231 3797 1312 3854 quom
1326 3781 1394 3846 vult,
1409 3779 1512 3834 lactum
1524 3786 1615 3834 autem
1627 3778 1661 3834 de
1677 3791 1763 3848 regno
1777 3775 1883 3846 repellere,

279 3888 343 3930 nem
359 3871 462 3927 iaciant
479 3871 568 3934 asini,
584 3877 679 3940 utpote
693 3869 847 3925 scribentes
866 3865 995 3922 Ecclesiae
1008 3882 1074 3937 gen·
1122 3875 1249 3945 jamnon
1265 3881 1307 3929 est
1323 3872 1351 3928 in
1364 3877 1500 3943 potestate
1515 3870 1586 3940 ejus,
1600 3875 1627 3923 et
1641 3868 1678 3922 itu
1691 3869 1812 3924 voluntas
1824 3880 1884 3937 popu.

280 3965 360 4021 tium.
377 3963 463 4019 llocat
482 3962 614 4017 Dominus
626 3962 636 4034 (
647 3962 798 4017 secundum
822 3958 959 4031 llarcum)
970 3974 1074 4014 caecum
1125 3963 1143 4017 li
1154 3963 1182 4017 in
1196 3961 1387 4016 necessitatem
1399 3959 1586 4022 conuertitur3
1602 3957 1737 4012 sichomo
1759 3956 1882 4027 priusquam

280 4059 445 4113 clamantem
466 4056 501 4110 ad
520 4071 565 4120 se,
579 4070 642 4110 cum
664 4055 765 4125 populo
788 4053 910 4124 gentium
930 4051 1074 4107 seientiam
1126 4061 1219 4126 peccet
1233 4094 1241 4120 ‚
1255 4051 1370 4106 liberum
1386 4050 1468 4105 habet
1482 4049 1629 4104 arbitrium
1643 4089 1651 4114 ,
1666 4056 1762 4104 utrum
1775 4047 1830 4102 uelit
1843 4058 1884 4098 esse

280 4148 405 4202 ueritatis
419 4145 605 4210 desideranti,
619 4161 668 4216 per
683 4152 795 4200 sanctos
808 4144 1004 4214 predicatores
1014 4155 1076 4196 rer·
1127 4145 1178 4201 sub
1201 4158 1285 4214 regno
1303 4140 1415 4196 diaboli.
1436 4140 1505 4195 Cum
1526 4148 1617 4195 autom
1631 4139 1657 4195 ei
1671 4140 1825 4212 subiugatur
1843 4149 1885 4206 pet·

281 4237 348 4292 bum
362 4236 424 4291 fidei
437 4235 593 4299 committit,
609 4234 656 4305 qui
669 4234 764 4289 dicunt
777 4248 841 4287 curn
855 4232 1004 4302 Proplicta:
1023 4229 1076 4283 dc·
1127 4234 1233 4298 cando,
1247 4248 1301 4288 non
1317 4238 1406 4303 potest
1424 4231 1458 4286 de
1473 4236 1609 4302 potestate
1623 4230 1684 4300 ejus
1698 4231 1781 4294 exire,
1792 4227 1843 4298 quia
1854 4239 1884 4276 ro

282 4326 365 4383 cedite
375 4325 410 4381 ad
422 4343 492 4392 mm,
506 4335 532 4381 et
547 4325 738 4380 illuminamini
753 4323 840 4396 (Prot.
858 4322 967 4396 xxrrtr).
979 4321 1012 4376 Et
1026 4321 1077 4376 ite·
1127 4327 1219 4382 luntas
1236 4331 1278 4380 est
1293 4338 1425 4379 convorsa
1445 4321 1473 4377 in
1493 4323 1698 4378 necessitatem.
1712 4319 1768 4376 lloc
1786 4313 1884 4387 estquod

282 4433 359 4473 rum:
376 4417 459 4488 Serae
471 4419 517 4488 otti
529 4417 642 4481 dormit,
657 4426 802 4486 timeret
812 4433 828 4468 a
840 4415 962 4478 mortuis,
977 4424 1002 4469 et
1013 4414 1077 4468 iltu-
1128 4425 1288 4490 peccatores
1301 4416 1389 4470 solent
1399 4415 1507 4470 dicere:
1522 4413 1661 4470 vellemus
1672 4427 1735 4470 esse
1749 4411 1842 4472 sancti,
1853 4405 1884 4462 sed
1933 4441 1934 4478 3

283 4510 395 4564 minabit
419 4517 443 4563 te
464 4507 586 4564 cbristus
606 4507 712 4579 (Epicu.
734 4505 772 4578 r).
797 4505 850 4562 Per
870 4507 1076 4569 vestimentum,
1093 4501 1116 4556 D
1131 4526 1185 4566 nou
1199 4523 1356 4581 possumus.
1371 4503 1472 4562 ilerum
1491 4505 1607 4571 dicunt,
1626 4504 1674 4561 sed
1687 4519 1745 4559 non
1758 4503 1885 4558 babentes·
1933 4557 1934 4580 χ

285 4597 381 4670 accipe
395 4597 540 4654 facultates
552 4607 580 4654 et
593 4598 745 4653 retinacula
759 4597 865 4652 muudi.
879 4596 1076 4668 dnimaequior,
1131 4603 1313 4666 cusationem,
1328 4599 1517 4672 quiaprimum
1529 4604 1720 4669 potueratnon
1734 4609 1792 4652 esse
1802 4591 1885 4658 subpo
1933 4591 1934 4606 ¹

286 4689 314 4744 id
339 4696 382 4744 est
403 4688 486 4743 animi
506 4689 656 4760 aequioris,
673 4690 779 4746 scilicet
792 4689 972 4744 constantior.
995 4687 1079 4760 [Bana
1130 4700 1229 4750 testate
1243 4691 1359 4756 diaboli,
1374 4690 1408 4746 de
1422 4704 1476 4759 qua
1491 4689 1543 4744 nisi
1556 4688 1632 4745 solus
1645 4687 1719 4744 neus
1732 4699 1807 4742 nemo
1822 4685 1884 4752 poesi

286 4780 315 4836 itt
327 4779 450 4852 Laecam]
466 4779 535 4835 bum
547 4780 680 4837 Conditor
694 4791 788 4837 noster
801 4780 1001 4851 appropinquat
1010 4777 1080 4834 leri·
1130 4799 1179 4840 eos
1189 4784 1303 4854 eripere.
1316 4780 1421 4852 Populo
1432 4779 1541 4850 quidem
1556 4780 1699 4835 nationum
1722 4775 1831 4849 perddie
1845 4772 1884 4824 riu

286 4875 358 4939 cbo,
383 4887 473 4928 caecus
498 4872 531 4926 ad
552 4872 644 4928 lumen
674 4873 762 4940 redit;
781 4872 846 4943 quia
864 4871 930 4926 dum
950 4870 1080 4926 diviuitas
1131 4874 1200 4929 culis
1212 4874 1327 4937 irretito,
1343 4887 1424 4928 nemo
1439 4887 1559 4942 unquam
1572 4871 1714 4927 hominum
1738 4867 1812 4930 sedit,
1825 4863 1884 4919 idest

285 4964 424 5024 delectum
438 4970 539 5019 nostrae
559 4964 652 5018 carnis
672 4963 810 5033 suscepit.
823 4962 973 5016 humanum
993 4975 1080 5031 genus
1130 4965 1223 5020 nullus
1237 4963 1380 5020 doctorum
1399 4961 1505 5018 irenam
1527 4964 1707 5019 correctionis
1725 4959 1884 5025 contulitque

286 5067 396 5112 artemo
418 5054 553 5109 claritatis
584 5053 677 5109 tumeo
697 5052 770 5123 quoa
789 5052 937 5117 amiserat,
963 5051 1078 5120 recepit.
1130 5057 1174 5112 vet
1188 5057 1307 5127 linguam
1321 5070 1336 5109 a
1351 5054 1625 5118 matoconttiere‚ret
1643 5054 1672 5108 tn
1684 5051 1819 5107 vtamvita
1831 5057 1884 5113 ooo

286 5145 382 5204 Gaectts
396 5143 472 5200 sedet
483 5144 562 5214 juxta
574 5143 646 5198 viam
658 5183 666 5209 ‚
679 5143 744 5198 dum
759 5142 854 5212 incipit
871 5140 984 5196 credere
997 5137 1026 5192 in
1037 5139 1081 5209 ip·
1131 5155 1207 5204 retur
1226 5147 1275 5202 ire,
1293 5144 1407 5201 Sodorot
1418 5159 1535 5214 namque
1548 5143 1587 5198 illi
1601 5145 1693 5208 borno,
1704 5141 1733 5198 id
1754 5148 1793 5196 est
1805 5137 1833 5192 ad
1847 5133 1884 5187 uti·

287 5254 349 5294 sum
362 5237 410 5308 (1¹¹1
420 5237 506 5291 dicit:
522 5235 579 5306 139⁰
596 5251 655 5290 tvm
671 5235 714 5289 ¹³5⁰
728 5232 819 5304 (Ιθαιι-
836 5231 905 5302 nt)-
931 5229 1079 5295 Mendileio
1131 5239 1234 5293 litatem
1249 5237 1309 5307 ejus
1327 5236 1511 5306 requiesceret
1529 5233 1672 5299 docendo,
1687 5233 1712 5288 si
1725 5231 1784 5304 quis
1796 5229 1884 5283 ration

287 5328 351 5384 dum
366 5335 454 5399 rogat.
469 5325 547 5383 Unde
559 5328 683 5397 sequitur
699 5345 706 5380 ε
721 5324 756 5379 bt
770 5322 914 5379 clamabat.
925 5319 1081 5388 Quilesum
1131 5329 1193 5385 pilis
1206 5329 1266 5398 ejus
1291 5327 1436 5383 stulticiam
1455 5324 1633 5397 deprimendo
1657 5323 1808 5395 porrigeret.
1829 5313 1883 5372 aute

286 5419 441 5475 seuientem
458 5418 658 5487 procedunto
678 5418 838 5486 increpant,
850 5413 998 5467 tumultum
1018 5425 1081 5465 car·
1130 5435 1187 5474 non
1206 5419 1342 5475 immortuo
1355 5417 1557 5488 duodtsotpmq
1572 5416 1627 5472 duo
1640 5416 1750 5472 ordines
1760 5409 1883 5484 predicato
1932 5417 1933 5420 ’

288 5510 392 5564 nalium
403 5509 533 5564 uitiorum
557 5508 720 5581 designant,
743 5522 805 5577 que
826 5505 1008 5576 cogitationes
1027 5516 1079 5556 no·
1131 5523 1192 5562 rum
1203 5507 1402 5579 intelliguntur,
1417 5505 1657 5562 Judaeisvidolicet
1669 5513 1695 5561 et
1710 5492 1883 5575 gentibusuie
1932 5493 1933 5558 l

288 5604 362 5655 atras
378 5598 531 5670 dissipant,
544 5607 571 5654 et
586 5613 671 5654 voces
683 5597 776 5652 cordis
786 5599 814 5651 in
829 5597 955 5650 oratione
973 5601 1081 5664 pertur-
1131 5597 1357 5664 commonitioni
1368 5612 1435 5654 voro
1446 5597 1601 5668 intelligunt
1609 5597 1677 5652 istos
1684 5595 1762 5658 duos,
1770 5589 1882 5646 Petruntt

288 5687 365 5754 bant.
379 5705 414 5746 ue
425 5689 506 5746 iesus
521 5705 571 5744 cor
584 5689 739 5744 illuminare
751 5687 874 5742 accedat.
891 5683 970 5755 Saepe
981 5698 1080 5739 occur·
1131 5687 1301 5759 Philippum,
1310 5688 1439 5759 quoniam
1449 5687 1502 5759 ipsi
1514 5689 1633 5759 primum
1643 5693 1736 5760 gentes
1745 5681 1881 5739 mouserot

288 5784 354 5833 runt
370 5780 447 5836 cordi
464 5781 656 5851 phantasmata
671 5786 847 5850 peccatorum
866 5791 929 5848 quae
952 5773 1078 5842 lecimus,
1132 5780 1166 5837 od
1189 5777 1339 5846 fibristum,
1367 5777 1509 5850 Philippus
1521 5777 1684 5855 *Samariam
1706 5776 1784 5851 quasi
1804 5771 1882 5828 asima:
