3967 6334
173 303 227 360 est
643 288 847 358 ''ZICIIADIAE
861 293 1162 354 cntttsorott‘ruut
1181 293 1335 354 EPISCDPI
1752 292 1812 349 ast

173 419 239 474 betis
251 420 377 473 adamans
393 417 517 488 aliquem,
529 425 558 468 ut
568 424 593 470 et
607 413 689 470 Pater
700 424 783 470 aester
800 413 883 486 quiin
895 411 966 468 caiis
980 413 1004 470 tt
1018 407 1140 478 bitando,
1153 413 1200 468 sed
1210 414 1359 485 arguendo,
1371 426 1435 467 nam
1449 418 1476 468 et
1488 427 1539 469 nas
1553 409 1700 482 aliquando
1714 409 1749 464 de
1761 425 1814 463 re·

171 519 222 568 eat.
235 510 355 565 dimittat
366 509 438 565 uobis
449 517 558 579 peccata
568 519 665 564 metra.
1018 505 1070 562 bus
1082 507 1165 562 certis
1175 507 1302 578 ponimus
1314 503 1480 577 Increpando
1491 505 1602 561 uerbum
1615 503 1813 562 dubitationis,

208 602 437 673 Quandoquidem
452 599 520 656 bdes
533 597 656 670 perlecta
669 606 723 664 est,
735 615 796 670 quae
806 600 911 656 seilicet
918 615 968 672 per
1017 605 1049 655 ut
1066 599 1088 656 si
1105 599 1279 671 indignanter
1293 615 1373 656 servo
1388 609 1434 656 tuo
1458 598 1556 656 dieas:
1574 595 1737 654 contemnis
1750 595 1817 650 me?

172 694 348 750 dilectionem
364 698 506 764 operatur,
521 700 549 746 et
561 690 699 748 darnones
715 692 802 764 lugat,
818 700 845 748 et
859 693 893 749 de
904 709 968 765 pec-
1017 692 1177 762 considera;
1190 691 1305 749 Iorsitau
1325 691 1457 750 Dominus
1478 700 1543 748 tuus
1557 707 1628 747 sum.
1649 689 1683 745 tta
1698 697 1817 764 aposto·

169 785 246 848 ‚uatis
268 784 376 839 veniam
400 781 516 846 obtinet,
547 788 610 853 apte
635 798 754 852 sequeus
779 783 909 854 parabola
933 784 968 839 ad
1018 783 1061 840 lus
1076 803 1083 839 :
1097 782 1166 838 Puto
1193 793 1281 839 nutem
1294 782 1362 857 quod
1382 797 1408 840 et
1421 800 1466 856 ego
1487 784 1611 856 spiritum
1634 781 1815 840 Deibabeum

175 893 284 947 semper
302 875 438 930 orandum
463 881 490 930 et
505 874 682 940 cretiendum,
697 882 726 932 et
750 891 806 930 non
824 875 857 931 de
874 876 966 943 nobis,
1019 873 1046 950 (t
1057 874 1119 934 (Iac.
1131 877 1193 952 ιιι).

175 967 224 1025 sed
234 968 268 1023 de
279 967 334 1023 Deo
344 966 565 1038 praesumendum
575 966 712 1022 hortatur.
727 965 875 1037 Apostolus
885 967 968 1022 etiam
1287 959 1403 1021 CAPUT
1416 959 1531 1019 cxxttt.

173 1060 241 1116 dicit
252 1078 260 1115 ε
273 1057 337 1117 Sine
350 1059 546 1115 intermissione
556 1067 630 1112 orate
644 1056 671 1129 (I
685 1055 776 1112 Tbecs.
787 1056 842 1128 ιιι).
858 1055 966 1130 [Deum]
1273 1076 1318 1127 217
1445 1075 1489 1127 qqq
1612 1073 1660 1128 ,ιο

168 1149 243 1218 Quis
258 1158 350 1210 numm
365 1157 457 1222 potest
473 1165 583 1221 semper
596 1150 696 1207 oraret
709 1148 781 1221 Ergo
801 1149 854 1204 noc
868 1149 969 1204 intelli·
1174 1095 1237 1183 Μ·
1288 1151 1312 1189 ¹¹
1353 1097 1408 1184 R·
1525 1094 1578 1182 L·

175 1242 294 1314 gendum
316 1249 361 1300 est
378 1248 428 1296 aut
443 1241 478 1298 de
496 1240 666 1313 quotidianis
689 1240 767 1298 horle
786 1241 865 1311 juxta
884 1241 970 1296 ritum
1055 1233 1165 1292 Etcum
1186 1239 1296 1294 uenisset
1312 1239 1339 1294 in
1361 1237 1496 1310 tempium,
1516 1237 1682 1310 factumest,
1704 1242 1819 1292 amente

176 1335 316 1400 Ecclesiae,
338 1346 370 1392 ut
397 1338 435 1392 ait
463 1335 610 1393 Psalmista
627 1356 633 1391 ι
648 1335 806 1391 Benedicam
827 1336 969 1390 Dominum
1019 1328 1066 1384 iiia
1090 1331 1216 1400 populum
1235 1341 1258 1386 et
1276 1332 1482 1404 evangelizante,
1507 1339 1673 1386 accerserunt
1693 1327 1730 1384 ad
1753 1343 1819 1384 Μ’

175 1429 205 1482 in
225 1430 298 1483 ouini
317 1437 439 1498 tempore,
459 1444 560 1499 semper
576 1427 968 1500 Iunrejnrinoremeq(1’eal,
1019 1424 1148 1494 principes
1164 1424 1330 1480 sacerdotum
1340 1435 1365 1480 et
1381 1425 1495 1480 seniores
1511 1424 1611 1496 papuli,
1624 1423 1763 1478 dicenter:
1781 1419 1818 1474 In

176 1521 289 1594 ιιιιιι),
313 1530 360 1577 aut
385 1531 461 1579 certe
481 1522 614 1595 quidquid
631 1524 725 1594 justus
740 1523 805 1580 iacit
819 1526 970 1582 seeundum
1020 1533 1072 1588 qua
1083 1526 1210 1588 potestate
1224 1517 1279 1573 brac
1296 1517 1385 1588 bacis?
1404 1519 1504 1590 etquis
1519 1517 1568 1570 tibi
1591 1515 1664 1572 dedit
1687 1514 1758 1570 banc
1771 1528 1822 1584 W·

175 1611 274 1679 Deum
290 1614 324 1670 ad
340 1616 492 1672 orationem
508 1623 551 1672 est
562 1617 755 1686 reputandum.
1022 1613 1163 1667 testatem?

458 1706 575 1762 CAPUT
587 1706 693 1764 cxxtt.
1059 1699 1199 1776 [Hirrum]
1223 1700 1344 1758 Diuersis
1365 1701 1456 1758 verbm
1477 1701 1602 1758 eamdem
1621 1716 1704 1773 quam
1730 1714 1823 1770 supra

511 1815 544 1904 L
603 1800 650 1848 ιιι
985 1773 1186 1847 Bcalumniam
1207 1800 1328 1859 struunt,
1343 1793 1453 1864 quaudo
1470 1793 1609 1858 dixerunt,
1626 1793 1655 1847 in
1669 1789 1821 1846 Decicebub

553 1879 565 1904 ⁶
617 1877 635 1914 ¹
1020 1886 1136 1956 principe
1149 1884 1339 1940 demontorium
1356 1885 1428 1956 ejicit
1449 1883 1592 1949 damonia,
1605 1883 1824 1954 subintelligunt

214 1962 323 2021 Dicebat
353 1978 442 2024 autem
465 1980 489 2024 et
510 1969 669 2040 parabolam
693 1969 728 2026 nd
750 1971 823 2035 illae,
845 1971 971 2042 quoniam
1021 1977 1095 2034 enirn
1116 1994 1177 2034 eum
1195 1977 1304 2048 operari
1327 1993 1376 2048 per
1394 1975 1542 2033 diabolum.
1573 1973 1696 2050 [Curre]
1718 1973 1823 2031 Dinni⁸

175 2074 280 2135 aportat
297 2081 399 2135 semiper
416 2085 495 2122 orare
511 2079 538 2124 at
556 2085 607 2124 nan
622 2068 745 2139 deficere,
760 2066 972 2124 attenuentur
1022 2069 1104 2125 Iromo
1115 2071 1265 2126 secuudum
1282 2086 1312 2126 se
1328 2070 1447 2126 aestimat
1461 2070 1556 2125 alium.
1568 2067 1746 2123 Fornicarius
1768 2079 1825 2119 ue·

177 2156 286 2227 quidam
299 2168 358 2212 erut
368 2160 397 2213 in
411 2159 528 2230 quadam
538 2163 654 2227 ciuitate,
670 2162 717 2233 qui
728 2161 813 2216 Deum
823 2177 877 2215 non
895 2162 972 2216 n'me-
1022 2164 1122 2219 ruineru
1143 2163 1282 2218 culstimut
1297 2172 1422 2232 castum;
1437 2169 1532 2218 castus
1543 2177 1599 2216 non
1614 2159 1694 2215 bacile
1707 2159 1743 2214 de
1757 2157 1824 2212 Ior-

178 2249 235 2313 bat,
254 2251 421 2308 ctbominem
435 2271 487 2308 non
499 2254 675 2310 reverebatur.
693 2254 781 2309 Vidua
799 2263 972 2326 auternqua-
1022 2255 1127 2310 nicario
1137 2257 1304 2327 suspicatur.
1322 2253 1462 2326 Superbus
1479 2253 1617 2310 nemiuem
1629 2259 1706 2323 putat
1723 2247 1825 2306 hurni-

177 2337 240 2394 dum
257 2354 314 2395 erut
326 2344 353 2395 in
364 2342 538 2409 ciuitateitta,
549 2354 574 2399 et
588 2345 707 2400 nutriebat
718 2344 753 2399 ud
764 2344 851 2410 ibium,
862 2345 971 2401 dicens:
1022 2349 1089 2416 lcm;
1106 2348 1216 2404 humilis
1229 2347 1364 2402 treruInem
1389 2345 1548 2417 superbum.
1566 2344 1612 2400 Sic
1633 2345 1681 2416 qui
1697 2358 1753 2398 uon
1770 2348 1821 2397 est

183 2429 293 2487 l'indica
309 2451 349 2489 me
363 2434 395 2490 de
413 2435 565 2492 aduersario
580 2454 647 2493 mea.
665 2437 819 2493 binniebat
834 2455 881 2509 per
901 2440 972 2493 mui-
1022 2457 1054 2496 ex
1070 2440 1125 2497 Deu
1140 2440 1279 2504 sacerdos,
1295 2439 1399 2496 nullius
1415 2439 1600 2496 sacerdotium
1612 2445 1691 2509 putat
1702 2451 1766 2492 esse
1785 2450 1824 2490 ex

179 2534 235 2590 turm
260 2539 373 2597 terrtpua.
396 2527 462 2584 Part
483 2529 538 2584 trac
564 2540 652 2585 autem
670 2530 739 2585 dixit
760 2533 831 2586 intra
847 2547 895 2586 ae:
911 2531 971 2588 Etsi
1022 2533 1087 2592 Deo.
1103 2533 1168 2590 Inde
1179 2541 1222 2591 est
1238 2545 1266 2590 ut
1276 2541 1433 2590 contemnat
1448 2533 1559 2588 alteros.

178 2616 326 2674 acerruma
343 2620 432 2685 timeo,
448 2639 495 2677 racc
506 2622 638 2679 bominem
655 2640 783 2690 revereor,
803 2635 891 2680 tanuen
908 2629 972 2696 quia
1057 2627 1222 2698 Respondent
1234 2637 1321 2682 autem
1338 2625 1428 2692 berne,
1441 2626 1509 2684 dicit
1529 2626 1609 2682 iiiia:
1631 2623 1769 2694 Interrogo
1796 2631 1824 2677 et

178 2709 291 2767 molesta
309 2723 349 2768 eat
365 2714 429 2770 ncibi
447 2714 502 2770 buc
516 2716 607 2782 uidua,
632 2717 771 2772 vindicabo
788 2718 876 2785 iliam,
896 2735 928 2775 ne
943 2721 971 2775 in
1020 2737 1067 2794 eqo
1084 2739 1128 2776 uas
1148 2739 1229 2776 anam
1249 2737 1404 2786 sermonem,
1427 2737 1503 2792 quent
1520 2721 1545 2774 ui
1564 2719 1687 2774 diceritis
1709 2718 1778 2774 mibi
1798 2727 1825 2772 et

178 2803 321 2860 suauissima
331 2806 434 2862 berticus
445 2807 551 2879 sugillet
563 2826 613 2864 mc.
1021 2813 1147 2886 cannabis
1158 2813 1245 2867 dicum
1255 2814 1282 2866 in
1290 2829 1343 2885 qua
1349 2821 1478 2882 potestate
1488 2811 1543 2866 brec
1555 2811 1635 2882 [acia.
1646 2810 1824 2882 Baptismnm

214 2893 273 2950 Iloe
292 2902 346 2959 est,
366 2913 400 2956 ue
411 2898 511 2954 iterum
527 2907 554 2954 et
569 2900 669 2955 iterum
683 2903 796 2958 veniens
818 2904 971 2974 strangulet
1021 2901 1134 2962 ioannis
1146 2905 1214 2960 unde
1225 2907 1305 2962 erat?
1319 2922 1333 2960 e
1347 2904 1423 2968 ceto,
1440 2922 1474 2960 nn
1485 2921 1518 2960 ca
1532 2903 1701 2961 bominibus?
1718 2904 1754 2958 At
1774 2903 1825 2957 illi

178 3001 223 3042 me
237 2987 359 3044 taediosis
373 2990 551 3047 elamoribus.
575 2989 742 3062 Sugillarea
761 3009 830 3065 sugo
839 3002 867 3050 et
879 2995 971 3050 lamiis
1022 2996 1173 3067 cogitabunt
1188 2997 1255 3050 irrtcr
1272 3013 1310 3060 ae,
1329 2994 1464 3051 dicentes:
1481 2995 1513 3052 Si
1533 2994 1691 3060 dixerimus,
1707 3012 1720 3049 e
1738 2994 1823 3056 cala,

179 3087 308 3146 tractum,
333 3083 508 3154 strangulare
524 3090 577 3139 est.
597 3083 746 3140 Parabolus
769 3084 901 3142 Dominus
923 3091 970 3139 aut
983 3129 1006 3186 C
1022 3086 1090 3142 dicct
1102 3087 1175 3143 nabis
1187 3103 1196 3140 .·
1207 3087 1296 3154 Quare
1307 3104 1368 3160 erqo
1384 3103 1435 3142 non
1450 3086 1601 3144 credidistis
1612 3085 1714 3144 itiiiSi
1726 3095 1824 3142 autem

178 3174 330 3228 seeundum
351 3174 558 3232 simulitudinem
579 3180 666 3248 ponit,
688 3185 718 3232 ut
737 3178 772 3234 de
792 3178 902 3234 bomine
923 3178 971 3249 qui
1023 3181 1180 3248 dixerimus,
1198 3197 1230 3236 ec
1250 3181 1410 3246 bantinibus,
1435 3182 1557 3236 tineamus
1577 3181 1693 3236 turbem.
1717 3179 1824 3237 Omnes

177 3263 295 3321 babebat
315 3264 386 3324 duos
401 3267 482 3332 itlius,
500 3269 633 3339 majorem
648 3271 677 3325 in
696 3287 772 3341 agro,
784 3272 916 3326 minorem
943 3271 971 3325 in
1022 3272 1091 3326 enim
1110 3271 1240 3326 trabebant
1255 3270 1387 3327 laarnrcm
1401 3272 1469 3326 sicut
1480 3271 1644 3343 propnetam.
1657 3269 1693 3327 Et
1706 3289 1825 3346 cespon-

177 3353 328 3428 ianginquo
341 3356 418 3429 (bac.
435 3359 481 3430 xv)
498 3380 505 3415 :
522 3368 570 3415 aut
580 3376 615 3416 ex
629 3362 854 3419 dissimilitudine
869 3362 973 3434 aliquid
1022 3364 1200 3430 terrama,
1216 3364 1340 3420 dicerunt
1356 3363 1530 3422 :Nescimus

177 3447 293 3518 probat,
311 3457 342 3505 ut
363 3451 401 3506 ibi
424 3451 481 3508 :Si
498 3453 588 3522 tenum
610 3455 668 3525 egri
688 3453 757 3525 qnod
777 3454 855 3510 bodie
873 3465 924 3519 ert,
946 3462 971 3508 et
1060 3457 1199 3532 [luerem]
1226 3457 1337 3514 Poterat
1364 3457 1497 3514 Dominus
1519 3464 1615 3529 aperta
1636 3457 1825 3529 responsione

177 3555 237 3594 crae
258 3541 287 3594 in
308 3541 444 3596 clibanum
464 3546 594 3607 mittetur,
616 3544 689 3599 Deua
711 3547 750 3602 ric
762 3547 848 3610 uertit,
874 3557 972 3617 quanto
1023 3567 1071 3608 eos
1084 3552 1226 3608 couiuture
1243 3572 1249 3607 :
1266 3553 1314 3608 sed
1329 3551 1479 3623 prudenter
1490 3552 1659 3622 interrogat,
1672 3558 1702 3606 ut
1711 3550 1767 3622 ipsi
1779 3553 1823 3607 rel

177 3637 262 3706 aragia
273 3652 318 3692 uos
333 3636 443 3694 madiae
458 3639 542 3708 {idai
557 3638 666 3711 (Mattb.
679 3643 729 3715 rr.)
742 3641 774 3695 Et
790 3644 917 3713 superius
926 3661 973 3715 ge·
1024 3660 1074 3701 suo
1085 3645 1195 3700 silentio
1209 3647 1253 3700 uel
1267 3661 1317 3700 sua
1331 3643 1468 3700 sententia
1481 3644 1710 3698 condemnentur.

177 3742 233 3784 nus
249 3728 287 3784 itu
306 3729 492 3802 conjungitur,
506 3732 579 3787 sicut
592 3733 670 3797 illud,
692 3733 730 3788 itu
744 3733 811 3789 illud
823 3735 866 3791 uel
879 3736 972 3806 istud;
1059 3733 1104 3787 dit
1126 3733 1180 3789 iltis
1200 3743 1225 3789 et
1239 3735 1293 3804 ipre
1306 3749 1315 3788 .·
1329 3731 1384 3788 Nec
1403 3749 1449 3804 ago
1464 3731 1522 3787 dica
1536 3729 1620 3798 robis,
1636 3729 1666 3784 in
1679 3746 1731 3802 quc
1744 3738 1822 3799 pote·

178 3818 295 3876 iuferius
317 3820 365 3885 ita,
386 3821 559 3885 siilludest,
575 3824 781 3894 quantomagis
803 3825 846 3880 rel
870 3835 974 3896 quanto
1024 3825 1158 3882 statuitur
1172 3825 1281 3895 faciant.

179 3911 273 3966 minus
296 3912 349 3967 lroc
363 3914 405 3969 uel
426 3914 510 3969 illud?
528 3914 615 3971 ludex
626 3924 669 3972 est
689 3917 735 3972 liic
753 3933 785 3973 ex
798 3917 973 3974 dissimilitu-
1058 3915 1119 3973 Non
1139 3917 1218 3982 dixit,
1239 3931 1290 3974 nee
1305 3931 1356 3988 ego
1374 3916 1441 3982 scia,
1466 3915 1539 3986 quod
1566 3929 1740 3986 consequens
1760 3923 1823 3969 erat

179 4002 254 4069 diue,
276 4005 341 4074 quia
360 4005 472 4077 Iniquus
492 4023 632 4079 nunquam
650 4009 820 4065 assimilatur
831 4009 896 4065 Deo.
913 4009 974 4081 Ipsa
1025 4008 1197 4080 responsioni
1210 4023 1317 4074 eorum,
1331 4007 1396 4080 quia
1412 4007 1522 4064 mentiri
1534 4007 1637 4064 ueritas
1648 4022 1706 4062 non
1716 4010 1820 4077 potest,

180 4093 262 4150 uidua
287 4105 377 4168 potest
400 4099 501 4156 habere
522 4101 728 4157 similitudinem
755 4099 894 4164 Ecclesia,
914 4119 974 4174 quae
1025 4100 1098 4154 sicut
1115 4099 1153 4154 illi
1168 4097 1274 4154 mentiti
1299 4105 1374 4163 suut,
1390 4096 1514 4154 dieentes
1526 4113 1558 4153 se
1572 4097 1692 4154 mosaice.
1710 4093 1821 4170 [Deum]

181 4186 433 4257 desotatavidum,
449 4192 537 4248 donec
551 4194 643 4248 ueniat
657 4193 802 4259 Dominus,
819 4193 867 4266 qui
881 4203 974 4251 tamen
1025 4190 1084 4246 Non
1101 4189 1189 4256 subls,
1206 4190 1305 4261 iuquit,
1321 4191 1383 4245 dieo
1397 4189 1469 4260 quod
1488 4190 1558 4254 scio,
1577 4190 1642 4261 quia
1661 4205 1717 4244 nou
1737 4189 1823 4244 uultis

183 4279 212 4335 in
223 4289 329 4337 secreto
339 4285 421 4340 etiam
435 4301 510 4341 nunc
524 4301 619 4340 curam
634 4287 695 4356 ejus
707 4288 787 4358 gerit.
1025 4283 1105 4340 interi
1127 4283 1205 4356 quod'
1218 4283 1306 4349 scitis,
1327 4283 1453 4338 videlicet
1474 4281 1607 4337 Ioannem
1631 4282 1667 4337 de
1688 4281 1759 4336 coelo
1772 4281 1822 4335 ha·

219 4371 264 4426 Ait
278 4384 366 4430 autem
382 4375 510 4432 Dominae
521 4391 530 4429 :
543 4376 641 4431 Audite
655 4377 718 4448 quid
730 4377 813 4446 judea
826 4380 973 4448 iniqnitatis
1025 4376 1119 4432 huisse
1137 4374 1324 4446 prophetiam,
1339 4371 1410 4428 uude
1428 4373 1495 4427 milri
1513 4373 1705 4428 testimonium
1731 4371 1822 4442 perlai-

183 4462 256 4519 dicit.
281 4465 350 4520 Dens
370 4478 459 4522 autem
486 4486 538 4522 nan
561 4470 639 4539 saciet
664 4471 805 4525 vindictum
831 4471 973 4525 electarum
989 4469 1094 4544 plruit,
1111 4474 1138 4520 et
1157 4466 1185 4520 iu
1201 4481 1255 4536 qua
1271 4472 1407 4536 potestate
1431 4463 1490 4520 haec
1506 4463 1589 4532 Iucia,
1609 4463 1819 4519 demonstrauit.

182 4572 302 4621 suarum,
315 4559 488 4614 clanrantium
499 4560 534 4614 ad
543 4579 571 4616 ec
581 4561 624 4616 die
637 4579 669 4616 uc
684 4573 769 4623 nocte,
780 4573 805 4618 et
818 4564 975 4633 patientium
1025 4558 1180 4614 Notandum
1192 4567 1283 4614 autem
1295 4558 1359 4630 quia
1369 4557 1438 4612 duas
1453 4557 1489 4612 ob
1506 4572 1607 4612 causas
1623 4555 1741 4612 seientia
1751 4555 1822 4609 ueri-

182 4647 285 4704 babebit
300 4651 328 4706 in
339 4651 392 4706 iltis
402 4655 414 4707 ,t
426 4652 492 4708 Dico
502 4651 585 4719 uobis,
598 4657 662 4726 quia
672 4657 724 4711 cito
738 4656 818 4727 [aciat
832 4655 975 4711 uindictam
1026 4652 1091 4706 tutiS
1110 4658 1154 4706 est
1176 4649 1338 4706 occultanda
1363 4649 1561 4722 querentibus.
1586 4663 1650 4703 eum
1669 4655 1719 4703 aut
1737 4646 1821 4717 isqui

183 4740 302 4798 iliorum.
1026 4744 1134 4815 quaerit,
1150 4743 1241 4798 minus
1255 4757 1341 4814 capax
1356 4749 1399 4797 est
1413 4740 1447 4795 ad
1460 4741 1681 4812 intelligendum,
1698 4746 1746 4793 aut
1759 4739 1821 4793 odio

220 4831 249 4888 Si
262 4851 345 4906 quem
360 4844 450 4892 movet
465 4852 515 4893 cttr
529 4838 610 4894 electi
624 4855 654 4896 se
677 4839 813 4895 uindicari
826 4839 976 4910 deprecen-
1026 4834 1069 4890 uel
1083 4839 1241 4903 contemptu
1259 4833 1395 4896 ueritatis,
1411 4829 1541 4904 Indignus
1551 4841 1594 4888 est
1608 4831 1654 4886 cui
1672 4831 1820 4902 aperiatur.

183 4933 240 4990 tur,
252 4942 315 4982 cum
330 4927 503 4997 apertissime
513 4945 675 4986 moneamur
688 4947 737 5002 pro
748 4932 975 5002 persequentibus
1027 4924 1066 4982 De
1087 4941 1141 4981 uuo
1157 4925 1195 4978 uit
1210 4923 1363 4982 Dominus:
1380 4924 1475 4980 Adbuc
1489 4924 1575 4979 matta
1590 4922 1673 4979 babeo
1686 4922 1759 4979 nobis
1780 4921 1820 4976 di·

184 5031 265 5074 orure
277 5017 387 5092 (blattb.
403 5019 431 5092 v)
448 5039 454 5075 ε
471 5021 676 5094 Intelligendum
690 5033 743 5087 est,
754 5039 814 5079 eam
827 5023 976 5079 vindictam
1027 5034 1094 5084 cere,
1110 5016 1155 5073 sed
1173 5035 1224 5072 nan
1237 5020 1345 5088 potestis
1363 5000 1471 5087 portare
1487 5016 1566 5072 modo
1588 5013 1682 5088 (boun.
1700 5013 1774 5088 xut];
1789 5015 1820 5071 de

184 5122 247 5164 esse
260 5109 409 5178 justorum,
422 5113 526 5168 utmali
538 5123 662 5186 pereant.
677 5113 796 5171 Pereunt
810 5124 900 5170 autem
911 5114 977 5168 duo·
1028 5111 1113 5168 altero
1130 5153 1136 5166 .
1153 5109 1243 5170 Nolite
1257 5119 1377 5166 sanctum
1390 5115 1455 5164 aare
1465 5109 1588 5176 canibus,
1609 5125 1693 5184 neque
1711 5110 1819 5166 mittatis

185 5198 237 5255 bus
252 5202 350 5266 modis,
364 5210 412 5259 aut
421 5202 603 5262 conversione
616 5207 805 5277 adjustitiam,
817 5214 864 5260 aut
875 5207 977 5262 amissa
1028 5204 1188 5276 usurpantes
1200 5212 1259 5258 ante
1273 5219 1365 5274 parcae
1381 5201 1490 5274 (blattis.
1506 5203 1546 5274 u).

185 5301 331 5363 potestate,
347 5313 401 5368 qua
418 5301 605 5370 temporaliter
625 5301 716 5356 ualent
730 5299 862 5355 aduersus
878 5298 975 5355 bonos.
1353 5321 1392 5408 Μ
1452 5302 1498 5415 ιιι

1402 5382 1414 5407 ι

139 5439 143 5446 ,
227 5383 412 5442 Verumtamen
423 5387 511 5443 Filius
525 5389 640 5444 bortrinis
655 5390 757 5444 ucetiam
772 5398 851 5459 putas
866 5389 978 5444 inueniet

187 5473 267 5543 fidem
280 5477 308 5530 in
325 5480 416 5534 aena?
1065 5469 1135 5537 Quid
1146 5478 1233 5524 autem
1250 5469 1321 5526 cobis
1335 5469 1458 5527 uidetur?
1479 5469 1566 5524 Homo
1580 5467 1692 5541 quidum
1712 5467 1818 5522 icabeiat

223 5565 354 5633 Quamvis
363 5571 537 5640 ommipotens
551 5569 686 5626 Conditor
695 5585 804 5640 sempor
814 5569 851 5625 sit
864 5577 978 5639 paratus
1029 5562 1094 5616 tinas
1110 5563 1190 5632 filios,
1210 5572 1235 5617 et
1247 5561 1370 5620 accedetis
1382 5561 1417 5618 ati
1426 5564 1553 5633 primum,
1566 5563 1639 5617 dicit
1653 5577 1664 5615 .·
1678 5559 1704 5615 F
1704 5560 1745 5625 iii,
1760 5557 1818 5615 aude

188 5660 224 5716 ad
238 5663 398 5729 uindictam,
415 5664 444 5720 in
466 5665 510 5722 die
534 5673 625 5719 tumen
638 5663 732 5734 judIeii
748 5663 870 5718 seuerius
895 5676 978 5731 appu·
1030 5655 1106 5710 bodie
1116 5657 1220 5726 operari
1230 5657 1256 5710 in
1266 5658 1367 5711 uincam
1379 5673 1474 5712 meam.
1487 5656 1539 5712 Ilia
1549 5665 1639 5712 uatem
1650 5651 1816 5727 respondmr,

188 5740 261 5811 rabit
273 5755 353 5811 ruina
369 5759 512 5814 mulorum.
527 5756 611 5812 Putas
626 5762 734 5811 nonest
750 5753 794 5806 hie
808 5753 910 5807 dictum
926 5752 977 5806 du·
1030 5749 1089 5803 ait:
1106 5745 1185 5805 Nota.
1199 5747 1294 5805 Postea
1306 5759 1391 5806 autem
1404 5752 1557 5816 renitentia
1572 5758 1661 5806 motas
1681 5747 1758 5806 abiu.
1768 5745 1817 5806 Aa·
