3967 6334
70 399 126 455 tir
538 405 573 462 ht
593 407 691 464 llb'llll
709 409 754 465 Ex
776 409 945 490 Qulrtlon
961 405 1064 464 blEEll
1083 409 1244 466 TERTIUS.
1662 409 1717 467 titt

70 529 162 568 seruos
178 530 252 581 auor,
272 519 413 576 moadrrcet
436 532 524 576 aurem
543 535 567 577 et
588 522 660 578 hibor
679 539 739 578 cum
759 524 841 580 ebriis
855 540 865 577 .·
880 533 903 588 Α
917 523 1094 580 unonomine
1107 525 1185 595 virgo
1201 524 1334 595 appellata
1347 531 1400 581 est.
1422 544 1431 577 s
1452 522 1529 579 Unde
1545 521 1714 594 hpnstnluse

70 604 158 658 reniet
172 604 296 664 dominas
311 611 380 666 aerei
393 611 468 667 illius
488 613 516 667 in
529 611 573 668 die
588 631 641 687 noo
659 633 711 671 noa
730 625 829 687 operat,
845 625 871 671 et
922 620 1086 691 Desponsavi
1103 637 1147 676 sos
1166 622 1214 674 roni
1237 622 1304 687 viro,
1326 623 1453 693 uirginem
1476 629 1578 676 costum
1595 617 1716 674 eairihere

71 695 140 752 horo
163 716 218 771 qao
239 701 361 773 ignorat,
383 712 408 759 et
419 703 519 760 diridet
539 723 614 773 eam,
637 719 790 780 partemque
813 708 871 780 ejus
922 713 1029 770 Christo
1043 713 1088 786 (ll
1103 712 1166 770 Cor.
1189 711 1239 786 ur).
1255 711 1314 768 Non
1328 713 1382 768 hoc
1396 713 1464 767 dicit
1482 711 1549 768 solis
1565 706 1716 768 sanctimo-

69 801 151 859 ponet
167 809 227 848 eant
241 794 387 866 hypocritis
403 808 428 853 et
444 797 607 870 infidelibus,
621 801 738 857 illiserit
752 801 831 872 lictus
845 813 871 859 ει
921 805 1054 869 nialibus,
1070 804 1117 861 sed
1138 803 1274 860 uniuersae
1287 802 1426 868 Ecclesiae,
1446 811 1474 860 et
1485 801 1549 873 qrria
1564 801 1644 872 liuius
1657 798 1715 856 rir-

71 881 175 938 stridor
187 883 317 944 dentiam.
921 897 1046 968 ginitatis
1059 904 1205 970 corruptor
1217 905 1260 954 est
1273 895 1411 960 diabolus,
1426 895 1558 951 continuo
1573 892 1714 964 adjunxit:

110 975 221 1052 [Brun]
237 977 341 1034 Diaidet
351 997 423 1048 ειιιιι,
447 981 553 1040 seilicet
570 985 736 1041 aconsurtio
757 991 871 1042 sancto·
923 989 1013 1043 Piraeo
1024 1005 1055 1043 ne
1066 989 1135 1043 sicut
1147 1003 1251 1058 serpens
1264 985 1348 1042 anm
1359 985 1465 1042 sedarit
1477 985 1594 1040 versutio
1604 999 1663 1047 sao,
1676 984 1715 1038 sio

70 1084 137 1124 rum
152 1072 293 1142 separabit
304 1088 377 1130 eum.
388 1073 554 1147 llypocritas
565 1077 609 1132 bic
619 1077 696 1140 dicit,
709 1079 737 1134 iu
754 1093 829 1150 agro,
842 1079 871 1133 in
921 1091 947 1138 et
959 1082 1038 1137 uestri
1053 1099 1144 1137 sensas
1159 1091 1364 1152 corrumpantur
1382 1099 1398 1135 o
1413 1079 1538 1135 castitate
1557 1093 1616 1148 que
1628 1085 1668 1131 est
1686 1077 1715 1130 in

71 1163 160 1228 mola,
183 1162 212 1218 iu
233 1165 304 1222 lecto
324 1165 491 1237 derelictos;
519 1168 643 1225 infideles
663 1185 738 1237 vero,
759 1171 871 1243 quince
922 1174 1027 1232 Christo
1044 1173 1143 1247 (ibid).
1167 1173 1195 1230 ln
1217 1189 1332 1245 corpore
1355 1171 1435 1244 pauci
1454 1169 1640 1241 virginitatem
1664 1167 1716 1220 ha·

70 1255 155 1311 iidem
176 1256 342 1315 habuerunt.
359 1257 438 1316 Sicut
455 1261 484 1317 in
503 1261 576 1318 lldeli
594 1262 784 1334 dispensatore
802 1265 871 1321 ordo
920 1268 997 1333 beot,
1013 1267 1040 1324 in
1056 1267 1138 1323 corde
1152 1283 1248 1323 omnes
1262 1267 1362 1322 hahere
1376 1265 1483 1320 debent.
1499 1259 1715 1332 igiturquinque

71 1349 309 1407 remunerationis
323 1350 414 1409 dictus
426 1360 478 1418 cst,
492 1355 533 1410 sic
550 1354 578 1410 in
596 1356 668 1411 malo
680 1371 760 1412 servo
773 1373 871 1413 narra·
920 1361 1043 1433 virgines
1056 1360 1184 1417 ridentur
1210 1359 1366 1432 significare
1382 1354 1631 1429 quinquepartitam
1647 1367 1701 1406 eon

70 1445 120 1493 ιιι
133 1443 284 1510 praesulum
307 1444 442 1499 malorum
455 1454 556 1501 aeterna
575 1447 725 1514 damnatio,
745 1449 793 1520 qui
814 1465 871 1506 non
920 1453 1062 1508 tinentiam
1078 1452 1232 1516 oculorum,
1250 1452 1369 1517 aurium,
1390 1447 1546 1512 ollaciendl,
1575 1445 1714 1518 gustandi,

71 1532 164 1587 sium
179 1535 251 1590 male
271 1535 377 1600 sinunt,
397 1537 544 1594 sedetiam
566 1539 690 1597 subditos
702 1540 811 1612 injuriis
827 1541 869 1596 la·
920 1543 1061 1616 tangendi.
1084 1543 1151 1612 Quae
1177 1542 1346 1600 continentia
1365 1544 1430 1614 quia
1452 1541 1552 1612 partim
1576 1539 1604 1596 lit
1622 1553 1715 1594 coram

70 1641 95 1678 c·
105 1635 199 1682 ssunt.
216 1626 319 1698 'l'ypice
330 1631 413 1686 etiam
427 1638 518 1701 potest
533 1632 647 1704 intelligi
671 1649 771 1704 pulcros
783 1640 810 1689 et
821 1647 871 1688 an·
920 1633 987 1700 Deo,
1004 1643 1034 1691 ut
1048 1635 1087 1691 illi
1103 1636 1245 1705 placeatur
1261 1633 1388 1689 interiori
1404 1632 1515 1704 'gaudio
1529 1629 1714 1694 conscientia,

69 1718 153 1776 eilias
172 1729 328 1792 pereutere,
348 1723 431 1779 corda
457 1723 628 1782 infirmorum
648 1729 676 1782 in
700 1727 752 1784 lule
779 1744 870 1800 pravae
920 1727 1021 1798 partlm
1049 1741 1144 1783 eoram
1173 1725 1331 1782 hominibus
1355 1724 1389 1780 ad
1415 1724 1529 1796 gloriam
1556 1723 1714 1785 humanam,

69 1810 246 1879 operationis
267 1819 314 1866 aut
338 1812 485 1870 locutionis
508 1817 633 1887 esenrplo
659 1818 764 1873 vitiare.
782 1817 870 1876 Edere
920 1820 1041 1891 qrrinque
1067 1819 1197 1875 dicuntur
1223 1817 1370 1889 sapientes,
1401 1823 1428 1870 et
1456 1819 1577 1887 quinque
1606 1813 1715 1879 stultae,

69 1910 178 1968 autem,
189 1913 217 1959 et
227 1904 320 1961 bibere
333 1913 361 1962 et
372 1907 513 1976 inebriari,
530 1919 573 1966 εει
587 1910 755 1969 iecinoribus
767 1921 794 1968 et
811 1913 871 1969 ille·
885 1888 906 1942 B
922 1922 1046 1983 utreque
1073 1920 1166 1968 tamen
1191 1911 1330 1981 virgines,
1358 1916 1472 1980 propter
1507 1905 1714 1962 continentiam.

69 1993 167 2050 cebris
187 1994 281 2049 seculi
297 1998 436 2068 occupari,
451 2016 512 2071 quae
525 2010 643 2057 mentem
663 2001 831 2071 dementant,
842 2011 870 2059 ει
920 2003 998 2071 erod
1014 2003 1091 2068 dicit,
1112 2003 1216 2058 obuiam
1231 2017 1326 2071 sponso
1343 2009 1368 2054 et
1393 2015 1497 2069 sponse
1513 1999 1594 2061 crire,
1615 1993 1716 2050 intelli-

69 2100 171 2142 errare
182 2085 297 2144 iaciunt
314 2087 459 2164 [dueum]
474 2091 545 2148 Nota
559 2095 661 2150 malum
673 2111 783 2152 serrum
793 2095 871 2152 dam·
920 2097 1039 2170 gendum
1058 2104 1100 2152 est
1114 2096 1148 2152 de
1161 2094 1348 2151 Christianis:
1371 2108 1426 2148 non
1446 2091 1519 2147 enim
1536 2083 1653 2161 possunt
1666 2081 1716 2143 ob-

69 2180 146 2244 nari,
162 2195 219 2236 non
239 2183 304 2253 quia
321 2184 429 2240 tardum
451 2195 537 2257 putot,
554 2187 602 2244 sed
626 2189 691 2260 qula
709 2205 765 2245 non
782 2189 870 2262 diligit
920 2190 996 2245 viare
1011 2188 1132 2254 Christo,
1149 2188 1196 2259 qui
1221 2185 1372 2243 Christiani
1390 2200 1445 2240 non
1472 2193 1546 2240 sunt.
1563 2173 1722 2253 Lampades'

69 2271 187 2328 Domini
197 2273 354 2330 adventum.
370 2275 443 2331 Nihil
453 2279 526 2332 enim
537 2277 652 2335 interest
667 2280 741 2350 quod
752 2279 820 2335 lorte
831 2280 870 2334 ita
920 2290 985 2337 sunt
996 2296 1081 2352 opera
1094 2294 1143 2352 per
1159 2277 1358 2334 continentiam
1374 2275 1476 2333 lucida.
1495 2275 1617 2346 Quinque
1633 2273 1718 2343 [otone

68 2366 236 2424 differenter
247 2370 405 2441 opinantur,
427 2373 475 2442 qui
496 2372 742 2431 manifestationem
761 2372 870 2428 Domini
897 2443 901 2452 ‚
919 2391 972 2428 aon
985 2381 1154 2443 sumpserunt
1166 2373 1263 2436 oleum,
1280 2371 1307 2426 id
1323 2378 1365 2426 est
1379 2368 1519 2441 gaudium,
1536 2367 1589 2423 nisi
1615 2367 1642 2420 in
1658 2367 1723 2420 lau-¹

68 2461 202 2517 sitienter
215 2463 384 2528 desiderant,
401 2464 546 2535 vigilanter
562 2472 732 2538 exspectant,
753 2465 870 2522 fideliter
919 2467 1000 2522 dlhus
1014 2464 1165 2521 hominum.
1178 2463 1237 2518 Non
1252 2461 1426 2534 ergohabent
1437 2461 1538 2526 oleum,
1554 2458 1635 2516 idest
1648 2458 1718 2514 laeti-

67 2563 178 2610 amant.
198 2554 277 2612 linus
290 2556 367 2622 dicit,
382 2558 527 2630 vigilemus
536 2566 564 2613 et
578 2575 698 2624 oremus,
709 2559 773 2631 quia
787 2558 869 2614 citius
920 2559 985 2611 tiam
997 2558 1031 2613 de
1040 2573 1094 2628 qua
1103 2556 1219 2612 dicitur:
1235 2553 1316 2609 Uirrit
1329 2563 1353 2608 te
1367 2553 1436 2608 Dens
1446 2552 1517 2608 Deus
1530 2562 1590 2607 tuus
1603 2551 1658 2606 oleo
1667 2550 1717 2606 lte-

67 2651 211 2703 venturus
219 2653 263 2703 est
276 2647 419 2714 Dominus,
434 2649 505 2707 alter
518 2650 595 2718 dicit,
610 2651 753 2723 vigilemus
772 2659 869 2706 ctore-
920 2649 988 2704 titire
1000 2649 1087 2720 (Psoi.
1112 2647 1195 2722 xciv).
1210 2646 1325 2702 invasis
1341 2645 1410 2712 suis,
1427 2645 1510 2702 idest
1532 2645 1560 2701 in
1572 2644 1700 2701 cordibus
1708 2636 1721 2712 ;¹

67 2753 148 2804 mus,
169 2739 236 2810 quia
249 2739 341 2796 brevis
358 2747 385 2796 et
402 2741 506 2797 incerta
522 2749 564 2798 est
584 2743 650 2808 vita,
670 2743 797 2815 quamvis
812 2751 869 2798 tar·
920 2741 984 2796 hinc
999 2739 1163 2812 Apostolus:
1175 2738 1273 2794 Probet
1288 2755 1315 2794 se
1328 2739 1415 2802 tronto,
1426 2745 1450 2792 et
1467 2746 1529 2792 tuac
1543 2740 1570 2792 ia
1580 2738 1718 2807 semetipso

66 2830 136 2888 dius
148 2841 285 2891 venturus
303 2834 339 2891 sit
357 2833 500 2891 Dominus.
516 2834 625 2892 Tertius
636 2837 711 2900 dicit,
727 2837 869 2908 vigilemus
919 2830 1023 2888 habehit
1032 2834 1186 2904 gloriamsi
1194 2849 1246 2887 noa
1255 2834 1282 2886 in
1290 2831 1373 2886 attero
1383 2829 1454 2904 (Gal.
1462 2827 1563 2903 rullei
1571 2845 1619 2901 per
1627 2829 1718 2885 oleum

66 2931 97 2978 et
116 2937 247 2990 oremus;
261 2924 326 2996 quia
340 2931 368 2980 ει
380 2924 472 2981 brevis
487 2933 514 2980 et
525 2925 627 2981 incerta
639 2937 681 2983 est
691 2926 758 2991 vita,
777 2934 805 2983 et
818 2942 869 2983 ne·
919 2924 1029 2981 ridetur
1038 2925 1159 2982 charitas
1174 2925 1336 2998 significari:
1355 2933 1467 2998 propter
1481 2924 1533 2979 hoe
1547 2923 1620 2994 quod
1642 2922 1718 2993 Apo·

66 3015 181 3072 scimus
192 3022 301 3089 tempus
316 3017 426 3088 quando
437 3025 571 3073 venturus
586 3027 628 3074 est
640 3016 783 3074 Dominus.
921 3017 1009 3074 stolus
1018 3017 1085 3073 dicit
1094 3018 1128 3073 de
1139 3017 1288 3073 charitate:
1299 3015 1329 3073 Si
1339 3016 1434 3088 linguis
1443 3015 1577 3070 hominum
1589 3014 1719 3086 loquerer

341 3129 455 3186 cgpnn
469 3129 605 3186 fflpffl·
921 3108 1085 3180 angelornm,
1095 3108 1252 3164 charitatem
1266 3117 1354 3162 ortem
1366 3125 1417 3162 non
1426 3107 1547 3172 habeam,
1559 3107 1646 3177 foetur
1659 3123 1718 3162 sara

502 3241 548 3291 253
922 3202 991 3257 aelst
1002 3219 1038 3258 ces
1052 3220 1150 3258 sonans
1165 3209 1211 3256 nst
1230 3199 1379 3273 cymhalum
1394 3200 1506 3254 tirinicns
1528 3198 1554 3270 (l
1568 3199 1630 3254 Cor.
1643 3200 1716 3272 xrrr).

403 3259 446 3348 Μ
455 3311 468 3336 ·
517 3320 532 3354 x
921 3293 1055 3352 Omnibus
1064 3295 1225 3350 humoribus
1235 3293 1419 3364 supereminet
1431 3293 1531 3356 oleum,
1542 3291 1614 3346 sicut
1622 3307 1719 3363 super·

105 3386 698 3461 Tenerimiieeritregnameorloramdecem
715 3387 869 3460 uirginibus,
921 3389 1045 3446 eminens
1060 3389 1104 3444 ria
1132 3396 1175 3445 est
1197 3385 1319 3442 charitas
1347 3384 1524 3458 perveniendi
1548 3382 1582 3438 ad
1606 3386 1716 3440 cmlum.

64 3501 131 3554 (με
157 3483 314 3554 accipientes
350 3483 486 3555 tampades
517 3501 590 3553 suos,
619 3485 740 3541 talanat
768 3483 871 3540 ohaiom
920 3479 1053 3537 litteram
1065 3483 1106 3538 sie
1123 3483 1197 3553 lege:
1212 3479 1295 3546 Tana,
1312 3479 1417 3536 scillcet
1434 3477 1463 3534 in
1475 3477 1529 3533 line
1541 3477 1637 3532 rnundl
1653 3483 1680 3532 et
1691 3476 1719 3532 in

65 3594 171 3646 sponso
184 3586 211 3632 ιι
225 3592 338 3646 monam.
922 3576 990 3631 bora
1002 3575 1105 3647 ignote,
1117 3574 1204 3629 simile
1215 3573 1265 3628 erit
1285 3589 1392 3644 regnum
1405 3573 1540 3637 coeloram,
1556 3570 1584 3628 id
1597 3577 1640 3627 cst
1667 3570 1720 3625 Ec·

107 3668 255 3743 [illesum]
279 3669 357 3726 llane
370 3671 527 3741 parabolam
542 3670 654 3742 quidam
670 3672 832 3743 simpliciter
842 3674 871 3729 ln
921 3667 1012 3723 clesiae
1023 3665 1248 3736 llllustemporis,
1260 3664 1348 3720 decena
1360 3665 1515 3736 uirginitas,
1531 3663 1610 3720 idest
1629 3663 1718 3719 ecele-

64 3762 232 3833 rirgiuibus
245 3763 393 3834 accipiunt,
411 3779 527 3835 quarum
541 3764 601 3819 aliae
613 3779 728 3835 corpore
740 3773 768 3822 et
781 3775 873 3824 mente
923 3758 1054 3824 siasticis,
1068 3774 1082 3812 a
1096 3757 1246 3829 primordio
1258 3755 1488 3828 Ecclesiaejusque
1504 3757 1537 3812 ad
1553 3756 1633 3810 inem
1646 3755 1717 3825 ejus.

66 3855 199 3925 virgines
214 3862 290 3920 sunt,
306 3857 367 3911 aliae
383 3863 488 3912 tantum
503 3871 628 3927 corpore,
653 3859 711 3913 sive
729 3874 785 3913 non
803 3859 872 3916 bene
925 3850 1049 3924 [iissre]
1068 3849 1229 3907 Geminatus
1243 3849 1388 3920 quinarius
1400 3847 1466 3904 iacit
1486 3848 1639 3912 denarium,
1653 3847 1719 3919 qiua

65 3957 236 4018 operantes,
257 3949 314 4004 sire
334 3948 460 4004 custodia
474 3957 583 4020 patrum
599 3956 723 4012 serratae,
743 3960 770 4006 et
782 3959 874 4006 mente
922 3958 955 4000 er
971 3950 1089 4014 utroque
1106 3957 1174 3998 seru
1197 3941 1337 4012 colligitur
1357 3938 1505 3995 multitudo
1519 3938 1649 3994 fidelium.
1667 3937 1720 3993 lle-

64 4047 180 4112 nuptae.
198 4038 286 4112 llagis
306 4048 397 4096 autem
412 4040 471 4096 haec
484 4042 654 4112 comparatio
668 4042 777 4098 ridetur
790 4043 874 4114 perti·
924 4036 1015 4106 ceptio
1035 4034 1204 4106 lampadum,
1232 4033 1355 4090 ostensio
1369 4040 1412 4088 est
1433 4033 1569 4088 bonorum
1592 4047 1718 4102 operum,

64 4147 143 4188 nere
163 4132 200 4188 ad
219 4133 370 4189 humanum
384 4149 481 4205 genus,
497 4133 653 4190 consistens
665 4135 694 4191 ln
708 4135 874 4192 Ecclesiam
923 4129 1025 4200 qulbus
1043 4143 1120 4200 reque
1148 4127 1334 4199 superstitiosi
1358 4131 1389 4181 ut
1411 4140 1475 4181 rere
1493 4123 1625 4195 religiosi,
1646 4124 1720 4177 aesti-

66 4224 236 4297 Synagoga,
247 4225 319 4282 sicut
332 4225 459 4296 superius
469 4225 522 4280 duo
536 4227 566 4280 in
575 4242 650 4297 agro,
663 4225 725 4282 dne
737 4227 872 4294 meantes,
923 4208 1034 4274 mantus
1048 4233 1196 4274 occurrere
1208 4233 1311 4289 sponso
1326 4224 1353 4273 et
1369 4231 1487 4287 sponsae,
1508 4215 1534 4270 id
1559 4222 1601 4270 est
1610 4212 1720 4268 Clulstn

64 4317 129 4372 dero
143 4318 173 4372 ia
189 4317 266 4381 beto,
282 4317 475 4389 signilicabant
496 4333 593 4375 omnes
606 4319 808 4377 ecclesiasticos
818 4331 874 4377 mun
924 4309 1092 4367 elEcclesiae
1106 4310 1134 4365 in
1148 4311 1219 4365 coelo
1227 4311 1284 4380 iam
1296 4315 1443 4365 coronatas.
1463 4303 1631 4380 [Hilarius]
1646 4303 1721 4372 Quo-

62 4409 178 4476 justos,
192 4423 275 4480 quam
289 4409 407 4478 injustos
422 4420 449 4465 ει
458 4407 576 4468 iudaeos.
589 4408 763 4480 Quilldeirco
779 4426 875 4468 omnes
923 4403 992 4460 tidie
1014 4403 1110 4461 officiis
1146 4404 1230 4474 hujus
1261 4403 1324 4459 ultae
1356 4417 1543 4474 praeparamur
1574 4414 1721 4456 occurrere

65 4499 201 4571 uirgines
222 4499 406 4580 appellantur,
423 4499 489 4571 quia
513 4498 597 4555 unius
613 4497 662 4555 Dei
679 4500 803 4555 notitiam
825 4501 875 4556 ha·
925 4498 954 4553 in
965 4497 1177 4563 resurrectione,
1189 4505 1329 4568 quaesta
1344 4495 1472 4552 mortuis.
1488 4493 1538 4550 l'el
1553 4509 1682 4564 sponsum
1693 4500 1720 4548 et

63 4595 154 4656 luent,
183 4607 236 4648 nee
259 4606 337 4649 meus
365 4607 461 4648 eorum
487 4591 643 4648 idololatria
668 4599 873 4664 constupratur.
891 4603 1056 4662 pspnnsam
1068 4590 1188 4664 intellige
1201 4589 1287 4646 Deum
1302 4590 1331 4645 in
1343 4589 1465 4654 homine,
1483 4588 1634 4646 secundum
1650 4595 1721 4644 tem-

64 4683 176 4740 (ileum
192 4681 397 4739 autemhabent
411 4690 541 4740 ornantes
554 4681 636 4738 lidem
649 4682 797 4754 operibus;
813 4683 874 4739 oleo
924 4699 977 4755 pus
997 4700 1053 4755 quo
1073 4684 1232 4756 parabolam
1252 4683 1321 4740 dixi.
1345 4681 1414 4744 llam
1442 4689 1473 4737 ut
1505 4682 1619 4753 spiritus
1643 4681 1720 4736 carni

64 4780 186 4836 carent,
210 4789 266 4829 non
288 4783 430 4830 ornantes.
449 4772 601 4830 Possumus
616 4775 738 4846 quinque
756 4775 875 4846 virgines
926 4793 1056 4848 sponsus,
1070 4777 1107 4832 ita
1119 4776 1228 4848 spiritui
1242 4792 1308 4832 caro
1327 4791 1430 4847 sponsa
1444 4782 1497 4832 est.
1517 4775 1641 4848 Denique
1654 4776 1721 4830 tuba

63 4867 202 4940 quinque
215 4881 316 4932 sensus
329 4865 512 4937 interpretari,
521 4867 622 4937 quibus
636 4866 683 4921 alii
698 4866 830 4922 festinant
840 4865 875 4921 ad
924 4869 1064 4923 excitante
1079 4868 1188 4924 obviam
1205 4884 1307 4939 sponso
1318 4877 1424 4924 tantum
1436 4867 1574 4940 proditur,
1590 4867 1719 4938 quiajam

64 4958 217 5016 coelestia:
227 4957 274 5012 alii
284 4957 523 5016 terrenislaecibus
533 4957 808 5023 inhiantes,lomenta
819 4974 875 5014 non
925 4958 1085 5029 ingloriam
1101 4958 1271 5029 spiritualem
1292 4960 1434 5017 humilitas
1447 4960 1541 5016 carnis
1558 4959 1677 5016 excessit
1692 4958 1720 5013 in

63 5049 181 5105 habent
207 5049 342 5111 veritatis,
363 5047 464 5120 quibus
484 5065 533 5106 sua
548 5049 633 5115 eorda
654 5049 817 5106 illuminent.
837 5048 876 5105 De
926 5049 1039 5118 Christo

62 5141 150 5204 risu,
165 5138 274 5204 auditu,
286 5147 313 5197 ει
321 5148 396 5199 tectu
414 5141 592 5213 spiritualiter
609 5141 782 5208 dictumest:
798 5141 875 5210 Quod
962 5144 1083 5216 Quinque
1097 5153 1185 5200 auam
1199 5161 1232 5200 ea
1245 5145 1284 5201 eir
1298 5156 1375 5202 oront
1386 5146 1480 5218 fatue,
1495 5152 1521 5200 ει
1531 5144 1644 5215 quinque
1654 5157 1720 5212 pru·

63 5232 205 5297 uidimus,
226 5231 297 5305 quod
317 5232 479 5300 audiuimus,
504 5233 574 5306 qood
591 5235 675 5290 oeulis
695 5237 793 5291 nostris
816 5252 876 5306 per·
925 5234 1026 5290 dentes.
1044 5233 1096 5290 Sed
1110 5237 1223 5307 quingen
1236 5236 1330 5306 fatue,
1351 5236 1464 5306 acceptia
1478 5231 1720 5302 lornpodiius,aon

63 5329 226 5398 spesimsn
242 5336 269 5382 ει
287 5343 382 5384 monas
396 5336 495 5383 nostre
509 5329 682 5398 palpaverunt
698 5327 726 5402 (l
742 5328 824 5385 ioan.
840 5330 873 5402 r).
926 5337 1092 5382 senmurum
1107 5328 1195 5382 oleum
1210 5345 1308 5384 serum.
1322 5328 1467 5383 Prudenter
1486 5345 1546 5383 uero
1566 5336 1721 5397 occeperunt

62 5421 113 5477 De
129 5427 229 5490 gustu:
245 5417 356 5475 Gustata
368 5429 395 5477 et
408 5420 492 5476 ridete
504 5423 630 5493 quoniam
649 5423 739 5478 tanais
754 5431 794 5478 eet
820 5422 876 5477 Do·
926 5419 1012 5474 oleum
1023 5436 1050 5474 ιιι
1060 5436 1129 5474 nossa
1141 5420 1197 5475 sair
1207 5437 1266 5474 cans
1277 5419 1452 5488 lampadibus.

62 5512 166 5566 minas
185 5508 274 5583 (Psoi.
297 5511 408 5584 nrm).
429 5511 470 5570 De
491 5512 624 5570 odoratu:
646 5513 680 5569 la
696 5514 802 5569 odorem
824 5531 876 5570 an·
963 5509 1108 5584 [cnecon]
1135 5507 1236 5566 Sancta
1260 5508 1384 5566 Ecclesia
1416 5510 1537 5580 virgines
1571 5508 1721 5582 prudentes

61 5611 354 5679 guarmatinorum
367 5605 500 5662 currimns
529 5603 626 5676 (Contt
639 5604 876 5678 rr)l;[et:iihristl
926 5605 1081 5676 habet,pro
1095 5603 1151 5661 Deo
1163 5604 1408 5676 beneoperantes;
1421 5602 1512 5659 latuas
1525 5602 1657 5676 uirgines,
1670 5617 1722 5674 pro

62 5699 161 5752 hones
171 5693 241 5752 odor
253 5713 346 5753 sunus
360 5693 405 5766 (ll
420 5695 482 5754 Gor.
495 5697 537 5771 n).
552 5696 722 5772 Augustinus
735 5697 770 5756 de
783 5698 875 5759 serbis
926 5695 1091 5767 ranaglorla
1102 5696 1269 5753 laborantes.
1284 5693 1380 5752 Oleum
1393 5703 1436 5753 est
1446 5695 1520 5750 nitur
1531 5695 1634 5767 glorian.
1650 5691 1720 5750 lasa

62 5789 204 5846 Domini:
238 5808 248 5840 r
274 5788 344 5844 'lota
369 5788 501 5855 Ecclesia,
527 5806 587 5862 quae
610 5797 719 5847 constat
735 5806 768 5846 ex
790 5789 874 5864 virgi·
926 5795 991 5846 sunt
1006 5788 1089 5844 eorda
1102 5797 1205 5846 nostra.
1219 5787 1322 5847 Paulus
1333 5789 1389 5845 ait:
1405 5789 1497 5845 Glorio
1509 5801 1601 5845 nostro
1613 5787 1666 5842 'true
1681 5796 1720 5842 ιιι

62 5885 172 5951 nibus,
192 5885 297 5958 pueris,
323 5881 468 5951 rrrarilatis,
493 5883 612 5948 leminis,
638 5884 780 5955 uxoratis,¹
798 5883 873 5952 siris,
928 5883 1106 5939 testiinonium
1122 5883 1287 5939 conscientiae
1307 5891 1404 5939 nostine
1425 5881 1469 5946 ill
1485 5881 1546 5940 (lor.
1574 5881 1604 5954 ι).
1623 5877 1720 5936 Fatua
