3967 6334
103 431 142 493 tt
582 443 616 504 m
635 445 735 506 unun
754 449 799 506 ux
819 449 986 520 ousruon
1009 455 1110 514 urnnn
1129 458 1271 518 narnus.
1715 459 1753 530 te

105 550 168 604 sisti
180 551 272 608 lesam
285 553 421 616 constan
437 560 529 634 (loon.
558 568 639 640 xvir).
656 567 735 636 Quod
759 572 842 626 etiarn
857 573 907 628 do·
920 577 945 633 A
1001 574 1036 630 Et
1052 594 1104 631 non
1114 587 1174 633 erot
1183 580 1240 634 illis
1251 580 1336 649 plina,
1348 596 1378 635 en
1388 582 1459 652 qnod
1469 591 1537 638 erret
1550 579 1685 638 Elisabeth
1698 596 1749 641 ste·

103 655 172 695 num
181 641 301 714 Spiritus
315 652 457 722 sapientiae
470 654 526 712 dici
540 659 620 714 solet.
956 665 1015 721 rilis
1025 676 1050 722 et
1062 670 1139 723 ambo
1154 670 1343 740 processissent
1352 671 1479 727 indicina
1491 675 1555 729 ania.

141 730 177 786 lit
189 733 237 788 lna
252 737 279 791 in
294 741 406 798 tenebris
420 745 499 801 locet.
991 755 1099 833 [liene]
1109 760 1245 819 [livinitus
1263 769 1306 818 est
1316 771 1505 835 procuratum,
1527 773 1558 821 ut
1574 765 1609 822 de
1632 781 1751 837 provec-

142 821 201 879 lloc
216 831 326 892 est,uhi
337 833 420 890 etiam
441 837 500 909 ipsa
517 853 573 894 non
590 840 701 897 ridetur
715 859 766 900 nec
786 845 904 902 adverti·
952 847 1001 912 tis,
1014 850 1117 921 diuque
1129 849 1219 908 lructu
1234 854 1355 925 conjugii
1367 855 1494 925 privatis,
1512 854 1634 914 ioannes
1648 873 1745 912 nasce·

102 917 151 967 tur
161 915 197 970 ab
209 917 263 982 his,
277 923 324 992 qui
346 926 425 995 quasi
450 929 516 984 caeci
540 930 592 986 sub
607 933 665 990 sole
689 944 811 992 manent.
836 939 901 1004 Quis
953 945 1040 1003 retur,
1055 948 1230 1012 quatennset
1247 943 1350 998 donum
1372 944 1419 1000 Dei
1433 947 1539 1014 gratius
1552 954 1626 1003 esset
1640 948 1691 1012 eis,
1717 956 1745 1003 et

101 1005 174 1058 enim
185 1009 255 1064 nooit
269 1029 376 1069 aenaont
390 1016 516 1077 liomini?
528 1020 614 1092 (Rom.
628 1022 660 1096 τ.)
684 1025 736 1081 hoc
756 1035 809 1092 εει,
824 1047 857 1085 ετ
872 1046 901 1087 εε
951 1031 1059 1088 caeteris
1077 1033 1203 1089 miraculi
1226 1043 1333 1105 stupor,
1351 1035 1472 1092 futurum
1490 1039 1649 1106 proobctam
1670 1039 1744 1095 desi·

102 1097 249 1167 percipere
262 1101 363 1159 sufficit
374 1109 506 1176 rationes,
531 1128 600 1183 quas
611 1113 685 1172 Deus
696 1116 778 1174 babet
798 1120 826 1175 in
841 1137 900 1176 om·
950 1131 1055 1192 guarel.

101 1185 186 1244 nibus
200 1191 353 1250 condendis
374 1213 423 1253 seu
445 1199 639 1273 disponendis?
656 1203 734 1262 Unde
753 1215 781 1264 et
804 1211 899 1265 subdi·
985 1212 1149 1270 Fectomest
1163 1225 1252 1271 entem
1270 1233 1330 1272 eom
1348 1219 1495 1275 sacerdotio
1520 1224 1673 1293 fungeretur
1688 1219 1742 1276 Za·

100 1283 165 1336 tur:
356 1367 362 1378 .
949 1304 1055 1359 eborini
1065 1306 1092 1360 in
1102 1306 1195 1363 ordine
1204 1309 1267 1362 uicis
1282 1315 1347 1375 sne,
1362 1319 1422 1365 onte
1433 1311 1516 1366 Deum
1527 1312 1741 1368 secundumcon-

136 1369 173 1424 Et
185 1373 298 1430 tenebre
316 1395 375 1432 eam
388 1395 440 1436 non
451 1384 713 1453 comprehenderunt.
947 1395 1113 1451 suetudinem
1124 1398 1281 1465 sacerdotia,
1294 1400 1362 1469 sorte
1378 1403 1444 1457 exiit
1459 1413 1489 1456 ot
1501 1405 1635 1458 incensum
1657 1420 1740 1474 pone·

136 1459 249 1538 [Arrun]
267 1466 307 1523 llli
322 1469 461 1538 videlicet,
485 1475 532 1545 qui
552 1479 675 1534 nondum
693 1497 741 1552 per
755 1495 814 1536 eam
832 1490 896 1538 sunt
947 1493 996 1548 ret,
1009 1486 1144 1556 ingressos
1156 1489 1184 1543 in
1199 1488 1324 1559 templum
1335 1490 1453 1558 Domini,
1463 1503 1488 1549 et
1499 1495 1584 1548 omnis
1595 1493 1738 1550 multitude

98 1552 257 1623 illuminati,
270 1574 331 1615 eam
360 1565 501 1636 percipere
512 1569 667 1626 nullatenus
683 1573 783 1631 valent.
808 1573 897 1632 Tene·
945 1576 1036 1646 pepuli
1045 1586 1103 1631 erat
1114 1595 1194 1634 orans
1206 1580 1272 1650 soris
1288 1581 1471 1640 lornineenai.

100 1640 167 1697 bras
177 1645 261 1700 etiarn
276 1649 360 1705 uitam
383 1659 469 1709 totam
488 1665 650 1727 praesentem
674 1669 750 1715 entra
773 1662 894 1718 suturam
980 1666 1049 1723 Cum
1064 1683 1098 1722 ex
1111 1679 1247 1742 praecepto
1258 1670 1344 1745 lloysi
1358 1690 1414 1729 uno
1426 1675 1567 1732 sacerdote
1577 1673 1735 1742 decedente,

96 1729 145 1788 Dei
165 1735 299 1794 visionem
315 1746 530 1816 comparatione,
542 1749 723 1826 illiuslutorae
747 1754 892 1820 claritatis,
944 1773 1017 1814 unus
1031 1759 1180 1816 succedere
1189 1762 1329 1830 iubeatur,
1353 1773 1475 1836 tempore
1493 1765 1580 1822 itarid
1604 1775 1737 1824 statutum

98 1821 254 1896 intelligere
268 1843 428 1898 possumus.
456 1834 542 1893 Lucet
568 1839 660 1910 itaque
684 1843 818 1913 sapientia
843 1844 892 1902 liei
943 1857 1027 1905 estut
1041 1851 1163 1908 vicissim
1175 1855 1365 1912 ministrantes
1376 1873 1425 1928 per
1437 1859 1628 1925 octonosdies,
1639 1875 1655 1914 a
1667 1858 1737 1914 Sab-

94 1915 178 1970 etiam
194 1917 224 1972 in
248 1918 300 1976 bac
313 1923 379 2002 vita,
395 1927 442 1982 sed
457 1928 503 1984 lux
518 1930 579 2000 ejus
593 1934 714 1992 tenebris
730 1935 891 2008 ignorantiae
907 1922 928 1980 Β
943 1937 1007 1993 bato
1021 1955 1110 2010 usque
1124 1940 1159 1996 ad
1175 1941 1324 1998 Sabbatum
1337 1947 1537 2016 temporericis
1552 1963 1619 2013 suae,
1634 1947 1736 2018 singuli

94 2013 263 2064 nostraenon
280 2023 409 2082 apparet;
426 2019 490 2087 quia
504 2026 560 2074 tam
579 2023 718 2092 sapienter
732 2039 747 2080 a
761 2025 816 2082 Deo
831 2043 891 2083 om·
942 2030 1113 2086 castimonie
1135 2032 1287 2102 studerent,
1317 2051 1368 2092 nec
1390 2037 1496 2093 interea
1521 2039 1632 2094 domum
1655 2055 1735 2094 suam

93 2096 140 2150 nia
152 2099 265 2155 condita
278 2111 341 2159 sunt
355 2121 405 2162 seu
419 2108 563 2181 disposita,
580 2125 609 2168 ut
619 2115 647 2168 in
661 2115 826 2187 seipsisJam
841 2119 890 2176 ha·
941 2125 1095 2190 tangerent.
1122 2121 1273 2180 Zacharias
1294 2133 1369 2182 sorte
1392 2128 1488 2199 exigit,
1510 2143 1566 2184 non
1579 2144 1661 2195 nora,
1686 2131 1734 2188 sed

93 2185 190 2253 beant,
208 2191 280 2246 unde
289 2194 358 2249 lranc
368 2197 402 2251 dc
414 2214 444 2254 se
456 2200 887 2278 cognitionempraeberequeant,
940 2211 1042 2280 prisca,
1056 2213 1100 2268 illa
1116 2215 1242 2271 videlicet
1256 2233 1310 2288 qua
1322 2221 1457 2275 successit
1467 2220 1563 2277 invice
1575 2221 1654 2287 Abia,
1670 2236 1733 2280 corn

92 2287 155 2348 quie
168 2278 268 2338 iuturae
280 2283 441 2343 beatitudini
464 2292 631 2348 reservanda
652 2303 704 2352 est.
720 2295 755 2351 At
770 2313 836 2354 vero
857 2307 888 2355 ut
939 2304 1031 2373 primo
1055 2304 1088 2360 ad
1103 2307 1293 2378 pontificatum
1315 2310 1467 2367 accederet.
1493 2311 1558 2368 llaec
1572 2312 1732 2369 solemnitas

90 2372 213 2429 tenemae
238 2375 461 2437 illuminarentur
474 2397 489 2437 a
501 2384 573 2450 luce,
585 2385 688 2444 missus
709 2398 750 2445 est
767 2387 887 2448 loannes
939 2393 1045 2450 decima
1059 2395 1104 2451 die
1116 2398 1226 2468 septimi
1241 2400 1345 2455 mensis
1359 2413 1375 2453 a
1389 2400 1512 2470 paschali
1524 2417 1627 2466 mense,
1648 2417 1732 2473 quam

90 2463 280 2521 testimonium
300 2471 446 2539 perbibere
464 2476 583 2534 veritati.
599 2476 713 2537 loannis
734 2481 818 2554 igitur
837 2499 887 2541 no·
937 2481 1010 2539 diem
1023 2486 1189 2557 expiationis
1198 2487 1256 2543 sive
1266 2490 1470 2559 propitiationis
1487 2502 1597 2556 vocant,
1609 2492 1732 2548 celebra·

91 2551 193 2616 bilitas.
205 2573 261 2613 non
277 2560 366 2617 solum
380 2567 575 2634 aparentibus,
586 2569 727 2626 sedetiam
749 2587 765 2627 a
786 2589 885 2646 proge-
936 2583 993 2641 tur,
1003 2577 1113 2648 quando
1123 2579 1200 2634 solus
1211 2579 1335 2650 pontifex
1345 2579 1477 2637 introibat
1486 2582 1514 2637 in
1526 2584 1677 2640 mcundum
1688 2589 1731 2639 ta·

90 2645 229 2705 nitoribus
251 2661 437 2725 monstratur;
455 2673 511 2714 non
532 2649 656 2716 s'aeculari
677 2671 812 2734 potestate
838 2684 885 2724 su·
936 2665 1116 2722 bernacutun
1130 2684 1194 2723 eum
1207 2670 1349 2740 sanguine.
1365 2668 1730 2744 lnquosignilicaturiesue

89 2733 191 2804 blimis‚
207 2741 255 2796 sed
273 2743 416 2814 religione,
439 2757 468 2803 ut
481 2751 561 2820 quasi
574 2751 746 2810 hereditario
764 2757 828 2827 jure
842 2758 884 2813 in·
936 2758 1077 2823 sacerdos,
1096 2760 1154 2830 qui,
1177 2760 1288 2830 impleta
1312 2761 1519 2832 dispensatione
1541 2763 1645 2829 carnis,
1664 2765 1728 2820 eoeli
1770 2775 1775 2783 ·

89 2825 178 2884 lusam
198 2831 253 2887 sibi
265 2833 345 2890 lldem
360 2837 495 2896 adventus
507 2839 610 2898 Christi
625 2844 797 2914 praedicaret.

403 2970 519 3028 CAPUT
538 2973 569 3030 ll.

935 2857 1041 2904 secreta
1056 2851 1150 2916 subiit,
1166 2859 1195 2906 ut
1216 2853 1366 2923 propitium
1387 2855 1468 2911 nobis
1481 2853 1583 2911 laceret
1605 2855 1724 2918 latretur.

933 2950 961 2997 ει
972 2943 1158 3015 interpellaret
1167 2960 1218 3014 pro
1239 2947 1360 3016 peccatis
1387 2963 1483 3004 eorum
1510 2949 1557 3020 qni
1570 2949 1659 3005 adbuc
1676 2965 1728 3021 pro

933 3032 1040 3090 loribus
1064 3043 1175 3092 orantes
1193 3045 1363 3108 exspectant,
1385 3047 1413 3094 et
1436 3039 1554 3110 diligunt
1577 3041 1726 3096 adrentum

123 3093 189 3152 enti
204 3101 232 3154 in
249 3101 341 3160 diebos
357 3104 472 3163 lierotiia
486 3111 555 3180 regis
578 3109 657 3166 tote
681 3114 804 3170 sacerdos
819 3118 878 3186 qni·

85 3187 148 3243 dnm
161 3193 266 3247 nomine
281 3193 440 3265 Zacharias,
460 3199 640 3268 deoieeAdie,
652 3213 677 3258 et
701 3221 771 3260 neor
788 3206 830 3261 illi
848 3208 880 3264 de

85 3281 194 3347 filiabus
207 3282 346 3353 deremet
361 3306 455 3346 nomen
469 3291 526 3362 ejus
540 3291 686 3352 Elisabeth.

120 3371 366 3449 [bertillonem
379 3382 499 3455 dignitas
520 3384 613 3441 Aaron
637 3387 718 3458 primi
741 3391 879 3460 pontilicis

83 3463 111 3517 ln
125 3463 202 3537 lege;
218 3466 253 3523 de
265 3469 335 3536 Abit
349 3489 416 3529 vero
431 3474 529 3545 paucis
556 3477 691 3535 dicamus.
706 3481 773 3536 Abia
798 3481 879 3538 lami-

82 3553 146 3611 liam
156 3558 192 3614 de
206 3576 260 3630 qrra
276 3562 426 3622 Zacharias
441 3575 519 3624 ortus
529 3577 582 3634 est,
600 3585 660 3628 sors
673 3580 771 3629 octava
788 3577 877 3630 conti-

81 3649 131 3718 git,
141 3665 206 3705 cum
217 3650 303 3710 liavid
314 3656 417 3713 cultum
428 3657 527 3716 domus
545 3660 594 3718 Dei
605 3663 758 3735 ampliaret,
779 3667 871 3724 minis·

78 3740 150 3795 teria
166 3745 341 3802 sacerdotum
356 3749 385 3805 in
398 3750 495 3824 viginti
518 3764 636 3825 quatuor
658 3758 779 3815 sortibus
805 3759 876 3815 diri-

79 3834 148 3892 dens
171 3835 199 3910 (l
210 3837 276 3896 Par.
290 3857 375 3900 ττττι.
397 3843 465 3916 Apte
477 3847 569 3919 itaque
589 3864 680 3918 praeco
700 3849 768 3906 Novi
783 3851 876 3908 Testa·

932 3124 1002 3192 eius.
1023 3124 1141 3182 Pulcbre
1164 3126 1249 3197 igitur
1260 3143 1294 3182 ea
1305 3128 1350 3183 die
1369 3128 1515 3185 descensio
1528 3128 1589 3198 ejus
1606 3145 1655 3201 per
1674 3145 1724 3184 an·

932 3215 1022 3284 gelum
1037 3218 1190 3281 nuntiatur,
1207 3233 1260 3288 qua
1272 3217 1333 3288 ejus
1343 3234 1393 3290 per
1411 3220 1497 3290 legem
1520 3222 1647 3277 ascensio
1656 3221 1725 3292 llgu·

893 3274 916 3336 C
931 3307 1056 3373 rabutor‚
1071 3309 1135 3379 quia
1149 3311 1195 3380 qni
1214 3309 1359 3376 descendit,
1373 3312 1427 3379 ipae
1440 3321 1479 3366 est
1500 3321 1525 3367 et
1548 3316 1594 3384 qni
1606 3312 1725 3368 aseendit

930 3395 1040 3467 (Eplna.
1052 3402 1102 3457 rvi.
1125 3399 1198 3456 lida
1214 3401 1242 3456 in
1265 3409 1386 3458 tractatu
1400 3403 1434 3458 de
1457 3404 1591 3460 electione
1603 3404 1724 3460 llattbiae

928 3489 1059 3560 apostoli:
1073 3509 1082 3541 ι
1095 3489 1225 3546 Summus
1234 3497 1364 3549 sacerdos
1377 3503 1452 3550 sorte
1464 3495 1549 3564 quari
1561 3494 1721 3564 jubebatur,

927 3584 958 3631 ut
971 3593 1066 3633 rerum
1077 3581 1255 3650 querendum
1267 3581 1353 3638 luisse
1362 3581 1537 3638 Sacerdotem
1546 3582 1720 3654 tiguraretur,

927 3668 1018 3725 donec
1033 3671 1139 3726 reniret
1158 3672 1206 3742 qrri
1221 3689 1267 3744 per
1278 3675 1414 3743 propriam
1428 3676 1583 3746 sanguinem
1601 3677 1721 3732 introivit

926 3758 1006 3813 senrel
1016 3759 1043 3813 in
1059 3769 1166 3827 sancto,
1174 3770 1275 3817 eterne
1297 3761 1476 3834 redemptione
1496 3765 1600 3819 inventa
1622 3763 1717 3837 (Heln,

925 3849 976 3921 rx).
1002 3849 1088 3920 Cujus
1108 3851 1199 3906 bostia
1210 3859 1334 3923 tempore
1359 3852 1473 3910 Pasebae
1488 3854 1645 3924 immolata;
1669 3858 1719 3914 sed

77 3928 165 3981 menti
181 3929 209 3984 in
221 3931 282 3987 rice
291 3935 375 3991 sortis
390 3943 494 3993 octavae
508 3939 642 4004 nascitur,
654 3942 718 4012 quia
738 3957 787 4012 per
797 3952 875 4000 octo·
924 3937 968 3994 die
981 3937 1160 3997 Pesslewsless
1177 3941 1282 4013 Spiritu
1293 3949 1391 3997 ⁸²ss⁰²⁰
1404 3943 1468 4015 58⁰0
1483 3952 1640 4014 iiiilflsslen
1651 3960 1719 4001 0⁰¹1‘

77 4021 199 4087 narium,
215 4023 321 4082 Novem
333 4027 538 4087 Testamentum
552 4041 664 4104 propter
671 4045 874 4094 sacramentum
924 4037 1061 4083 summai&
1075 4037 1127 4086 0⁸2·
1145 4028 1254 4086 Veteris
1267 4029 1343 4086 ellim
1368 4038 1425 4086 elil
1439 4033 1658 4099 0⁰¹¹8¹¹0ludi¹¹isss
1671 4051 1718 4093 ³⁰·

76 4115 303 4181 resurrectionis,
323 4119 395 4175 sicut
410 4136 459 4192 per
472 4123 658 4193 septenarium
673 4133 750 4182 vetus
762 4136 874 4198 propter
923 4124 1018 4188 ceptus
1028 4117 1085 4174 ⁰⁸⁰
1099 4119 1237 4184 victimis,
1249 4121 1354 4176 loelesll
1370 4121 1433 4192 58⁰0
1446 4123 1609 4178 ⁰⁰¹¹⁸¹¹¹¹¹¹¹¹i·
1626 4123 1717 4182 ⁰⁰⁰0ss

76 4199 228 4261 Sabbatum
242 4223 314 4279 saepe
328 4210 498 4283 intelligitur.
922 4228 989 4284 ergo
1011 4214 1113 4272 veritas
1140 4216 1312 4286 impleretur,
1343 4216 1457 4288 figuram
1478 4218 1557 4274 licuit
1579 4222 1713 4278 exerceri.

111 4293 201 4351 Erant
221 4309 310 4354 antem
327 4301 397 4371 justi
421 4304 498 4360 nmio
520 4315 583 4360 ente
603 4305 702 4376 Deum,
724 4310 871 4367 incedentes
925 4305 1000 4363 Unde
1012 4308 1139 4380 estquod
1153 4309 1293 4376 Matthias,
1309 4311 1358 4381 qui
1371 4319 1435 4367 ante
1448 4310 1628 4368 Pentecosten
1639 4313 1716 4370 ordi·

72 4386 101 4439 in
112 4387 234 4444 omnibus
247 4391 382 4449 mandatis
396 4403 422 4450 et
430 4395 671 4468 justificationibus
694 4399 803 4458 Domini
815 4404 871 4459 aine
921 4403 1013 4463 nillil,
1023 4406 1097 4454 ⁵⁰1oe
1106 4399 1254 4469 (luaeiilllrt
1266 4407 1444 4470 septemrero
1456 4400 1576 4466 diaconi,
1590 4402 1640 4472 qui
1656 4405 1715 4473 'po-

71 4481 191 4548 guereto.
920 4497 979 4543 stea
997 4504 1054 4544 non
1077 4497 1162 4554 sorte,
1176 4491 1223 4547 sed
1240 4489 1439 4561 discipulorum
1454 4498 1560 4547 tautum
1580 4494 1714 4552 electione

107 4569 180 4627 Ante
194 4571 280 4629 licum
293 4577 423 4648 quividet
433 4580 461 4635 in
471 4579 554 4638 eorde
566 4589 593 4637 et
607 4597 661 4636 non
674 4581 786 4648 lallitur,
798 4585 866 4655 justi
882 4623 904 4678 D
920 4575 990 4650 (Aet.
1014 4579 1046 4652 ¹),
1071 4581 1260 4652 apostolorum
1285 4596 1350 4637 iero
1365 4582 1490 4639 oratione
1509 4589 1537 4639 el
1549 4599 1648 4641 manus
1660 4585 1713 4641 im·

68 4670 162 4726 erant,
178 4665 228 4720 scd
247 4667 318 4738 apud
333 4669 459 4727 homines
480 4673 656 4744 opprobrium
675 4677 865 4746 sustinebant,
919 4673 1055 4742 positione
1066 4672 1137 4744 (det.
1151 4675 1201 4745 τι).
1221 4695 1230 4727 ι

68 4753 136 4822 qrria
164 4754 210 4810 lex
234 4760 343 4816 steriles
367 4761 518 4818 maledixit.
534 4761 615 4820 Prius
631 4766 864 4838 est‚mandatum,
951 4762 1084 4834 Apparuit
1095 4764 1480 4837 antenattttangelasdomioii
1492 4776 1568 4824 lilii
1584 4769 1710 4826 dimili

66 4842 171 4902 deinde
182 4846 355 4916 justificatio.
371 4850 400 4907 ln
420 4855 558 4912 mandatis
572 4855 681 4912 Domini
700 4858 863 4926 incedimus,
917 4855 1012 4911 allatis
1024 4858 1133 4914 lucenti·

65 4950 132 4990 cum
152 4937 195 4993 eis
210 4939 365 4999 obedimus.
384 4943 453 4999 Cum
472 4961 539 5002 rere
555 4960 677 5018 congrue
695 4947 863 5017 judicamus,
952 4946 1050 5020 [Auen.
1063 4947 1207 5023 -unnp
1223 4947 1319 5021 Angcli
1344 4949 1393 5007 lici
1410 4951 1541 5008 dicuntur
1564 4966 1706 5023 apparere,

62 5025 281 5094 justificationes
294 5031 497 5102 ejustcnemus.
514 5035 598 5093 Plena
611 5038 720 5095 estbaec
732 5039 862 5108 laudatio,
915 5040 979 5110 quia
993 5055 1050 5096 non
1064 5047 1183 5114 possunt
1199 5042 1354 5112 praerideri,
1380 5043 1429 5099 sed
1446 5044 1474 5099 in
1494 5051 1630 5116 potestate
1643 5043 1706 5100 illo-

62 5121 436 5194 quaegcnusinmajorlbus‚
453 5141 544 5184 mores
557 5128 733 5200 inequitare,
745 5131 863 5188 officium
914 5149 976 5188 rum
997 5141 1050 5199 est,
1074 5143 1102 5189 et
1125 5135 1213 5190 rideri
1236 5137 1347 5206 quando
1366 5137 1472 5202 volunt,
1497 5143 1598 5192 elnon
1618 5135 1705 5191 rideri

63 5208 94 5262 in
111 5213 281 5279 sacerdotio,
297 5213 399 5271 iactum
416 5218 445 5272 in
460 5217 601 5284 mandato,
614 5221 747 5292 judicium
760 5222 788 5279 in
803 5224 863 5294 jus-
913 5224 1139 5296 quandonolunt.
1151 5225 1225 5282 Bene
1239 5227 1371 5292 adextris
1381 5227 1477 5282 altaris
1490 5226 1627 5296 apparuit,
1639 5226 1712 5296 paria.

62 5300 226 5364 tibcatione.
246 5308 465 5378 comprehendit.
482 5309 520 5367 De
545 5311 597 5367 boc
614 5315 687 5384 quod
707 5314 791 5382 addit,
805 5317 862 5372 sine
912 5323 940 5372 et
951 5315 1098 5372 adrentum
1112 5317 1169 5372 reri
1180 5318 1344 5384 sacerdotis,
1356 5326 1384 5374 et
1398 5316 1559 5388 mysterium
1573 5316 1704 5371 sacrificii

60 5395 184 5464 querele,
200 5397 238 5452 ait
252 5399 414 5470 Apostolus:
432 5401 601 5460 Providentes
613 5405 680 5462 bono
692 5424 744 5462 non
757 5415 861 5463 tontum
891 5409 1077 5465 ‘universalis
1087 5417 1115 5466 et
1128 5410 1250 5466 coelestis
1272 5409 1337 5467 doni
1357 5408 1489 5481 gaudium
1511 5407 1701 5466 annuntiabat.

61 5503 155 5541 corum
172 5489 240 5555 Dee,
261 5491 497 5550 sedetiomeorem
518 5495 666 5554 horninibus
687 5497 773 5570 (liam¹
797 5501 858 5560 utri.
913 5498 991 5554 Sicut
1005 5501 1077 5556 enim
1093 5516 1142 5572 per
1157 5501 1298 5557 sinistram
1318 5499 1476 5573 praesentia,
1492 5499 1532 5556 sic
1547 5498 1703 5570 perdente·

61 5577 94 5635 Et
108 5579 308 5640 Ecclesiastes:
326 5583 367 5639 Ne
380 5587 428 5651 sia,
446 5588 545 5658 inquit,
561 5589 673 5644 multum
683 5590 775 5661 jostns
797 5590 861 5663 (Ee-
910 5607 967 5647 ram
980 5607 1051 5662 saepe
1061 5591 1134 5647 bona
1143 5592 1358 5661 pronuntiantur
1368 5591 1567 5662 aeterna,Juxta
1585 5590 1651 5646 illud
1673 5592 1701 5647 iu

60 5673 109 5727 tle.
124 5671 162 5743 τις
188 5675 253 5746 qrria
274 5677 434 5750 plerumque
459 5679 568 5751 justitia
588 5681 685 5736 durior
717 5682 859 5738 bortrinnm
910 5683 990 5740 laude
1007 5683 1168 5754 sapientie:
1185 5681 1334 5754 longitudo
1342 5682 1444 5738 dierum
1455 5683 1584 5738 indemne
1594 5683 1662 5755 ejus,
1673 5684 1700 5740 in

59 5765 204 5832 anrclam
219 5775 352 5837 prorccst
362 5784 372 5825 τ,
385 5785 446 5840 qrrae
459 5787 524 5828 reru
538 5778 690 5844 tenrpcrata
705 5783 757 5840 cst,
775 5781 857 5830 etiarn
909 5774 1100 5830 sinistreillinr
1113 5773 1213 5830 diritiae
1224 5773 1315 5846 (Pron.
1332 5777 1388 5848 nr).

60 5853 171 5912 insidiae
186 5858 385 5927 querimoniam
398 5863 473 5918 ritat.
945 5865 979 5920 Et
994 5864 1141 5922 Zaeirotinr
1150 5866 1271 5924 turbatus
1284 5877 1323 5924 nt
1333 5868 1435 5939 nidero,
1447 5869 1643 5925 ettiarerirruit
1652 5883 1699 5929 aa·
