3967 6334
286 319 343 379 0³9
776 320 928 378 ROBERTI
944 319 1048 378 ruunt
1069 320 1097 377 S.
1118 320 1152 377 il.
1172 320 1203 375 E.
1223 317 1425 379 carubitis
1848 322 1890 385 lii

289 439 359 493 lium
377 438 523 504 asciverat,
545 437 641 495 aleret.
657 437 715 495 Nec
733 440 847 497 dubium
864 441 940 514 quin'
951 442 1083 524 patrimo-
1099 448 1297 504 Asuccessore
1316 442 1354 515 (5)
1376 440 1524 497 cardinalis
1542 446 1650 494 creatus
1674 438 1746 493 tituli
1764 436 1792 493 S.
1805 438 1891 501 iambi

289 508 368 564 nium
389 509 442 564 boc
455 509 481 565 ei
500 524 516 563 a
533 510 693 579 parentibus
707 512 826 580 uenerit;
841 511 900 583 ipsc
914 528 987 567 emm
1005 512 1085 567 Chri·
1137 528 1210 567 anno
1230 513 1300 567 llll
1315 528 1347 568 ac
1367 512 1477 567 demum
1502 526 1551 581 per
1563 508 1675 564 Lucium
1698 506 1720 561 ll
1741 512 1892 573 cancellarios

291 580 389 634 stianae
417 580 597 652 philosophiae
616 579 725 637 deditus
750 597 807 637 non
831 584 885 637 alia
907 583 1086 653 conquirebat
1138 581 1167 639 S.
1179 581 1309 639 Romanae
1323 581 1453 638 Ecclesiae
1471 581 1647 637 constitutus.
1660 577 1727 633 Erat
1744 581 1835 661 quippe
1846 582 1892 639 lot·

290 650 364 705 bona
379 665 461 721 quarn
492 650 573 707 uibus
588 651 697 707 animus
711 654 894 710 excoleretur.
1136 653 1216 709 lenus
1240 654 1315 710 omni
1333 653 1444 725 quidem
1465 652 1619 707 litteratura
1637 650 1894 715 instructissimusea

291 788 299 802 ι
330 721 383 775 tl.
396 666 529 777 Omnibus
549 722 649 792 quide
667 737 701 778 eo
720 724 854 788 scribunt,
870 723 997 779 convenit
1012 722 1086 780 domi
1136 739 1201 780 vero
1226 724 1254 780 in
1278 724 1374 795 primis
1392 738 1453 795 quae
1476 723 1503 778 in
1529 720 1741 791 interpretandis
1763 718 1894 783 Patrumet

291 806 321 844 ιιι
345 790 434 859 patria
457 793 552 861 primae
572 794 733 848 litteraturae
751 794 926 850 fundamenta
942 794 1085 865 posuisse;
1136 793 1295 865 pontificum
1318 795 1395 851 scitis
1421 800 1556 849 versatur.
1580 791 1635 848 Nee
1659 790 1796 849 solertiam
1815 793 1894 861 elusis

291 860 390 915 deiude
404 863 606 943 peregrinatam
627 865 655 918 in
668 862 770 920 Gallias
788 865 904 921 Parisiis
926 864 1086 919 melioribus
1137 866 1219 922 rebus
1242 866 1355 936 agendis
1371 866 1408 921 im
1444 863 1555 919 diebant
1571 863 1770 933 speculationes
1784 862 1892 922 theorice.

291 931 432 1001 magistris
445 949 555 1002 operam
570 934 692 1001 dedisse;
707 950 739 989 ac
750 935 858 990 demum
871 936 898 989 in
913 936 1029 1006 patriam
1043 950 1087 989 re·
1137 934 1215 993 Unde
1235 937 1332 992 merito
1351 937 1396 1005 ptri
1418 950 1460 989 am
1480 934 1656 1004 suspicantur
1674 932 1711 987 ab
1732 932 1777 985 illo
1791 948 1894 1007 concepta

292 1016 402 1056 tersum
420 1000 520 1057 Oxonii
541 1004 634 1059 ludum
653 1007 804 1075 aperuisse,
821 1012 848 1061 et
872 1003 982 1061 Henrici
1005 1004 1086 1076 primi
1137 1004 1287 1064 iunocentii
1301 1005 1323 1060 ll
1332 1014 1358 1062 et
1369 1004 1482 1077 Eugenii
1492 1003 1526 1058 lll
1534 1018 1663 1074 responsa
1680 1002 1716 1059 de
1731 1002 1809 1059 rebus
1820 1009 1893 1062 sacris¹

292 1072 351 1195 grui
375 1074 449 1142 quod
476 1075 577 1131 litteris
591 1075 705 1139 faveret,
720 1085 748 1131 et
774 1076 911 1131 litteratus
929 1076 988 1146 ipse
1013 1081 1087 1129 essct
1175 1080 1230 1135 cl.
1250 1076 1381 1133 Discessit
1400 1076 1530 1131 Pullcnus
1551 1090 1567 1131 e
1586 1075 1641 1129 vita
1661 1072 1759 1143 plenus
1777 1072 1895 1133 dicmmo

317 1160 349 1197 en
365 1142 462 1207 Clerte,
478 1144 563 1199 idest
582 1145 672 1201 bonus
686 1145 804 1202 clericus
818 1147 908 1202 dictus
922 1147 976 1218 esti
995 1142 1088 1201 lavore
1138 1146 1284 1213 honorum,
1295 1148 1396 1219 petibus
1410 1162 1472 1201 eum
1492 1145 1710 1205 cumulaverant,
1723 1144 1793 1197 domi
1811 1146 1895 1215 giriden

292 1221 320 1266 et
332 1216 419 1284 gratia
435 1232 515 1271 usum
529 1216 700 1271 instaurasse
711 1216 889 1273 Academiam
903 1232 964 1289 quae
985 1214 1087 1271 ibidem
1138 1218 1273 1274 ilenricus
1299 1234 1358 1281 ren,
1372 1214 1464 1271 Romae
1476 1231 1541 1271 rero
1562 1215 1707 1286 pontifices
1726 1216 1818 1268 summi
1836 1214 1896 1269 lom

292 1286 404 1353 penitus
417 1286 537 1356 collapsa
549 1286 648 1341 iuerat.
1138 1291 1246 1345 centius
1261 1286 1292 1351 ll,
1308 1288 1473 1344 Coelestinns
1490 1284 1522 1353 ll,
1537 1285 1639 1341 Lucius
1652 1283 1675 1337 ll
1689 1294 1717 1339 et
1732 1282 1854 1353 Eugenius
1864 1284 1895 1341 lll.

331 1374 341 1405 ι
361 1356 387 1410 5.
404 1354 554 1411 llarioiatio
580 1357 672 1426 itaque
688 1364 740 1421 est,
766 1372 822 1413 non
835 1373 869 1413 ex
886 1371 952 1411 rero
971 1356 1086 1423 dictum,
1177 1378 1186 1409 ι
1205 1361 1231 1415 8.
1248 1359 1297 1414 llic
1312 1360 1433 1413 omnium
1453 1356 1557 1427 primus
1574 1355 1625 1411 luit
1639 1371 1672 1409 ex
1691 1354 1786 1425 Anglia
1798 1354 1897 1413 bonisne

292 1426 366 1494 quod
386 1426 497 1497 atridam
517 1428 682 1483 nostratium
703 1428 819 1499 fingunt,
835 1427 978 1482 Pollenum
1001 1442 1087 1496 spon·
1138 1428 1267 1486 Ecclesiae
1279 1428 1444 1495 cardinalis;
1458 1427 1511 1483 nisi
1527 1428 1598 1482 lorte
1611 1425 1734 1481 iliricum
1745 1425 1897 1493 quemdamei

293 1502 374 1550 taneo
395 1496 492 1552 exsilio
516 1498 631 1567 patriam
656 1506 779 1555 mutasse
795 1500 848 1555 sub
866 1498 1006 1569 Stephano
1028 1512 1089 1567 rege
1138 1500 1301 1570 praetuleris.
1318 1498 1371 1555 Sed
1390 1498 1424 1555 de
1444 1496 1556 1553 Polleno
1571 1513 1615 1553 res
1629 1502 1705 1555 certa
1729 1494 1897 1557 est,del'lrim

293 1564 366 1621 bella
392 1568 557 1637 lugientem
584 1584 617 1622 ac
640 1579 706 1624 tunc
729 1568 838 1625 demum
866 1568 972 1640 pacatis
993 1568 1087 1631 rebus,
1138 1572 1232 1628 dubia.

292 1634 391 1717 (laonii
409 1638 508 1693 docere
522 1640 642 1710 cupisse
656 1655 719 1695 cum
734 1639 913 1696 aParisiensi
928 1639 1088 1721 peregrina-
1177 1661 1186 1692 ι
1208 1640 1346 1699 9.010nii
1366 1640 1400 1695 ad
1417 1646 1511 1695 nostra
1530 1653 1616 1708 osque
1632 1644 1758 1707 tempora
1778 1634 1898 1693 celebrum

292 1713 368 1764 tzone
386 1708 522 1764 rediisset.
537 1708 637 1765 Verius
653 1718 697 1765 est
710 1710 827 1766 reditum
845 1710 871 1767 ei
889 1709 976 1767 luisse
998 1726 1026 1763 ιιι
1041 1724 1090 1779 pa·
1139 1712 1245 1768 Polleni
1257 1712 1388 1767 memoria
1409 1725 1464 1765 non
1478 1710 1578 1766 annuis
1595 1715 1701 1763 tantum
1721 1712 1749 1761 et
1762 1705 1898 1765 solemnibus

292 1778 374 1833 triam
398 1787 425 1833 et
446 1779 480 1835 ad
502 1780 677 1836 Academiam
703 1781 884 1836 broniensem
904 1781 956 1838 sub
970 1778 1090 1834 ilenrico
1106 1783 1306 1849 ssscholarinm
1317 1780 1500 1853 panegyricis,
1512 1779 1560 1836 sed
1569 1776 1737 1834 testimoniis
1750 1776 1825 1830 etiam
1835 1780 1898 1831 uiuite

292 1848 391 1973 Brimo.
408 1848 477 1904 llam
500 1850 547 1920 qui
570 1850 681 1907 llenrici
696 1849 863 1913 lbenebcia,
881 1860 909 1905 et
921 1850 1027 1905 Pulleui
1049 1849 1089 1904 la·
1141 1854 1322 1925 gravioribus.
1339 1850 1372 1906 Et
1393 1859 1467 1907 certe
1485 1852 1532 1920 qni
1547 1848 1713 1905 oxoniensis
1727 1845 1806 1901 studii
1820 1850 1897 1903 naulo

312 1934 375 1975 ores
386 1920 413 1973 in
424 1921 605 1976 restauranda
615 1921 755 1977 academia
774 1921 924 1979 broniensi
933 1920 1087 1985 divulserit,
1139 1924 1186 1995 qui
1206 1924 1288 1995 paulo
1302 1922 1389 1994 magis
1406 1922 1516 1979 formati
1530 1927 1605 1987 sunt,
1621 1918 1694 1973 ultra
1714 1918 1756 1971 rel
1775 1932 1846 1987 supra
1860 1918 1898 1971 ilo·

292 1998 320 2043 et
331 1990 358 2045 in
373 1991 482 2047 diversa
499 2000 623 2063 tempora
637 1994 796 2063 conjecerit,
812 1991 921 2048 didicile
938 1992 964 2047 ei
975 1989 1089 2047 critlli·
1139 1996 1246 2051 bertum
1273 1992 1416 2049 Pullennm
1434 1990 1551 2050 eiterunt
1569 1998 1597 2046 et
1619 1986 1812 2061 depraedicant,
1828 1990 1898 2043 nelli

293 2060 395 2116 storias
405 2069 432 2115 et
444 2069 566 2144 tempora
580 2064 738 2119 conciliare.
1139 2067 1184 2123 rix
1198 2066 1304 2121 tabulas
1318 2064 1461 2135 effugiunt.

332 2149 342 2182 ι
360 2130 617 2204 6.llenric1ergol
641 2134 782 2204 auspiciis,
798 2144 826 2190 et
847 2132 961 2189 liuberti
982 2131 1089 2188 Polleni
1177 2156 1187 2189 ι
1207 2138 1250 2191 lb.
1267 2134 1375 2203 Scripta
1388 2135 1422 2188 ab
1437 2148 1470 2190 eo
1481 2148 1530 2203 per
1542 2132 1661 2187 Balaeum
1680 2136 1709 2184 el
1722 2128 1854 2185 Pithsaeun
1866 2144 1898 2183 sa

292 2202 412 2258 maxime
426 2203 562 2259 industria
577 2204 675 2260 Oronii
690 2204 820 2261 rellorere
838 2211 982 2275 coeperunt
997 2204 1088 2259 studia
1141 2209 1204 2265 outo
1216 2223 1255 2263 ιιι
1271 2208 1298 2261 in
1315 2205 1439 2269 Pallene,
1456 2213 1483 2259 et
1497 2220 1512 2259 a
1526 2201 1736 2257 Nomenclature
1753 2198 1898 2254 cardinalium

292 2270 367 2327 circa
381 2288 483 2327 annum
499 2274 608 2330 bomini
622 2275 702 2340 trab,
716 2276 859 2345 renuitque
870 2274 1001 2331 Pollenus
1015 2273 1089 2331 Oro-
1140 2280 1191 2337 sub
1200 2276 1348 2335 Caelestino
1357 2274 1390 2339 ll,
1403 2275 1501 2347 pagina
1512 2274 1556 2340 15,
1564 2277 1762 2330 enumerantur
1771 2270 1828 2335 ista,
1838 2276 1896 2334 etcp

292 2342 331 2396 nii
356 2342 513 2399 cathedram
535 2361 584 2416 pcr
597 2346 759 2403 decennium
781 2354 809 2403 et
824 2347 895 2400 rrltra
911 2365 918 2400 ε
934 2352 1031 2416 postea
1054 2344 1088 2399 ab
1141 2358 1170 2405 ut
1184 2366 1274 2421 supra.
1291 2348 1354 2405 llaec
1369 2348 1423 2404 ille.

292 2408 486 2470 briocentiott
505 2414 620 2471 Romam
641 2418 804 2482 accersitus,
826 2432 843 2471 a
863 2417 1012 2473 Caelestino
1029 2416 1090 2487 ejus

329 2568 369 2641 (5)
384 2568 439 2626 set
453 2569 482 2626 in
498 2571 551 2627 hcc
564 2568 852 2643 preterendavidetnr
866 2567 1002 2640 Onupbrii
1015 2563 1132 2621 Panrini
1144 2565 1288 2621 sententia.

309 2764 1110 2783 unm—-
1334 2747 1893 2775 ω--ι--υ--ιι--Π

722 2918 1143 3073 ROBERTI
1223 2912 1505 3070 PULLI

777 3184 806 3241 S.
822 3185 856 3243 ti.
877 3184 909 3241 E.
931 3180 1141 3241 concinitis
1158 3180 1202 3237 ET
1222 3174 1452 3238 concertatur

583 3344 1649 3523 SENTENTIARUM
1940 3520 1941 3535 ψ

847 3648 1080 3831 ‘nrum
1121 3645 1333 3763 ocro.

300 3880 379 3959 (opp.
396 3879 508 3939 liuberti
524 3877 595 3935 Pulli
607 3883 634 3932 et
647 3874 721 3932 Petri
728 3872 921 3933 Pictaviensis,
933 3870 1080 3952 academia
1089 3867 1254 3951 Parisiensis
1268 3866 1333 3922 olim
1346 3864 1515 3931 cancellarii,
1532 3870 1645 3921 curante
1660 3861 1776 3935 llngone
1788 3858 1895 3921 iltrrmn

773 3943 909 4000 monacho
921 3941 1079 3997 Benedicta.
1095 3970 1131 3981 -
1141 3938 1255 3994 Pansns
1269 3937 1350 4004 1655,
1366 3936 1427 4009 iol.)

1001 4100 1240 4117 ψ

795 4219 1069 4313 llNCIPlT
1105 4208 1455 4309 PROLOGUS.

336 4394 414 4451 Utin
428 4393 634 4451 boerolumine
650 4391 747 4449 lectori
769 4389 850 4447 lacile
868 4389 942 4461 quod
956 4386 1098 4459 quaesierit
1116 4391 1262 4453 occurrat,
1279 4385 1322 4440 hae
1337 4382 1555 4456 praemittuntur,
1570 4378 1773 4443 distinctiones,
1789 4376 1811 4429 in
1823 4369 1894 4443 ‘quibu

300 4484 459 4541 summatim
472 4484 661 4556 praelibantur,
678 4496 741 4553 quae
755 4481 785 4535 in
799 4479 980 4550 mouentibus
995 4476 1077 4531 latius
1101 4482 1266 4530 tractantur.
1282 4473 1364 4561 Liber
1379 4482 1471 4531 autem
1484 4473 1537 4530 iste
1551 4472 1580 4528 in
1594 4487 1644 4528 mn
1659 4478 1753 4543 partes
1762 4475 1801 4524 est
1813 4464 1893 4519 lirun

300 4595 419 4651 quarum
432 4579 546 4635 totidem
569 4585 634 4634 sunt
649 4577 692 4632 bae
713 4574 942 4647 praenotationes:
958 4571 1073 4643 singulae
1086 4584 1153 4625 vero
1169 4577 1262 4639 parics
1274 4569 1304 4623 in
1318 4568 1437 4639 capitula
1462 4573 1528 4625 sunt
1542 4566 1653 4623 dccisae.
1671 4564 1722 4620 itis
1735 4571 1816 4619 auten
1828 4554 1894 4612 duit·

301 4674 441 4731 etionibus
453 4673 561 4729 numeri
581 4672 680 4729 crebro
695 4672 866 4733 inseruntur,
881 4668 929 4739 qni
948 4674 1044 4738 postca
1060 4663 1176 4735 singulis
1191 4663 1320 4737 capitulis
1336 4664 1481 4736 praenotati
1495 4662 1674 4718 inveniuntur
1695 4669 1724 4716 ut
1743 4659 1781 4715 sic
1794 4652 1894 4711 evitata

302 4765 497 4837 comperiatur,
512 4753 575 4835 qn'is
589 4765 635 4819 liic
645 4764 723 4821 locus
740 4761 920 4833 mouentibus
933 4768 1071 4829 competat
1086 4756 1259 4814 tractatibus.

724 4968 897 5025 inctrtbrtr
917 4962 1222 5023 summonitiones
1236 4960 1358 5018 rutum
1382 4960 1521 5019 Pluris

338 5104 402 5163 (lte.
422 5103 444 5160 l.
464 5102 494 5159 ln
511 5104 600 5174 prima
622 5112 700 5174 parte
720 5103 876 5159 ostenditur
903 5102 987 5158 licum
1015 5108 1130 5167 esse,c
1181 5098 1246 5157 Car.
1265 5098 1309 5155 lll.
1330 5098 1400 5155 Tres
1415 5114 1478 5155 esse
1501 5114 1636 5169 personas
1655 5088 1892 5167 subjungitur:uuul

302 5214 331 5257 ct
345 5197 454 5252 initium
475 5196 645 5253 subsistendi
664 5211 721 5250 non
740 5195 842 5251 babere
854 5216 861 5251 :
875 5210 933 5249 non
949 5210 1012 5249 esse
1026 5209 1094 5248 corr·
1147 5189 1292 5261 diligenter
1308 5188 1491 5259 investigatur
1504 5196 1532 5244 et
1547 5187 1703 5253 subtiliter;
1716 5193 1743 5241 et
1757 5180 1893 5255 propitiatu

304 5289 452 5345 trariorum
473 5289 694 5360 susceptibilem,
709 5296 737 5344 et
757 5304 806 5360 per
822 5303 866 5355 se,
881 5303 937 5342 non
956 5302 1006 5358 per
1020 5285 1095 5341 alind
1148 5281 1334 5354 pertinercad
1354 5280 1553 5345 substantiam,
1579 5280 1704 5336 sednon
1722 5276 1816 5335 efficere
1828 5284 1892 5343 petar
1937 5324 1938 5361 ᾖ

304 5382 480 5439 existentem.
1148 5390 1221 5430 nam.
1237 5372 1310 5427 uuili
1323 5387 1432 5444 quoque
1447 5371 1542 5427 lormae
1555 5371 1641 5427 Deum
1664 5386 1725 5427 esse
1738 5368 1890 5437 conjunctum:
1937 5374 1938 5449 p

338 5473 405 5530 Gar.
424 5470 457 5528 ll.
474 5472 575 5529 ibidem
585 5472 669 5528 etiam
683 5473 857 5529 interseritur
871 5479 968 5527 contra
981 5470 1096 5525 idolola-
1148 5473 1175 5521 et
1188 5479 1238 5520 cnr
1252 5464 1281 5518 in
1302 5462 1408 5519 unitate
1434 5470 1491 5519 tres
1513 5478 1647 5535 personas
1662 5470 1766 5518 tantum
1787 5457 1890 5547 tamnu.

302 5566 366 5619 triae
378 5563 548 5630 caecitatem
562 5578 623 5633 quae
637 5570 665 5618 et
682 5570 786 5633 quanta
804 5570 986 5633 sequerentur
1000 5560 1096 5614 incon·
1148 5554 1182 5609 Et
1196 5553 1230 5609 de
1245 5552 1360 5608 Deitatis
1375 5553 1713 5623 incomprehensibilitate.
1725 5549 1762 5606 be
1776 5560 1829 5603 rem
1839 5540 1892 5597 Clu·

302 5655 453 5722 renuentia,
468 5654 494 5710 si
511 5653 549 5708 dii
568 5654 661 5725 plures
679 5664 783 5721 essent,
799 5662 826 5711 ct
845 5654 885 5711 sic
896 5662 1095 5709 tantumnnum
1148 5644 1183 5701 sti
1197 5644 1340 5701 divinitate
1351 5652 1379 5701 cl
1398 5644 1579 5700 humanitate.
1601 5644 1640 5701 De
1659 5642 1774 5715 Spiritus
1793 5626 1892 5693 s²t¹t¹5²¹l

303 5743 392 5807 mum
407 5760 470 5803 esse
482 5744 627 5801 evincitur.
1150 5744 1265 5807 utroque
1280 5737 1465 5806 processione.
1484 5736 1515 5791 Et
1530 5735 1564 5794 de
1577 5736 1700 5801 scientia,
1716 5740 1741 5790 ct
1756 5724 1892 5787 mrelatioui
