3967 6334
93 371 169 427 lati
500 361 692 424 natationes
710 365 744 422 in
764 365 1025 426 sillilt'dttstnto
1043 368 1205 427 bdoottcl
1224 369 1337 428 undis.
1666 376 1734 437 last

50 475 54 480 ’
95 485 230 546 antoricus,
247 481 329 538 filiam
352 483 552 538 nobilissimam
572 482 690 554 puellam
706 482 817 540 nomine
837 481 890 536 Aa·
906 488 928 546 Α
944 483 1011 542 ferri
1023 484 1060 542 ad
1072 488 1217 544 ecclesiam
1232 498 1391 545 sanctorum
1412 499 1564 562 martyrum
1579 487 1691 558 faceret,
1704 499 1736 550 ut

94 593 150 632 nor
165 573 398 645 desponsandam,
420 581 561 645 totamque
583 581 685 628 terram
703 588 781 630 snam
801 573 890 630 cidem
943 579 1017 649 quod
1031 587 1127 634 sotum
1150 582 1251 653 sapius
1263 580 1448 652 spoponderat
1458 583 1610 639 humillime
1630 583 1737 654 persol-

94 665 281 752 retinendam,
298 673 325 722 ct
339 665 508 722 deliberasse
530 672 557 721 et
577 664 727 722 dimisisse.
743 665 797 732 Qtri
815 679 892 721 eom·
942 681 1030 737 voret,
1042 671 1214 745 mandinis
1227 674 1395 746 anticipatus
1405 674 1551 746 angustiis,
1563 675 1637 747 qnod
1652 690 1736 746 opere

96 758 239 814 manicata
255 771 318 812 cum
340 755 523 812 familiaribus
543 756 671 822 consilio,
686 757 765 814 solita
779 771 892 829 magna-
941 779 998 820 non
1014 767 1115 836 poturo,
1131 765 1215 822 ωηο
1225 775 1253 822 92
1263 766 1359 822 ,namo
1378 773 1405 822 a
1420 767 1562 824 ,opum
1574 770 1734 839 complevit·

97 850 226 907 nimitate
240 854 381 920 gratanter
392 848 484 903 oblata
501 849 668 921 suscipiens,
680 849 826 906 carissimo
837 847 892 902 illio
946 855 1114 928 praecipiens
1127 872 1193 928 ergo
1212 863 1335 928 tapetum
1348 865 1431 913 terrae
1443 866 1471 914 et
1483 859 1592 915 cineres
1602 866 1694 930 tapeto
1707 859 1736 914 in

96 941 240 998 Lndovico
253 955 313 996 cam
335 940 459 1012 copulari
475 941 625 1012 promittit,
644 956 753 997 necnon
771 949 798 996 et
815 939 893 996 dein·
943 949 1056 1006 monum
1071 947 1164 1005 erucis
1175 948 1286 1020 deponi,
1299 948 1402 1005 ibidem
1420 950 1548 1007 managu,
1561 949 1736 1007 summe,

97 1049 165 1106 ccps
199 1032 318 1088 nobilem
349 1039 522 1104 apparatum,
541 1033 576 1088 ad
600 1031 794 1088 destinandum
827 1031 893 1088 illuc
943 1040 1064 1112 positus,
1080 1040 1161 1112 signo
1176 1040 1661 1111 soncraeeructgpraesenuamguam
1676 1055 1737 1098 mo.

98 1124 251 1196 ⁰⁰ffl90¹¹ils
273 1121 476 1180 1¹⁰¹li¹lssiffl¹¹ffl
494 1123 617 1179 virorum
641 1124 794 1180 1111011111
811 1122 894 1194 (11ῑῦ-
943 1135 1034 1200 niens,
1048 1132 1190 1190 tricesimo
1200 1133 1279 1205 regni
1294 1133 1554 1200 administrationis,
1568 1133 1658 1190 aetatis
1672 1149 1737 1190 aero

100 1224 198 1286 Εθηῑθῦ
212 1223 240 1272 el
252 1231 286 1272 0⁰
302 1215 421 1287 amplius
439 1215 558 1270 mimum
583 1215 618 1272 (¹⁰
631 1214 792 1270 ⁰¹0¹l⁰¹¹b¹¹⁵
816 1214 893 1286 1911ιί
946 1225 1032 1282 ferme
1046 1226 1218 1298 sexagesimo
1234 1241 1317 1292 anno,
1329 1223 1461 1284 Kalendis
1475 1225 1592 1297 Augusti
1608 1226 1737 1298 spiritum

99 1309 214 1380 colligit,
230 1307 275 1362 eui
291 1308 372 1362 ctiam
387 1306 681 1362 Palatinumcomitem
694 1304 893 1371 Themellum,
944 1317 1047 1374 emisti,
1063 1317 1134 1374 eum
1157 1323 1250 1372 notem
1270 1315 1366 1372 eadem
1385 1315 1453 1371 bora
1477 1330 1581 1387 corpus
1595 1315 1656 1385 eius
1675 1330 1739 1387 prc-

100 1409 128 1454 et
144 1400 284 1471 egregium
305 1396 549 1454 Viromandensem
572 1397 699 1452 comitem
725 1403 752 1452 et
775 1410 895 1452 consan·
945 1409 1018 1465 goso
1046 1408 1129 1480 panto
1148 1408 1313 1472 involutum,
1344 1406 1380 1463 ad
1406 1407 1551 1464 ecclesiam
1578 1415 1739 1464 ,anctorum

101 1488 231 1558 gnineum
248 1483 422 1556 niduli)hum
436 1500 556 1556 dimisse
565 1485 719 1541 θθῑῑῦῑῑῑῦῑῑ·
731 1483 788 1541 N⁰⁸
802 1492 895 1540 “ulem
945 1507 1099 1572 martyrum
1112 1501 1262 1571 sepulturae
1271 1499 1478 1570 deportaretur,
1494 1506 1522 1554 et
1532 1499 1740 1570 processissent

102 1584 255 1642 familiares
270 1586 341 1656 rjus,
357 1591 384 1641 et
397 1599 577 1657 quoscunque
599 1585 719 1642 sanioris
737 1585 836 1642 consili
852 1601 896 1642 re·
946 1592 994 1664 quii
1012 1592 1162 1663 sepulturae
1187 1591 1278 1648 locum
1304 1590 1482 1662 adaptarent,
1512 1606 1598 1645 unum
1623 1589 1741 1660 contigit

102 1680 193 1750 perire
216 1679 319 1749 potnit,
340 1677 365 1733 ei
389 1676 592 1749 concopulavit,
616 1677 657 1733 sic
686 1677 714 1732 in
737 1677 799 1747 ejus
820 1678 895 1733 exitu
945 1684 1020 1756 quod
1041 1683 1152 1740 silentio
1171 1683 1313 1755 praeterire
1333 1680 1447 1753 dignum
1462 1696 1518 1737 non
1539 1681 1737 1737 odmundum

102 1771 349 1850 flli0t³¹8di⁰enss
368 1788 377 1820 ⁸
394 1769 524 1841 Ploitssal
542 1776 579 1834 ῑθ,
598 1769 698 1840 inauli,
714 1778 741 1825 θῑ
761 1777 835 1834 fulls,
857 1769 895 1824 11Ιί
947 1775 1020 1832 enim
1032 1773 1161 1846 profatus
1176 1789 1224 1830 rex
1238 1772 1383 1828 nobiscum
1392 1771 1561 1828 conferendo
1570 1771 1604 1828 de
1617 1772 1740 1842 sepulto-

101 1863 277 1928 charissime,
299 1863 495 1933 ⁰m¹liit0feulis
516 1861 563 1918 Dei
586 1877 635 1934 per
654 1879 735 1934 quem
755 1878 833 1934 reges
851 1877 895 1920 re·
911 1833 932 1890 Β
948 1869 987 1925 ris
999 1882 1094 1939 regum
1110 1865 1260 1938 aliqnando
1272 1874 1320 1919 aot
1333 1865 1435 1936 saepias
1444 1872 1547 1936 ageret,
1561 1862 1668 1920 felicem
1683 1863 1742 1918 fors

102 1963 199 2026 gnane,
216 1955 385 2010 validissima
397 1951 520 2016 alexina,
536 1952 600 2024 qma
611 1952 635 2006 o
649 1960 711 2008 acea
722 1967 793 2023 auos
805 1958 896 2008 coum
946 1957 1158 2030 assentationi
1176 1957 1248 2013 iiior
1265 1956 1457 2020 sacrationes
1476 1961 1580 2011 sancta
1596 1953 1742 2009 anninus

102 2047 273 2111 transmitto,
297 2060 461 2117 quocunque
483 2043 635 2100 infortunio
655 2044 821 2108 amitterem,
846 2059 897 2100 nec
946 2059 973 2107 et
987 2057 1148 2106 sanctornm
1161 2055 1314 2121 martyram
1329 2047 1428 2102 altaria
1444 2046 1556 2118 sepeliri
1577 2052 1740 2108 mereretur,

101 2155 148 2195 ¹¹¹⁰
160 2137 381 2211 iifaesessllftllltls
394 2153 444 2192 ¹¹00
458 2151 572 2208 iignum
584 2151 723 2192 curarem·
740 2133 897 2208 ‘Cobioslts
947 2143 1077 2214 qraoniam
1094 2148 1122 2198 et
1141 2147 1301 2197 sanctorum
1322 2137 1464 2208 suffragio,
1486 2147 1515 2192 et
1533 2135 1741 2192 adventantium

101 2232 185 2287 etiam
197 2247 280 2302 gazas
291 2230 519 2286 ettlresaurorum
532 2227 896 2292 sufficientiamdcliberans,
947 2234 1120 2291 orationibus
1141 2237 1317 2304 peccatoram
1334 2229 1443 2286 veniam
1467 2227 1625 2284 obtineret:
1641 2241 1676 2282 cx
1689 2226 1742 2281 boc

103 2337 139 2377 Μ
154 2322 219 2392 ‘luid
236 2322 264 2376 5¹¹
281 2329 339 2377 ²0¹⁰
355 2321 456 2376 ducatu
472 2320 628 2391 Aquilam&
643 2319 762 2392 11111111,
788 2335 822 2375 ¹¹0
842 2326 898 2375 ῑθῐ·
947 2329 1008 2399 ipso
1026 2326 1197 2382 voluntatem
1218 2337 1297 2379 suam
1311 2321 1396 2377 tacite
1415 2318 1587 2391 significans.
1603 2317 1672 2374 Cum
1692 2331 1744 2372 au·

103 2426 164 2466 ram
175 2418 222 2466 aut
236 2419 317 2467 terrae
339 2425 476 2482 paauperes
498 2409 608 2473 laedanl.
624 2424 659 2465 ne
684 2410 788 2464 amicos
803 2408 897 2464 infmi-
948 2427 1002 2475 tem
1014 2425 1161 2488 antequam
1177 2429 1239 2470 cum
1258 2413 1315 2468 illio
1328 2413 1495 2476 exissemus,
1514 2424 1579 2466 cram
1592 2407 1742 2466 venerabili

102 2519 154 2557 cos
169 2501 282 2567 faciant,
305 2503 378 2573 regia
395 2502 539 2571 majestate
563 2499 735 2565 interminat,
748 2508 778 2555 ut
790 2507 897 2570 gratam
947 2509 1173 2580 eccpggpaeprgofe
1187 2507 1305 2571 fleg-veo,
1320 2504 1492 2577 ,epulonum
1507 2503 1569 2573 ejus
1579 2507 1642 2556 anre
1656 2501 1744 2556 arur„

102 2594 238 2651 exercitui
253 2595 287 2651 de
299 2595 411 2666 proprio
427 2594 527 2670 aerario
545 2591 734 2664 quotidianam
750 2590 898 2646 exhibeant
948 2611 1051 2660 ,ηοω
1060 2599 1216 2665 grammis,
1229 2615 1265 2656 εχ
1285 2597 1413 2670 opposta,
1435 2595 1533 2650 rumuli
1547 2591 1640 2648 Korou
1655 2591 1745 2662 impe„

101 2689 331 2746 deliberationem
346 2689 482 2760 imperare
493 2702 547 2742 non
562 2685 681 2741 dubitat.
699 2683 752 2752 Qui
768 2700 830 2740 culti
848 2698 898 2757 pel·
948 2696 1050 2751 paim-ig
1074 2693 1212 2749 mediante
1237 2691 1318 2746 altari
1348 2688 1585 2762 providissemus,
1608 2693 1745 2756 occupato

104 2779 347 2837 lanroaiccnsinm
380 2787 474 2852 partes
500 2779 535 2834 ad
554 2777 801 2850 burdegalensium
828 2779 897 2832 fines
948 2780 1010 2835 loco
1020 2777 1198 2834 llarlomanni
1211 2774 1381 2830 Francorum
1393 2773 1478 2846 regim
1492 2772 1623 2844 quianon
1637 2770 1680 2826 fas
1692 2784 1744 2826 ncc

102 2874 337 2943 bellonisteffluts
368 2878 432 2928 infe
456 2871 596 2926 civianum
617 2867 781 2940 interposito
797 2881 898 2938 magno
947 2869 1121 2928 consuetudo
1134 2867 1271 2940 permittit
1296 2881 1376 2937 reges
1392 2861 1575 2934 exhospitari,
1590 2860 1666 2933 quod
1679 2877 1744 2932 pro·

103 2965 188 3023 diario
202 2965 321 3030 Garona,
345 2965 462 3021 tentoria
485 2962 642 3027 defiximus,
665 2959 765 3016 ibidem
783 2965 899 3030 praesto-
947 2975 1130 3034 posueramus
1144 2955 1204 3012 fleri
1219 2971 1276 3011 non
1290 2955 1390 3026 potuit.
1404 2951 1457 3008 libi
1477 2961 1569 3007 atatem
1590 2950 1649 3021 ipse
1663 2948 1744 3021 quasi

103 3060 206 3122 latntes,
229 3065 257 3114 et
281 3057 373 3114 navali
392 3055 517 3114 subsidio
537 3055 571 3111 ad
595 3053 689 3109 urbem
707 3057 896 3117 transeuntes,
948 3054 1066 3126 quadam
1077 3049 1236 3125 pronostica
1247 3053 1450 3120 peroptaverat,
1466 3051 1633 3102 attentantes
1646 3051 1744 3099 contra

103 3151 193 3206 donec
207 3149 252 3204 die
262 3148 403 3204 [lominica
420 3145 544 3202 collectis
559 3141 713 3208 Gasconiae,
730 3140 896 3206 Sanctonia,
912 3173 936 3239 C
950 3145 1074 3202 omnium
1087 3142 1258 3213 opinionem,
1271 3153 1368 3194 omncs
1388 3137 1462 3194 enim
1474 3135 1636 3208 impeditum
1651 3134 1744 3190 locum

102 3241 233 3298 Pictauia
254 3241 443 3314 optimatibus,
468 3239 610 3311 praelatam
630 3235 749 3308 puellam
776 3249 839 3290 com
865 3249 899 3290 eo
920 3263 923 3272 ·
949 3235 1134 3300 aestimabant,
1146 3237 1281 3304 quantum
1295 3245 1348 3286 nec
1368 3228 1499 3299 piosaco
1514 3227 1607 3284 minas
1625 3225 1746 3296 longitu-

102 3333 259 3390 diademate
275 3332 353 3404 regni
364 3338 523 3388 coronatam
538 3329 591 3386 sibi
606 3326 735 3399 conjugio
748 3326 896 3396 copulavit.
950 3325 1048 3382 diniet
1059 3323 1200 3379 latitudini
1220 3320 1348 3392 corporis
1365 3319 1427 3390 ejus
1450 3316 1633 3373 conveniebat
1652 3315 1743 3374 locum

102 3424 262 3482 Redeuntes
288 3425 372 3496 igitur
396 3438 446 3494 per
465 3437 564 3496 pagum
583 3418 796 3483 sanctonicum,
822 3425 853 3473 et
874 3417 899 3474 si
949 3421 1121 3473 reservatum
1132 3413 1307 3475 invenenant,
1317 3409 1364 3465 ubi
1376 3423 1441 3464 curn
1451 3406 1608 3463 orationum
1622 3410 1651 3460 et
1665 3404 1746 3476 layna-

102 3517 153 3590 qui
168 3525 248 3573 erant
262 3518 357 3573 hostes
371 3522 589 3588 prosternentes,
601 3512 776 3586 Pictarornm
801 3509 900 3566 civita·
950 3524 1049 3565 norum
1072 3505 1238 3578 frequentia,
1253 3510 1282 3559 ct
1300 3499 1482 3557 celeberrimo
1502 3497 1657 3568 amotoque
1667 3510 1747 3551 ease·

103 3618 161 3668 tem
189 3625 252 3665 cum
281 3608 464 3665 exsultatione
491 3608 577 3664 totius
604 3613 686 3664 lerrae
710 3606 897 3679 pervenimus.
949 3599 1078 3672 quiarum
1089 3595 1189 3659 officio,
1205 3608 1283 3649 more
1299 3590 1376 3663 regio
1390 3589 1545 3660 depositus,
1561 3587 1747 3644 resurrectio-

103 3699 273 3758 AEstuabant
293 3715 326 3756 eo
337 3706 459 3770 teotpore
476 3697 565 3755 aestivi
582 3696 700 3765 calores,
722 3695 804 3754 solito
822 3696 900 3751 noci·
949 3690 993 3746 nis
1005 3688 1103 3744 futurae
1122 3684 1293 3742 consortium
1314 3689 1467 3753 exspectat,
1481 3687 1560 3735 tanto
1584 3686 1746 3735 nnowrorn

102 3795 208 3858 viores,
230 3807 347 3864 quorum
369 3791 579 3861 consumptione
600 3790 799 3861 aliquantisper
816 3787 900 3844 soluti
950 3782 1097 3854 spirituum
1128 3777 1245 3849 collegio
1272 3775 1373 3847 spiritu
1403 3772 1606 3845 propinquior,
1639 3777 1746 3842 quanto

103 3893 134 3942 et
146 3886 226 3942 valde
240 3885 352 3940 contriti
376 3882 606 3954 defatigabamur.
627 3879 751 3948 Quorum
768 3880 900 3936 intolera·
950 3888 1066 3947 corpore
1083 3871 1189 3928 sanctis
1208 3866 1378 3940 martyribus
1399 3865 1434 3920 ad
1448 3861 1657 3936 suffragandum
1680 3875 1747 3934 pro·

101 3978 154 4036 bili
170 3977 307 4034 solatione
318 3991 381 4032 cum
393 3974 524 4030 dominus
538 3988 588 4030 rex
603 3971 760 4054 bodonicus
773 3954 899 4027 Parisios
950 3966 1023 4022 xime
1036 3964 1163 4034 sepultus
1172 3960 1293 4019 assistit.

105 4071 230 4129 recidiva
245 4067 371 4142 profluvii
395 4065 566 4141 dyssenteria
588 4064 751 4137 gravissimo
768 4063 900 4144 fatigare-
1057 4079 1138 4136 pepp„
1148 4080 1195 4151 qm·
1205 4077 1291 4148 „mg
1301 4075 1395 4131 mg,-
1412 4081 1523 4129 „mu
1537 4072 1627 4137 mm,

104 4174 162 4230 tnr,
175 4163 290 4222 omnino
303 4161 457 4218 deficiebat.
475 4159 529 4228 oui
539 4173 680 4229 nunqnam
694 4171 778 4228 super
789 4157 832 4213 liis
848 4157 901 4211 im·
1058 4152 1117 4220 Quo
1126 4151 1219 4221 jacent
1229 4147 1369 4220 praescisse
1380 4145 1447 4200 loeo.

104 4253 252 4328 providus,
264 4253 354 4309 accito
371 4251 522 4308 venerabili
536 4247 687 4306 Parisicnsi
698 4250 828 4320 episcopo
839 4245 901 4305 Ste-
950 4229 1748 4317 Gujnsderotissimamsanctismartyribnsanimam,ipsis

104 4345 214 4416 pbano,
237 4329 265 4402 et
290 4343 419 4415 religioso
454 4340 550 4397 Sancti
571 4339 691 4397 Victoris
718 4339 817 4396 abbate
842 4336 901 4395 Gil·
950 4333 1186 4393 intercedentibus
1206 4331 1268 4403 ipse
1294 4327 1454 4397 redemptor
1471 4323 1633 4387 resuscitet,
1661 4328 1690 4376 et
1717 4320 1746 4374 in

104 4435 202 4504 dufno,
217 4436 262 4492 cui
274 4433 438 4490 familiarius
453 4431 646 4498 confitebatur,
665 4446 699 4488 co
714 4430 789 4504 quod
804 4445 900 4487 mona·
953 4435 1033 4501 parte
1043 4433 1203 4482 sanctorum
1221 4421 1358 4478 collocare
1368 4418 1507 4490 dignetur,
1521 4417 1569 4488 oui
1583 4413 1676 4488 posuit
1685 4411 1747 4468 ani·

105 4527 222 4583 sterinm
236 4527 298 4597 ejns
313 4542 328 4581 a
343 4525 502 4581 l'nndaminc
523 4531 726 4586 construxerat,
743 4529 771 4578 et
789 4521 898 4578 confes-
914 4533 937 4588 ι)
951 4533 1025 4574 mam
1034 4531 1114 4575 suam
1122 4529 1173 4588 pro
1183 4512 1272 4570 salute
1281 4508 1377 4566 mnndi
1384 4506 1466 4565 lesos
1477 4505 1605 4562 Christus
1614 4502 1748 4559 Dominus

105 4620 214 4676 sionem
229 4619 339 4691 repetit,
358 4625 386 4674 et
410 4618 513 4674 exitum
537 4631 617 4672 suum
639 4616 741 4670 uiatico
766 4613 899 4670 domitrici
952 4617 1059 4675 noster,
1077 4608 1124 4679 otri
1148 4607 1214 4662 ririt
1226 4612 1255 4660 et
1269 4609 1368 4675 regnat
1380 4598 1440 4656 ilex
1456 4612 1553 4670 regum
1573 4604 1601 4654 et
1613 4594 1747 4650 nonianus

105 4713 233 4786 eorporis
247 4711 350 4770 muniri
364 4709 542 4768 devotissime
554 4707 664 4779 satagit.
676 4706 799 4778 Crannone
813 4722 842 4763 se
856 4705 902 4764 de
954 4699 1156 4758 dominantium
1172 4711 1221 4770 per
1233 4694 1328 4752 omnia
1341 4692 1442 4751 oscula
1458 4688 1632 4748 sartionem.
1646 4686 1745 4742 Amen.
