3967 6334
97 341 165 396 tata
701 347 782 404 VITA
799 349 959 406 bubdtlcl
979 351 1105 408 GROSSl
1664 367 1736 422 lars

96 467 221 530 ternpore
233 459 295 514 rite
310 473 367 515 succ
380 473 430 515 nec
442 476 492 531 pro
506 460 603 516 matris
614 463 737 532 repudio,
750 481 800 520 nec
810 464 892 520 ctiam
909 471 930 528 Α
944 467 1114 535 approbante
1129 467 1204 522 clero
1217 476 1244 522 et
1258 469 1359 538 populo
1369 469 1547 528 devotissime
1560 477 1739 535 contradidit·

96 565 148 621 pro
162 551 329 622 superducta
352 551 540 623 burdegarensi
558 554 615 628 (95)
634 555 722 624 ipsum
750 557 777 611 in
801 557 894 628 aliquo
942 556 998 612 Noc
1012 557 1078 612 dnm
1094 565 1156 627 post
1168 557 1380 615 celebrationem
1395 560 1547 617 divinornm
1566 562 1739 624 lcstiresdo·

95 641 245 708 offendere,
257 649 305 698 aut
321 645 396 715 regni
406 644 466 714 ejus
478 645 693 702 dominationem
705 646 893 704 defraudando
942 658 1072 720 posuerat
1086 651 1209 717 esurias,
1228 667 1291 708 cunr
1308 653 1400 709 subito
1415 654 1480 708 mali
1498 655 1588 710 nuntii
1603 656 1725 725 bajulato

95 729 125 785 ln
141 731 244 803 aliquo,
261 733 333 788 sicut
345 732 391 786 alli
406 737 743 805 consucreruutjurenes,
755 739 893 795 curaverit
942 757 987 796 res
1008 757 1024 794 a
1043 739 1172 796 lleruensi
1187 741 1311 798 Ecclesia
1325 743 1478 808 assistunt,
1506 744 1615 803 litteras
1627 756 1738 805 coutra-

94 823 267 893 pertnrbare.
295 823 363 879 Cum
392 834 483 880 autem
513 823 547 879 ad
577 827 669 882 nobile
695 827 892 883 monasterium
942 829 1074 887 dictorias
1092 831 1262 897 deferentes,
1283 842 1311 889 et
1332 835 1498 891 auctoritate
1518 837 1690 906 apostolica,
1712 841 1737 896 si

95 913 171 970 Beati
178 913 316 970 Benedicti
326 931 410 985 super
416 913 656 987 Ligerimllurium
664 920 750 974 multo
760 921 892 975 comitatu
942 923 1103 992 tempestiue
1118 925 1268 989 uenissent,
1281 940 1316 981 ne
1328 926 1404 993 regia
1414 926 1490 982 beret
1504 930 1599 984 unctio
1614 930 1738 985 intermi-

96 1007 308 1077 deportassent,
326 1006 458 1076 quoniam
474 1005 573 1063 ibidem
590 1023 620 1063 se
635 998 796 1076 derorerat,
817 1010 893 1066 dicc-
942 1021 1051 1070 nantes.
1063 1013 1195 1071 biccbant
1208 1015 1344 1087 siquidem
1358 1018 1454 1087 prima·
1469 1019 1542 1090 regis
1556 1035 1665 1076 coronae
1680 1023 1738 1092 pri-

96 1097 163 1152 baut
174 1097 309 1168 siquidem
321 1096 368 1169 qui
381 1097 417 1152 ab
425 1097 624 1169 conaudierant,
640 1100 713 1170 quod
726 1101 891 1170 ascpultura
941 1105 1035 1161 mitius
1055 1106 1089 1161 ad
1115 1107 1162 1177 jus
1181 1107 1310 1164 Ecclesia
1332 1107 1478 1166 llemensis
1506 1121 1648 1181 spectare,
1674 1120 1702 1168 et
1721 1129 1737 1167 a

95 1197 207 1260 patrina
220 1204 333 1244 suorum
349 1204 443 1260 regum
457 1230 465 1252 ,
480 1205 541 1259 que
559 1190 586 1246 in
602 1191 720 1246 ecclesia
735 1191 809 1246 Beati
828 1190 892 1248 llio·
941 1193 1031 1263 primo
1044 1192 1213 1250 Francorum
1227 1212 1301 1268 rege,
1316 1213 1397 1268 qrrcm
1406 1199 1557 1269 baptizarit
1569 1201 1667 1257 beatus
1683 1199 1738 1257 Rc·

94 1279 167 1350 nysii
178 1280 257 1348 quasi
267 1278 331 1349 jure
345 1277 465 1333 naturali
477 1279 603 1344 babetur,
624 1295 654 1336 sc
669 1281 806 1336 absentari
818 1280 891 1336 dosi-
941 1281 1056 1352 raiginis,
1076 1281 1231 1349 clodoveo,
1245 1285 1317 1340 barre
1335 1289 1545 1357 praerogativam
1562 1288 1694 1344 illibatam
1708 1299 1737 1345 ct

93 1372 257 1436 derarerat,
278 1386 311 1428 co
331 1371 405 1442 quod
421 1371 514 1427 nrinus
526 1371 597 1428 bene
612 1387 677 1444 erga
696 1371 847 1429 Ecclesiam
861 1389 891 1430 se
941 1372 1130 1429 inconuulsam
1144 1375 1287 1443 obtinerc;
1306 1377 1331 1432 si
1347 1377 1411 1447 quis
1424 1391 1485 1432 eam
1502 1380 1647 1434 temerario
1668 1395 1738 1437 ausu

92 1463 237 1528 babuerat,
252 1471 279 1518 et
294 1462 358 1532 quia
370 1462 442 1518 iuter
458 1470 498 1518 tot
511 1462 619 1518 nobiles
633 1477 713 1535 reges
727 1479 783 1518 nou
798 1465 889 1536 magni
941 1462 1044 1518 violare
1060 1466 1220 1530 tentaverit,
1236 1466 1403 1521 anathemati
1428 1474 1564 1537 perpetuo
1582 1468 1736 1538 subjacere.

92 1554 241 1611 duceretur
253 1554 315 1624 ejus
327 1555 467 1625 sepultura
478 1555 536 1627 (llll
551 1575 557 1610 :
573 1555 601 1610 iu
612 1555 707 1610 codem
722 1555 891 1612 nrouasterio
941 1548 979 1604 Ea
991 1550 1125 1621 siquidem
1139 1553 1286 1609 occasione
1300 1553 1507 1625 archiepiscopo
1518 1571 1570 1611 suo
1584 1557 1737 1612 venerabili

90 1655 156 1702 ante
177 1647 263 1702 altare
287 1647 430 1717 positum,
460 1654 542 1718 prout
565 1647 707 1704 decentius
730 1655 889 1718 potuerunt,
941 1649 967 1697 et
981 1642 1098 1697 emerito
1110 1641 1268 1698 riroViridi
1283 1644 1412 1710 bedullo,
1424 1646 1472 1716 quui
1489 1647 1594 1702 domini
1605 1648 1738 1719 regis,eo

91 1737 204 1809 hymnis
224 1745 251 1793 et
269 1752 350 1808 preco
373 1737 493 1792 animam
512 1735 628 1792 Domino
654 1737 889 1804 eornmeudantcs,
941 1729 1017 1801 duod
1030 1731 1135 1802 absbue
1153 1731 1214 1802 01¹¹ss
1232 1746 1347 1788 mensu
1361 1734 1465 1790 clectus
1488 1743 1516 1790 el
1534 1735 1738 1793 inthronizatus

89 1842 192 1899 corpus
206 1827 374 1884 solemnibus
389 1827 465 1882 sanis
479 1836 646 1896 exceperunt
662 1807 729 1899 (99).
902 1827 924 1881 ll
940 1815 1032 1878 lucrat
1047 1823 1113 1878 sede
1126 1822 1266 1892 llcmensi,
1280 1824 1460 1895 grauissimas
1472 1837 1499 1881 et
1510 1823 1739 1897 periculosas'in·

387 1914 503 1974 CAPUT
525 1917 596 1975 lllll.
941 1921 1067 1970 currerat
1090 1913 1265 1978 inimicitias,
1287 1929 1383 1985 pacern
1400 1915 1564 1985 impetrare,
1581 1925 1629 1972 aut
1645 1934 1738 1990 regem

127 2009 261 2065 Prolatus
271 2017 361 2066 autem
372 2006 540 2075 erdoricus,
550 2011 680 2080 quioniam
688 2009 715 2064 iu
730 2009 889 2066 adolescen-
940 2017 995 2058 uon
1011 2003 1138 2059 coronari
1151 2005 1308 2075 sperabant.
1324 2003 1388 2071 out,
1403 2008 1468 2076 qrria
1483 2007 1676 2080 intempestive
1689 2026 1738 2066 re-

89 2101 131 2156 tia
141 2101 270 2158 Ecclesiae
285 2102 434 2157 amicitiam
444 2102 549 2158 liberali
559 2101 719 2159 dolensione
729 2117 891 2172 promeruc-
941 2106 1051 2160 nerunt.
1069 2096 1105 2152 ibi
1118 2097 1186 2151 muli
1200 2097 1234 2153 ad
1245 2097 1356 2168 propria
1363 2098 1493 2168 loquaces
1507 2098 1650 2155 redierunt
1667 2121 1674 2156 :
1690 2111 1739 2157 aut

88 2201 144 2259 rat,
161 2208 311 2264 pauperum
326 2192 551 2263 ctorpbauorunr
563 2207 675 2248 cansam
687 2199 891 2247 sustentaverat
941 2189 964 2244 si
989 2188 1056 2259 quid
1079 2188 1210 2243 dixerunt
1233 2187 1310 2260 (98),
1339 2188 1408 2242 nibil
1433 2195 1524 2244 tamen
1549 2190 1615 2246 utile
1637 2191 1738 2247 retule-

88 2287 225 2352 tprannos
237 2279 340 2351 potenti
352 2281 454 2336 rirtuto
465 2279 669 2352 perdomuerat,
685 2279 742 2336 Deo
753 2289 891 2336 annuento
943 2287 1009 2334 runt
1024 2278 1093 2351 (99).

89 2369 127 2423 99
144 2370 221 2439 regni
237 2368 356 2440 fastigia,
372 2369 587 2425 sicutbouorum
601 2379 666 2425 roto
677 2370 835 2435 asciscitur,
850 2369 891 2424 sic
1223 2366 1347 2424 CAPUT
1365 2367 1436 2424 llll.

89 2461 267 2516 malorumet
282 2460 428 2531 impiorum
444 2461 535 2516 rotira
556 2461 770 2527 machinatione,
786 2461 810 2516 si
833 2459 891 2514 beri
978 2459 1066 2531 (drrrro
1089 2460 1184 2534 1198.)
1210 2460 1368 2517 Ludoricus
1393 2461 1478 2532 igitur
1504 2461 1552 2516 llei
1574 2463 1663 2532 gratia
1688 2477 1737 2519 rex

88 2561 186 2625 posset
202 2594 210 2618 ,
228 2551 428 2610 excluderetur.
445 2552 576 2610 Consulto
590 2569 656 2624 ergo
670 2555 777 2626 agitur,
802 2563 829 2609 et
841 2569 892 2625 pn·
941 2549 1129 2617 Francorum,
1146 2553 1277 2623 quoniam
1291 2552 1320 2606 in
1336 2549 1521 2608 adolescentia
1542 2553 1662 2624 idipsum
1676 2569 1741 2610 con·

89 2644 230 2700 tissimum
246 2643 368 2700 dictante
383 2643 532 2701 venerabili
553 2651 580 2699 ct
601 2645 808 2715 sapientissimo
830 2645 891 2699 riro
941 2649 1078 2703 sueverat,
1094 2639 1268 2698 dissuescere
1281 2657 1337 2697 non
1347 2639 1447 2712 potuit,
1462 2643 1590 2699 uidelicet
1599 2641 1739 2702 Ecclesiae

92 2733 181 2790 lronc
195 2735 357 2792 carnotensi
371 2737 520 2807 episcopo,
547 2742 577 2790 ut
595 2737 628 2792 ad
649 2735 891 2792 9911999999-
941 2733 1029 2798 trieri,
1045 2749 1181 2804 pauperes
1193 2744 1220 2789 et
1239 2749 1341 2808 egenos
1359 2741 1522 2806 protegere,
1543 2737 1604 2806 paci
1619 2745 1647 2792 et
1661 2738 1740 2808 regui

90 2827 200 2900 piorum
215 2828 445 2883 machinationem
460 2827 595 2883 citissime
614 2827 770 2882 Aurelianis
790 2841 891 2881 corneo-
940 2821 1094 2879 deicnsioui
1108 2824 1247 2880 insistere.
1262 2822 1396 2879 l‘raelatus
1408 2823 1602 2895 itaqueGuido
1612 2825 1737 2891 Rubeus,

90 2919 179 2987 uiudt,
191 2919 306 2990 ejusque
320 2919 599 2990 exaltationioporam
612 2919 795 2974 darenrature
811 2916 890 2972 lesti-
941 2914 1068 2985 illiusque
1089 2916 1151 2985 ejus
1171 2914 1250 2987 llugo
1270 2915 1460 2973 Greciaccnsis
1475 2918 1586 2988 juvenis
1610 2921 1738 2984 idoneus,

90 3018 167 3065 arent.
185 3010 354 3066 Senonausis
370 3011 455 3081 igitur
468 3011 694 3080 arclrlcpiscopus
715 3009 891 3065 llairnbertus
941 3010 1026 3064 arrrris
1041 3017 1189 3074 strenuus,
1204 3017 1260 3063 tarn
1275 3009 1381 3080 rapinis
1395 3024 1478 3080 quam
1495 3009 1630 3068 incendiis
1643 3019 1738 3082 aptus,

91 3102 224 3158 inritatus
240 3117 302 3156 cum
318 3100 598 3173 comprovincialibus
611 3101 679 3173 (96),
700 3101 825 3156 uidelicet
835 3098 889 3155 Ga·
940 3103 1080 3171 totiusque
1094 3102 1170 3172 regni
1186 3101 1312 3156 turbator
1324 3102 1497 3168 celerrimus,
1522 3117 1637 3158 rancore
1654 3104 1739 3159 animi

89 3191 153 3247 lonc
168 3182 317 3248 barisiensi
332 3193 473 3263 episcopo,
489 3191 765 3257 llarrasselleldcnsi,
782 3189 888 3248 loanuc
941 3194 1081 3249 eunrulato
1096 3209 1147 3264 pro
1159 3193 1253 3248 amissi
1268 3193 1353 3249 castri
1370 3193 1489 3249 Gornaci
1506 3195 1707 3258 erubescentia,
1721 3210 1738 3249 a

88 3287 292 3350 aurelianensi,
308 3285 574 3350 leoneCarnoteusi,
586 3285 700 3356 llugonc
713 3284 884 3350 Nircrnensi,
940 3287 1021 3357 regiae
1041 3286 1209 3341 excellentie
1232 3284 1411 3357 derogatione
1431 3301 1488 3341 non
1513 3286 1669 3342 cessabant.
1686 3285 1740 3340 Ea·

88 3374 245 3430 llumbaldo
254 3374 483 3448 [ol.llumbarrdo]
507 3373 854 3439 Autissiodorensiacccss
866 3381 886 3429 t.
940 3383 1052 3446 propter
1065 3390 1117 3430 nec
1130 3375 1212 3431 ctiam
1231 3373 1310 3428 fratri
1319 3375 1413 3430 corrriti
1430 3373 1624 3431 Corbolincnsi
1636 3372 1738 3439 (ldoni,

88 3463 145 3532 Qui
160 3465 187 3519 iu
200 3465 244 3520 die
253 3463 420 3521 inventionis
432 3467 523 3522 saneti
537 3465 747 3538 protomartyris
759 3463 889 3537 Stcpbaui
940 3471 1005 3538 qnia
1018 3468 1045 3523 ei
1059 3467 1163 3521 nullam
1182 3473 1279 3522 contra
1293 3479 1385 3537 rogem
1400 3465 1500 3550 tulerat
1515 3481 1605 3538 opem,
1623 3481 1739 3537 parcere

87 3555 821 3629 sacratissimaeurmtionisliquoredelibutunr,missas
830 3570 887 3625 gra·
940 3557 1022 3627 clegit
1035 3573 1043 3620 ;
1058 3554 1106 3610 sed
1119 3555 1181 3623 cius
1195 3554 1330 3610 insidians
1346 3554 1526 3624 simplicitati,
1540 3569 1603 3608 curn
1618 3555 1738 3624 qrradanr

88 3649 192 3702 tiaram
204 3663 297 3718 ageas,
307 3645 889 3718 abjectoquesacrrlarismiliticegladioec·
940 3647 985 3702 die
998 3655 1127 3702 renatum
1142 3647 1176 3700 iri
1194 3661 1277 3718 penes
1296 3663 1328 3703 se
1347 3661 1444 3702 secure
1467 3645 1655 3710 decreuisset,
1671 3647 1739 3718 quid

87 3739 247 3796 elesiastico
269 3739 305 3794 99
325 3739 474 3794 rirnlictam
496 3721 705 3794 inmolatorum
729 3737 886 3807 accingens,
940 3737 995 3805 rei,
1011 3737 1076 3808 quaid
1093 3737 1168 3807 spei,
1183 3744 1314 3807 corrupta
1328 3736 1431 3790 inuidia
1449 3735 1675 3807 consanguinitas
1689 3751 1741 3806 pa·

86 3829 244 3886 diademate
265 3830 341 3901 regui
362 3837 501 3902 gratanter
523 3830 684 3894 coronarit,
711 3843 762 3884 nce
786 3843 842 3884 999
860 3835 889 3882 9
940 3829 993 3884 riat
1016 3830 1172 3900 insipiens,
1195 3827 1398 3884 arrinradrerrtr.
1426 3827 1532 3897 Raptus
1551 3828 1678 3898 equidem
1703 3829 1739 3884 ab

86 3931 228 3992 sceptrum
240 3930 266 3977 et
281 3922 387 3992 virgam
404 3923 474 3994 (illl,
494 3931 522 3978 ct
532 3937 580 3992 per
590 3923 648 3977 baec
664 3921 849 3976 Ecclesiarum
861 3928 888 3975 ct
939 3922 1036 3977 codem
1053 3921 1139 3976 iratrc
1158 3919 1273 3991 llugonc
1284 3921 1312 3975 iu
1322 3928 1413 3977 castro
1423 3920 1471 3990 qui
1484 3919 1739 3976 dicitanirmitas·

87 4031 243 4092 pauperum
253 4013 667 4085 defensionem,ctqnaeeunquc
678 4013 754 4084 regul
769 4011 888 4084 insignia
940 4014 1082 4080 Balduiui,
1105 4012 1283 4084 compedibus
1298 4024 1325 4068 et
1338 4013 1445 4069 catenis
1460 4012 1626 4082 impeditur:
1643 4028 1694 4067 nec
1715 4029 1739 4100 9ἰ

137 4149 182 4220 93)
202 4148 270 4204 cna.
284 4147 349 4220 llcg.
366 4148 437 4206 9995
451 4149 526 4204 addit
541 4149 687 4204 corrriliato.
987 4149 1033 4218 99)
1054 4145 1084 4201 ln
1098 4147 1115 4201 2
1130 4147 1211 4202 codd.
1228 4145 1294 4216 Ilcg.
1310 4154 1338 4200 ct
1354 4144 1382 4200 S.
1398 4143 1503 4207 Germ„
1521 4141 1737 4213 provincialibus.

137 4219 182 4290 bl)
201 4218 552 4290 Paulodirersaurprzclatac
561 4221 593 4274 ad
603 4221 645 4274 sui
655 4219 779 4289 corporis
797 4219 888 4288 scpul-
987 4220 1033 4290 97)
1054 4217 1163 4288 Vagam
1190 4233 1204 4271 a
1235 4225 1343 4287 sceptro
1361 4214 1582 4284 distinguendam
1606 4227 1669 4266 esse
1690 4213 1740 4266 de-

85 4289 889 4360 turamecclcsireFloriaccrrsisrationemPhilippensicre·
939 4297 1094 4346 nronstraut
1107 4287 1211 4342 rrrrmnri
1232 4288 1322 4342 tertiae
1341 4286 1435 4354 stirpis
1454 4298 1549 4354 regum
1568 4290 1739 4361 nostrorum,

85 4358 402 4416 dimus0rderieollitali
416 4361 475 4424 (lib.
485 4377 515 4427 u,
527 4379 553 4432 p.
564 4361 627 4430 525)
640 4361 802 4431 proceribus
818 4358 888 4412 999-
939 4369 1087 4430 utrumque
1107 4357 1293 4429 praeferentes.
1322 4355 1357 4409 ,lt
1381 4370 1441 4409 cam
1467 4369 1531 4408 curn
1554 4367 1640 4432 ruanu
1663 4367 1739 4420 regua

85 4431 185 4502 cisque
199 4430 340 4486 reddebat.
367 4449 377 4482 r
396 4429 566 4487 Francorum
590 4447 704 4502 regam,
734 4429 885 4501 inquiebat,
940 4448 1022 4501 nutam
1034 4439 1143 4490 uocant,
1160 4443 1301 4498 perperam
1312 4424 1484 4480 conlrunluut
1497 4423 1621 4477 norruulb
1640 4436 1739 4502 recep·

85 4501 141 4556 boc
155 4500 456 4571 testeclnnnograpbo,
473 4502 640 4571 sepulturam
653 4501 724 4572 apud
736 4499 764 4554 S.
783 4499 886 4570 1999)·-
903 4493 925 4549 b
941 4505 1035 4556 tiores.
1058 4499 1122 4554 lliuc
1140 4500 1213 4554 cuim
1228 4511 1289 4566 999
1304 4495 1422 4566 simplici
1439 4496 1523 4565 virgae
1538 4499 1688 4555 successit,
1710 4506 1739 4545 ru

85 4572 161 4625 sium
176 4586 238 4626 csso
253 4571 311 4627 scio
328 4589 334 4625 :
351 4573 398 4625 sed
414 4572 478 4640 uaria
493 4587 537 4626 me
551 4571 666 4625 ninnium
684 4585 744 4626 esso
760 4577 888 4640 peccato·
940 4571 1060 4626 nuumris
1075 4569 1205 4624 budnrici
1220 4567 1243 4621 X
1257 4566 1376 4638 primum
1392 4574 1514 4635 apparet.

84 4655 146 4696 rem
162 4642 263 4709 sentio,
278 4655 358 4696 secus
374 4643 442 4696 tanti
455 4641 585 4712 martyris
596 4657 696 4711 corpus
708 4641 816 4710 sepeliri
832 4655 887 4694 non
976 4640 1033 4712 (98)
1053 4640 1119 4696 Cod.
1136 4636 1169 4693 ll.
1185 4637 1256 4692 9999
1270 4634 1397 4707 qrridpnid
1408 4645 1494 4688 9999
1510 4633 1648 4688 dicernat.
1668 4630 1736 4687 Cud.

85 4709 187 4766 audeo.
202 4710 356 4767 Admodum
367 4727 464 4768 vercor
479 4727 523 4774 uc,
538 4712 659 4783 pcccatis
678 4711 888 4781 mciscrigcnti·
943 4712 971 4767 S.
987 4711 1091 4772 Germ..
1109 4709 1137 4763 S.
1157 4707 1235 4763 llion.
1252 4722 1284 4761 ac
1301 4705 1367 4775 llcg.
1383 4705 1453 4760 6265
1468 4703 1594 4758 dicerint.
1715 4772 1722 4783 .

84 4781 152 4842 bus,
164 4781 258 4836 tradar
269 4782 389 4844 diabolo,
402 4790 429 4836 ct
439 4782 503 4835 milri
513 4781 732 4852 corritiugatsicut
744 4779 887 4850 Scriptura
975 4782 1033 4852 (99)
1053 4776 1246 4834 9999999999
1256 4777 1267 4831 l
1276 4778 1336 4839 lllll,
1348 4775 1473 4832 llanassc
1484 4773 1631 4829 llcrnorum
1647 4771 1739 4853 arebr-

85 4851 173 4906 rclert
194 4853 259 4905 olim
280 4852 429 4923 contigisse
452 4850 577 4907 blartello
597 4850 753 4906 Carales.
772 4851 887 4904 llencdi·
939 4851 1131 4922 cpiscoporita
1143 4848 1247 4913 lurrcto,
1260 4847 1364 4904 duasin
1374 4853 1466 4917 partes
1474 4845 1554 4901 scissi
1564 4843 1739 4912 lucrantem·

84 4929 163 4976 ctum
179 4920 282 4994 diligo,
304 4923 377 4993 pium
391 4922 501 4978 Patrem
518 4923 714 4977 raronacborum
727 4921 888 4991 suppliciter
940 4915 1739 4996 lusincligcudoipsiussucressorcsullr·agiiiuscpnrpete-

83 5005 228 5062 exposco,
242 4999 270 5048 ct
285 4993 312 5046 iu
327 4992 444 5049 ecclesia
459 4993 519 5062 ejus
533 5009 616 5063 super
626 4992 743 5064 Ligerim
757 4990 888 5045 tunmlari
939 4993 994 5056 bat,
1005 4993 1090 5046 electo
1099 4992 1132 5043 ab
1140 4987 1335 5052 aliisllodnllo,
1348 4998 1527 5058 cognomento
1542 4981 1740 5050 999999919-

83 5062 225 5120 desldero.
239 5061 379 5133 lpseeniru
390 5063 510 5119 clemens
524 5071 604 5120 estet
619 5064 764 5132 benignus,
778 5075 888 5117 omncs-
940 5063 988 5118 siae
998 5061 1142 5116 llcnrcnsis
1154 5061 1300 5146 praeposito
1309 5075 1341 5113 ae
1351 5053 1652 5137 abesaurarimabaliis,
1665 5052 1739 5136 regit

84 5147 142 5203 999
157 5134 272 5203 suscip²t
283 5140 443 5203 peccatores
454 5149 504 5205 pro
525 5134 599 5197 llius,
612 5134 658 5204 qui
672 5130 886 5188 eurcrrdatiorcm
940 5144 1004 5188 roto
1020 5131 1183 5193 laventibus,
1200 5131 1332 5185 bcrrasm
1344 5126 1542 5197 llcgitestcnsrs
1556 5130 1667 5178 comnis
1683 5123 1739 5203 labo

85 5203 172 5258 uitam
188 5211 335 5275 appetunt,
358 5210 386 5258 ct
408 5149 559 5260 99999999
581 5204 756 5273 disciplinam
778 5201 888 5270 llcgulaa
940 5203 1119 5274 ejrrsdcmquc
1135 5199 1264 5256 Ecclesiae
1279 5199 1484 5254 archidiacono.
1503 5196 1650 5250 Cururcro
1663 5206 1739 5271 prior

85 5275 177 5343 ipsius
192 5274 248 5330 llco
262 5273 405 5331 conciliari
421 5283 559 5345 satagunt.
581 5294 588 5326 r
616 5273 703 5330 Porro
723 5274 780 5330 baec
793 5273 887 5326 ullium
940 5290 955 5328 9
970 5273 1096 5330 Pasclrali
1110 5287 1181 5342 papa
1200 5272 1393 5332 continuatus,
1419 5283 1475 5322 non
1491 5272 1649 5335 exspectato
1666 5277 1738 5344 regas

98 5345 219 5401 reriocbe
233 5347 381 5400 observatu
396 5345 423 5400 di
444 5360 494 5408 ua,
520 5345 567 5420 qui
608 5361 696 5416 oqrrac
712 5343 833 5401 alludere
848 5341 888 5394 ri·
940 5359 1090 5408 consensu,
1106 5348 1198 5397 sedem
1212 5346 1385 5410 occupasset,
1401 5339 1435 5392 ab
1450 5338 1510 5408 ipso
1526 5351 1575 5416 cen
1591 5333 1684 5388 rcbcllr
1705 5347 1738 5386 ac

85 5360 187 5469 999199
209 5417 242 5470 ad
260 5413 409 5471 consilium
456 5417 562 5486 egulam
599 5415 781 5470 cucdictinarn
805 5411 889 5484 prnd-
939 5417 1062 5486 obrepas,
1077 5413 1170 5482 inungi
1183 5405 1637 5488 cerumar-innerennitLudorrcus.
1649 5401 1738 5525 Atppe

85 5485 175 5548 tendi,
191 5487 264 5556 quod
276 5487 341 5542 olim
361 5483 486 5557 l’lrilippo
502 5493 677 5557 suggesserat
689 5485 717 5538 S.
734 5485 811 5555 llugo
823 5483 889 5538 Clu·
941 5485 999 5541 baec
1011 5487 1081 5540 lorte
1095 5499 1178 5538 cansa
1190 5481 1328 5552 praecipua
1345 5480 1406 5542 luit,
1421 5493 1470 5532 cur
1482 5477 1639 5554 Aurelianus
1654 5487 1670 5524 a
1723 5499 1737 5512 ·

85 5556 227 5612 uriacensis
260 5557 360 5620 abbae,
381 5555 421 5610 uti
450 5555 584 5612 discimus
602 5571 636 5612 cx
657 5555 775 5627 quadam
803 5555 888 5624 ipsius
939 5556 1057 5612 rrouensi
1075 5545 1647 5624 ambiepiscopotampraprosperolrrer·rt
1667 5557 1736 5595 corr·

84 5627 212 5696 lingonis
227 5627 261 5683 ad
277 5627 350 5681 lruuc
365 5641 455 5698 regern
467 5628 593 5698 epistola,
606 5627 801 5698 quaesuoloco
814 5623 887 5680 edita
940 5637 1075 5683 seranus.
1096 5622 1231 5701 llrulollns
1252 5629 1343 5703 autem
1362 5627 1456 5690 postea
1475 5618 1549 5702 regis
1568 5617 1596 5670 in
1619 5613 1736 5696 [antliam

84 5705 139 5752 est.
941 5699 1031 5765 rediit,
1049 5706 1131 5768 rrtqrre
1143 5696 1169 5749 iu
1187 5694 1251 5752 sede
1266 5693 1299 5747 ab
1312 5709 1371 5764 ipso
1385 5691 1579 5748 constabilitus
1594 5687 1653 5740 ind.

124 5767 181 5836 (99)
203 5765 257 5831 Al,
277 5784 370 5835 corpur
386 5767 707 5840 lrorrom'ficcsepelierunt.
