3967 6334
115 321 187 377 ιιιι

446 312 613 372 trontius
634 311 679 366 bit
698 309 986 368 cousucnarloua
1006 287 1186 365 ECCLESIAE
1207 306 1236 362 S.
1258 304 1417 363 olonislt.

1685 296 1760 361 tato

115 433 199 499 terre,
221 437 269 488 aut
293 429 410 486 scienter
432 431 555 484 minuere
576 427 792 499 praesumpserit,
818 426 909 482 domni
924 439 948 498 Α
961 432 1061 480 restra
1075 422 1194 490 adduco,
1206 428 1236 477 ut
1251 419 1324 493 quod
1339 419 1417 475 vobis
1428 416 1561 490 placuerit
1575 417 1716 474 retineatis
1728 427 1757 475 ct

114 521 239 596 Dionysii
254 521 399 588 oiicnsain,
408 527 435 577 et
446 518 565 592 Spiritus
576 519 665 576 sancti
681 533 811 574 mucrone
821 519 913 590 perlo-

113 615 143 672 di
159 621 308 672 mereatur.

150 709 207 764 Nec
221 707 289 764 iliud
300 708 380 764 etiam
396 707 478 762 silere
487 705 601 776 dignum
612 705 750 770 duximus,
763 705 837 777 quod
847 703 913 759 dum

116 799 260 872 praelatum
273 801 337 856 novi
351 797 490 868 augmenti
504 812 573 867 opus
589 797 723 868 capitellis
741 803 768 852 et
793 796 913 852 arcubus

116 891 315 963 superioribus,
326 899 353 946 et
361 891 395 946 ad
404 888 554 944 altitudinis
562 903 693 944 cacumen
703 887 911 959 produceretur,

116 1001 180 1040 cum
195 1000 247 1040 nec
260 983 326 1040 dum
338 985 503 1057 principales
526 998 607 1040 arcus
630 980 807 1051 singulariter
829 981 912 1036 relati

115 1079 252 1135 voltarum
267 1081 377 1134 cumulo
388 1081 567 1144 cobaercrent,
582 1077 712 1136 terribilis
725 1083 753 1132 et
763 1091 833 1146 pene
842 1078 912 1132 tolc-

116 1173 214 1228 rabiiis
228 1171 433 1228 obnubilatione
445 1173 571 1236 nubium,
587 1170 765 1226 inundatione
772 1169 911 1234 imbrium,

116 1264 221 1334 impetu
245 1264 413 1321 validissimo
447 1275 592 1321 ventorum
629 1263 719 1320 subito
745 1261 913 1333 tempestatis

118 1363 214 1412 exorta
229 1366 272 1412 est
287 1359 425 1428 procella:
449 1373 510 1429 quae
532 1357 706 1427 usqueadeo
731 1355 856 1418 invaluit,
883 1361 914 1409 ut

117 1463 174 1502 non
186 1449 274 1502 solum
285 1447 389 1506 validas
403 1449 510 1515 domos,
526 1448 669 1504 sedetiam
687 1446 808 1519 lapideas
823 1453 913 1502 turres

118 1546 146 1592 et
161 1540 266 1609 ligneas
281 1539 410 1610 tristegas
424 1541 604 1596 concusserit.
620 1539 658 1593 Ea
672 1545 835 1608 tempestate
845 1551 914 1608 qua-

118 1631 183 1684 dam
199 1631 245 1686 die
259 1632 447 1690 anniversario
461 1631 574 1701 gloriosi
584 1630 728 1702 Dagoberti
740 1631 823 1702 regis,
851 1644 913 1684 cum

118 1722 286 1778 venerabilis
300 1722 479 1779 Carnutensis
490 1725 635 1794 episcopus
649 1721 804 1778 Gaulredus
814 1721 913 1778 missas

964 516 1038 588 quod
1054 531 1109 570 non
1128 516 1262 587 placuerit
1275 515 1357 570 nobis
1382 513 1536 569 dimittatis.
1554 513 1637 580 rQuo
1651 513 1755 580 audito,

964 616 995 663 ut
1010 615 1071 678 post
1081 608 1181 664 missas
1194 623 1245 663 nos
1254 614 1427 676 exspectaret
1440 606 1629 677 praecepimus,
1641 612 1669 662 et
1683 605 1757 677 quod

964 699 1115 755 offerebant
1140 714 1173 754 eo
1197 706 1333 770 praesente
1358 699 1434 752 linita
1455 698 1540 754 missa
1556 697 1659 753 nostris
1683 706 1758 752 retu·

965 791 1058 856 limus,
1087 790 1134 862 qui
1155 792 1207 845 boc
1236 791 1326 862 ipsum
1350 790 1449 846 divinae
1476 791 1651 846 ascribebant
1675 789 1758 861 largi-

963 884 1044 947 tioni,
1056 900 1090 939 eo
1102 885 1174 955 quod
1194 884 1247 939 boc
1264 884 1353 940 solum
1377 884 1450 954 quod
1473 883 1579 947 deerat,
1595 883 1668 955 quod
1684 899 1758 955 ‹prrae-

964 976 1051 1032 rendo
1061 976 1248 1046 fatigaremur,
1274 977 1414 1046 inopinate
1428 977 1618 1047 religiosorum
1641 977 1758 1032 fratrum

964 1067 1154 1138 deportatione
1168 1070 1330 1140 delegasset.
1342 1068 1462 1141 Urgebat
1473 1070 1603 1140 deinceps
1615 1085 1691 1126 novae
1701 1071 1758 1126 lrcri

964 1161 1200 1218 consecrationem
1214 1163 1347 1227 ecciesiae,
1365 1171 1421 1217 tam
1438 1164 1529 1234 operis
1545 1163 1683 1220 laboriosa
1691 1180 1759 1219 con-

965 1255 1123 1319 summatio,
1135 1271 1217 1326 quam
1232 1263 1338 1319 nostra,
1355 1266 1415 1326 qum
1431 1257 1465 1311 ad
1485 1256 1594 1311 bocdiu
1614 1257 1759 1313 anhelave-

964 1353 1018 1411 rat,
1032 1362 1165 1416 suspensa
1176 1346 1295 1402 devotio.
1311 1346 1344 1400 Et
1354 1349 1483 1417 quioniam
1496 1355 1552 1401 tam
1577 1349 1664 1418 ipsam
1676 1363 1759 1419 quam

964 1447 1122 1495 sanctorum
1142 1440 1313 1494 dominorum
1325 1447 1483 1496 nostrorum
1496 1440 1570 1495 velut
1584 1455 1634 1511 pro
1657 1441 1760 1510 gratia-

964 1548 1026 1587 rum
1050 1533 1168 1599 actione,
1183 1541 1210 1588 et
1235 1535 1336 1588 laboris
1364 1535 1451 1590 nostri
1481 1535 1638 1606 gratissimo
1656 1534 1759 1600 lruetu,

963 1625 1172 1681 translationem
1190 1625 1247 1680 sreri
1261 1626 1467 1681 celeberrimam
1483 1627 1604 1697 optando
1618 1627 1761 1682 atrectare·

964 1733 1037 1783 mus,
1054 1717 1135 1788 regiae
1144 1718 1296 1787 maiestatis
1309 1719 1477 1774 serenissimi
1501 1719 1574 1790 regis
1589 1717 1760 1774 Francorum

118 1813 269 1884 gratiarum
281 1829 331 1883 pro
345 1815 436 1869 anima
446 1814 569 1884 ejusdcm
583 1814 611 1869 in
625 1819 763 1869 conventu
773 1811 808 1868 ad
829 1813 916 1868 altare
931 1805 953 1864 B
967 1807 1099 1865 erdovici
1116 1809 1224 1882 placido
1244 1809 1337 1865 lavore
1354 1809 1538 1881 (desiderabat
1552 1811 1624 1866 enim
1648 1820 1760 1865 sanctos

118 1905 271 1975 principale
295 1904 394 1962 tostire
417 1905 578 1971 celebraret,
609 1911 702 1960 tantus
725 1903 915 1975 oppositorum

119 2005 266 2052 ventorum
278 1997 397 2069 impetus
409 1998 537 2068 prelatos
547 2013 628 2054 arcus
643 1997 719 2052 nullo
732 1995 859 2052 sullultos
871 2011 917 2068 po·

117 2091 177 2156 dio,
199 2093 284 2148 nullis
309 2092 461 2150 renitentes
496 2093 635 2164 suffragiis
662 2093 859 2164 impingebant,
887 2099 917 2147 ut

117 2182 316 2240 miserabiliter
326 2185 446 2250 tremuli,
462 2194 489 2242 et
502 2186 580 2256 quasi
593 2185 658 2240 irinc
671 2192 697 2239 ct
708 2183 771 2240 inde
781 2184 917 2240 ssuctrran-

118 2285 162 2332 tcs
175 2276 267 2332 subito
280 2276 437 2347 pestiieram
462 2277 632 2332 minarentur
651 2277 770 2332 ruinam.
794 2276 916 2344 Quorum

118 2367 234 2437 quidem
249 2376 495 2438 operturarumque
509 2369 701 2438 impulsionem
722 2383 785 2424 cum
807 2369 916 2439 episco-

119 2475 173 2529 pus
187 2465 391 2528 expavesceret,
403 2475 475 2530 sepe
491 2475 602 2515 manum
618 2461 816 2517 benedictionis
835 2462 863 2517 irr
884 2477 917 2517 ea

118 2559 198 2622 parte
209 2551 380 2616 extendebat,
396 2559 423 2607 et
437 2552 580 2608 brachium
592 2553 680 2608 sancti
696 2553 769 2608 senis
781 2551 917 2609 Simeonis

120 2642 257 2713 signando
267 2641 402 2697 instanter
412 2642 577 2712 opponebat,
592 2650 623 2696 ut
633 2639 776 2696 manifeste
790 2640 865 2696 nulla
874 2640 918 2697 sui

119 2733 287 2800 constantia,
304 2732 352 2789 scd
366 2733 424 2788 sola
438 2731 486 2787 liei
501 2733 610 2804 pietate,
627 2741 654 2788 ct
677 2739 835 2786 sanctorum
859 2747 918 2787 rne-

118 2825 174 2880 rito
185 2825 295 2880 ruinam
309 2823 426 2880 evadere
442 2831 595 2895 appareret.
614 2821 714 2894 Srcque
739 2839 800 2878 curn
823 2823 917 2879 multis

121 2915 151 2969 in
164 2915 234 2971 locis
249 2915 425 2979 iirmissimis,
442 2921 472 2968 ut
498 2915 656 2984 putabatur,
683 2913 805 2968 aediliciis
830 2915 917 2968 nauita

119 3008 265 3063 ruinarum
278 3005 451 3062 incommoda
464 3005 611 3070 intulisset,
626 3005 725 3060 virtute
752 3008 861 3076 repulsa
876 3005 918 3060 di-

966 1901 1761 1974 martyressuosproteetoresardentissimevidere):diem

967 1993 1064 2064 agendi
1089 1995 1209 2049 secunda
1228 1993 1303 2048 iunii
1326 1993 1468 2048 Dominica
1493 1993 1618 2050 videlicet
1638 2010 1671 2049 ιιι
1697 1993 1761 2050 ldrrs

966 2086 1040 2158 quod
1051 2093 1094 2143 est
1107 2087 1239 2144 barnabae
1253 2088 1380 2161 apostoli,
1401 2088 1526 2143 consulte
1547 2088 1758 2159 assignavimus.

1002 2179 1176 2238 iuvitatorias
1191 2183 1282 2253 itaque
1296 2180 1401 2236 nuntiis
1423 2181 1517 2235 multis
1539 2182 1620 2236 etiam
1635 2179 1760 2236 cursori-

966 2271 1019 2328 bus
1033 2279 1060 2328 et
1083 2273 1258 2344 praeambulis
1285 2288 1355 2343 pene
1383 2288 1432 2343 per
1453 2272 1597 2327 universas
1611 2269 1761 2326 Galliarum

967 2367 1093 2438 regiones
1108 2367 1215 2423 litteras
1228 2367 1425 2438 delegavimus,
1441 2366 1675 2436 archiepiscopos.
1702 2365 1762 2437 epi-

968 2475 1077 2530 scopos,
1101 2475 1134 2514 en
1157 2464 1234 2529 parte
1246 2467 1415 2524 sanctorum,
1431 2465 1458 2513 et
1472 2457 1564 2513 debito
1591 2457 1761 2526 apostolatus

967 2568 1063 2607 eorum
1074 2557 1157 2606 tantae
1172 2551 1305 2606 interesse
1315 2551 1483 2606 solemnitati
1497 2550 1588 2605 votive
1601 2546 1762 2604 sollicitavi·

967 2659 1039 2699 mus.
1055 2643 1178 2710 Quorum
1190 2658 1253 2697 cum
1264 2644 1365 2697 multos
1379 2649 1407 2697 ιι
1427 2641 1551 2696 diversos
1567 2638 1600 2693 ad
1616 2640 1668 2693 iroc
1682 2654 1762 2708 pera-

968 2734 1086 2807 gendum
1103 2743 1243 2806 gratanter
1258 2736 1412 2806 gratantius
1426 2749 1532 2799 omnes,
1546 2733 1568 2788 si
1584 2732 1641 2786 sieri
1657 2738 1761 2803 posset,

968 2826 1173 2897 excepissemus
1191 2846 1197 2881 :
1214 2827 1273 2898 ipse
1287 2826 1416 2882 dominus
1440 2841 1489 2881 rex
1510 2825 1665 2880 erdovierrs
1677 2830 1704 2878 et
1719 2840 1763 2880 re-

968 2919 1033 2990 gina
1057 2917 1158 2988 conjux
1179 2917 1240 2986 ejus
1254 2918 1356 2980 Aanor,
1382 2924 1409 2972 et
1434 2925 1522 2972 mater
1545 2918 1617 2987 ejus,
1635 2924 1662 2971 ct
1687 2915 1762 2988 regni

969 3010 1113 3081 optimates
1135 3008 1264 3080 perendie
1291 3009 1482 3063 adventarunt.
1496 3008 1659 3063 Dedirersis
1674 3013 1763 3062 natio-

119 3103 195 3168 vn'na,
207 3101 389 3156 titubantibus
397 3101 426 3154 in
439 3099 495 3154 aito
504 3099 571 3154 solia
582 3105 609 3152 ct
620 3097 777 3153 recentibus
786 3098 916 3163 arcubus
969 3118 1035 3157 nrrm
1049 3109 1076 3156 et
1091 3117 1236 3172 regnorum
1250 3101 1422 3172 proceribus,
1435 3100 1574 3156 nobilibus
1584 3107 1611 3154 ct
1629 3099 1763 3170 gregariis

119 3196 192 3251 nibil
205 3194 328 3266 proierre
337 3193 480 3265 praevaluit
495 3191 668 3247 incommodi.

158 3287 290 3344 Secutum
305 3295 348 3343 est
362 3286 437 3341 aliud
448 3285 561 3357 dignum
572 3283 704 3339 memoria
721 3283 832 3348 lactum,
845 3281 918 3355 quod

119 3397 178 3437 non
192 3397 225 3437 ex
241 3379 386 3445 accidenti,
403 3381 474 3436 sieut
488 3379 522 3434 de
534 3377 634 3433 talibus
657 3377 782 3448 judicant
803 3377 848 3448 qui
879 3376 918 3430 illi

119 3475 299 3530 consentiunt
313 3482 404 3538 sectae,
419 3471 546 3526 videlieet
560 3470 632 3542 quod
651 3470 719 3526 ioris
744 3471 848 3526 incerta
871 3485 918 3525 va·

118 3573 212 3637 gatar,
234 3565 339 3636 iertque
363 3565 500 3635 refertque
510 3564 595 3629 sicea,
612 3570 639 3618 et
668 3563 770 3617 babent
794 3563 919 3618 mortalia

119 3674 222 3714 casus:
240 3657 289 3714 sed
303 3657 395 3714 divina
412 3657 566 3727 largitione,
582 3672 642 3728 quae
657 3657 684 3710 in
700 3671 731 3712 se
746 3656 919 3726 sperantibus

119 3751 232 3821 magnis
247 3758 273 3806 et
286 3750 378 3821 parvis
396 3749 424 3804 in
438 3749 565 3804 omnibus
578 3749 703 3820 providet
717 3749 869 3812 allluenter,
891 3756 919 3804 ct

118 3859 182 3913 quae
194 3843 271 3898 novit
286 3841 426 3913 protutura
438 3841 620 3898 administrat.
633 3840 700 3896 Cum
714 3843 785 3898 enim
800 3841 917 3913 quadam

119 3936 165 3992 die
176 3934 212 3990 de
225 3944 357 4006 apparatu
372 3933 502 4006 proximae
515 3935 730 3990 consecrationis
745 3933 837 3999 curiae,
853 3933 918 4005 quia

118 4028 270 4082 nmaimam
285 4027 344 4084 iore
359 4028 595 4099 praestoiabamur,
624 4034 651 4082 et
679 4043 741 4082 eum
757 4027 863 4092 amicis,
890 4035 918 4083 et

117 4119 361 4184 ministerialibus,
377 4127 405 4175 et
418 4120 517 4176 villicis
529 4120 633 4176 nostris
646 4135 798 4191 ageremus,
826 4127 854 4175 et
868 4134 918 4190 pro

117 4220 277 4283 temporum
292 4215 424 4286 gravitate
436 4213 542 4286 (mense
551 4213 624 4269 enim
638 4213 800 4286 tantopere
825 4214 918 4270 omnia

117 4305 251 4361 victualia
262 4321 326 4361 cara
342 4305 432 4378 erant)
446 4303 480 4361 de
495 4307 557 4361 aliis
571 4304 661 4362 fauste
671 4307 738 4362 satis
751 4307 918 4377 providisse·

117 4412 195 4465 mus,
212 4397 265 4454 boc
279 4413 330 4454 nos
345 4399 433 4454 solum
447 4398 566 4470 graviter
580 4397 744 4465 oilendelrat,
759 4399 832 4472 quod
855 4415 918 4454 car-

969 3195 1087 3248 miiitum
1114 3200 1141 3248 et
1155 3195 1277 3264 pediturn
1299 3193 1407 3257 turmis,
1424 3195 1498 3248 nulia
1515 3195 1636 3264 suppetit
1649 3209 1763 3264 compu-

968 3287 1047 3341 tatio.
1069 3285 1418 3357 Arcbiepiscoporurnvero
1429 3293 1457 3340 et
1471 3286 1664 3356 cpiscoporum
1688 3284 1763 3338 assi-

969 3378 1100 3434 stentium
1124 3378 1180 3433 haee
1205 3377 1343 3432 intitulata
1366 3377 1562 3440 mutuamina,
1579 3374 1696 3429 Samson
1709 3372 1763 3429 iic·
1782 3394 1784 3397 ·

968 3469 1073 3524 mensis
1100 3469 1341 3539 archiepiscopus,
1369 3465 1690 3536 licgoliorlronragensis
1718 3481 1765 3519 arn

969 3562 1179 3633 cbiepiscopus,
1219 3560 1307 3616 Guido
1334 3560 1474 3618 Senonum
1518 3560 1762 3631 archiepiscopus,

969 3652 1357 3710 TireobaldrrsCantuaricnsis
1368 3651 1763 3724 archiepiscopus,Gauiredus

968 3745 1081 3803 Carnoti
1096 3746 1253 3818 episcopua,
1276 3745 1404 3802 Joslenus
1419 3744 1588 3801 Suessonurn
1602 3746 1760 3818 episcopus,

970 3839 1066 3896 Simon
1079 3837 1205 3895 Noviomi
1219 3840 1376 3910 episcopus,
1393 3837 1467 3894 Elias
1481 3838 1637 3893 Aurelianis
1655 3839 1763 3908 episco-

967 3948 1031 4004 pus,
1070 3931 1129 3988 Odo
1152 3931 1262 3988 Belraci
1287 3933 1445 4003 episcopus,
1472 3929 1552 4002 iirrgo
1577 3932 1761 3988 Autissiodori

968 4028 1125 4098 episeopus,
1141 4025 1250 4082 Alrriius
1263 4025 1387 4080 Atrebati
1399 4026 1556 4097 episcopus,
1577 4025 1666 4082 Grrido
1680 4027 1764 4082 Cata-

968 4120 1059 4177 launis
1072 4119 1228 4191 episcopus,
1244 4117 1591 4190 AlgarusConstantiarum
1602 4119 1759 4190 episcopus,

967 4211 1104 4270 Rotrocus
1123 4209 1298 4267 Ebroiccnsis
1315 4211 1472 4282 episcopus,
1494 4211 1557 4266 lrlilo
1577 4209 1761 4269 Terranensis

968 4306 1124 4378 episcopus,
1142 4304 1283 4362 ilanasscs
1304 4303 1400 4360 ileldis
1419 4305 1575 4375 episcopus,
1592 4303 1689 4360 Petrus
1705 4304 1761 4359 Sil·

967 4400 1091 4454 vanectis
1116 4399 1270 4468 episeopus
1283 4396 1335 4463 Qui
1349 4412 1445 4452 omnes
1461 4412 1523 4450 cum
1538 4397 1656 4468 gloriose
1670 4414 1702 4452 ex
1722 4397 1762 4451 al-

116 4508 171 4547 nes
183 4492 315 4548 arietinas
329 4499 439 4563 propter
454 4493 545 4548 ovium
561 4508 622 4562 quar
635 4491 730 4548 eodem
745 4510 817 4550 anno
831 4493 918 4550 exsti·
933 4511 955 4566 p
968 4489 1086 4545 tioribus
1096 4488 1219 4545 ecclcsiae
1234 4504 1290 4544 suae
1304 4489 1430 4560 personis
1446 4503 1495 4558 pro
1507 4496 1582 4542 tanta
1597 4495 1624 4542 et
1640 4498 1695 4543 taur
1710 4506 1761 4552 qo-

118 4590 214 4637 terant
239 4583 401 4646 morticina,
430 4581 667 4637 Aurelianensirrnr
700 4597 778 4654 pago,
802 4590 829 4638 et
854 4599 918 4638 ver-

117 4689 171 4730 sus
213 4673 399 4744 Burgundiam
431 4675 575 4743 quaeritare
610 4682 756 4744 oporteret.
796 4673 919 4746 Cumque

118 4769 200 4825 nriiie
215 4767 331 4831 solidos,
349 4772 395 4821 aut
410 4773 543 4836 ‹quantum
565 4773 703 4837 oporteret
726 4769 761 4822 ob
778 4767 830 4822 boc
854 4766 918 4822 iiiuc

118 4863 302 4939 pergentibus
317 4861 377 4915 dari
392 4861 512 4931 graviter
535 4877 570 4916 ne
594 4861 671 4917 tarde
700 4862 820 4918 redirent
854 4864 918 4933 quia

119 4973 188 5016 sero
200 4959 383 5028 incoeperant,
396 4955 599 5024 praecepissent,
612 4963 743 5026 sequente
755 4971 842 5018 manc,
854 4971 918 5011 cum

119 5051 157 5105 de
169 5048 309 5104 camerula
319 5054 414 5100 nostra
429 5045 463 5099 ad
475 5046 563 5100 sancti
576 5046 703 5106 sacrificii
721 5063 755 5102 ex
770 5054 918 5102 consuetu-

119 5141 188 5196 dine
199 5137 381 5193 accelerarem
396 5138 618 5202 celebrationem,
634 5137 725 5195 subito
748 5137 858 5208 quidam
884 5137 918 5194 de

120 5231 258 5287 rrarrrrrus
274 5229 344 5285 albis
359 5230 509 5285 monachus
532 5229 696 5286 renitentem
724 5230 758 5284 ari
780 5245 916 5285 eameram

120 5337 168 5378 me
182 5321 308 5377 retrahit.
325 5319 354 5376 in
365 5337 445 5392 qrrenr
463 5322 668 5394 aliquantisper,
676 5323 739 5392 quia
751 5337 827 5378 nosa
841 5330 917 5378 tarrto

118 5414 291 5484 impediebat
306 5429 398 5484 opere,
414 5424 578 5480 commotus,
594 5430 655 5470 curn
672 5415 763 5471 minus
784 5415 853 5470 bene
876 5432 918 5472 re-

120 5505 298 5577 spondissem
308 5525 315 5562 :
327 5525 336 5557 r
349 5505 521 5570 Audivimus,
534 5507 631 5578 inquit,
648 5506 757 5562 domine
770 5516 856 5577 pater,
869 5525 917 5565 vos

120 5598 158 5651 ad
184 5597 332 5652 instantem
356 5597 572 5652 consecrationis
596 5604 694 5652 vestrae
715 5599 916 5654 solemnitatem

122 5690 251 5745 arietinis
266 5689 396 5745 carnibus
414 5689 546 5760 indigere,
571 5698 598 5746 et
612 5691 703 5749 indea
724 5689 856 5748 iratribus
866 5707 917 5746 rro-

122 5781 192 5838 stris
205 5782 308 5838 missus
329 5783 443 5838 arietum
462 5797 569 5854 gregem
589 5785 736 5839 marimum
762 5785 916 5855 paternitati

968 4579 1016 4636 bili
1027 4578 1134 4635 actione
1143 4586 1218 4634 tanto
1231 4579 1387 4649 spectaculo
1399 4580 1591 4645 accessfssent,
1603 4580 1761 4636 interiorem

968 4673 1070 4728 mentis
1090 4679 1117 4727 et
1131 4673 1223 4728 cordis
1246 4673 1426 4727 intentionem
1440 4675 1531 4728 cultus
1545 4679 1572 4728 et
1586 4673 1696 4728 babitus
1710 4689 1760 4727 cx·

968 4764 1223 4835 teriordesignavit.
1245 4763 1301 4820 Nos
1317 4773 1480 4835 autemnon
1497 4773 1604 4821 tantum
1617 4767 1761 4822 exteriori·

968 4856 1021 4914 bus
1037 4856 1080 4930 (ea
1094 4858 1167 4913 enim
1189 4857 1330 4913 aiiluenter·
1354 4859 1414 4915 sine
1431 4861 1541 4931 quercla
1555 4859 1677 4915 exbiberi
1691 4875 1760 4930 prar-

968 4948 1205 5021 ceperamus),die
1217 4948 1327 5022 Sabbati
1340 4954 1464 5022 proxima
1476 4951 1637 5007 Sanctorum
1645 4967 1759 5022 corpora

968 5041 1002 5097 dc
1026 5042 1084 5098 suis
1112 5050 1285 5099 assumentes
1299 5045 1438 5109 oratoriis,
1466 5060 1500 5098 err
1518 5043 1718 5098 consuetudine
1731 5043 1760 5098 in

967 5133 1087 5203 palliatis
1107 5134 1233 5190 tentoriis
1252 5135 1279 5189 iu
1305 5137 1379 5190 exitu
1391 5137 1465 5191 ebori
1478 5135 1669 5191 decentissime
1680 5151 1761 5205 repo·
1825 5193 1830 5200 ,

967 5227 1058 5283 nendo
1099 5227 1260 5284 locavimus.
1293 5227 1508 5284 Sacramentalia
1541 5227 1761 5284 consecrationis

968 5321 1151 5376 instrumenta
1168 5322 1264 5378 devote
1286 5330 1391 5378 tantum
1420 5321 1550 5393 gaudium
1569 5322 1759 5393 prestolantes

967 5415 1202 5486 praeparabamus,
1218 5430 1273 5485 quo
1293 5413 1397 5469 intenta
1417 5420 1556 5468 tantarum
1568 5427 1758 5483 personarum,

966 5519 1023 5564 tani
1038 5515 1132 5565 sancta
1147 5509 1271 5579 expedite
1291 5508 1436 5564 ecclesiam
1447 5507 1522 5562 intus
1536 5513 1648 5562 etertra
1664 5506 1758 5577 perlu-

968 5610 1056 5658 strare
1078 5609 1171 5674 posset
1187 5601 1337 5672 processio,
1351 5601 1593 5672 componebamus.
1604 5599 1681 5656 Unde
1695 5615 1758 5654 curn

967 5695 1117 5769 gloriosum
1132 5703 1159 5751 et
1174 5695 1356 5750 humillimum
1369 5692 1537 5749 Francorum
1559 5709 1650 5764 regern
1668 5691 1759 5748 erdo-

967 5788 1069 5853 vicun,
1094 5794 1124 5841 ut
1145 5801 1194 5857 per
1220 5787 1367 5859 optimates
1380 5792 1407 5841 ct
1434 5783 1541 5841 nobiles
1558 5799 1625 5840 suos
1641 5783 1675 5840 ab
1699 5784 1758 5851 ipsa
