3967 6334
267 366 322 426 355
746 364 935 424 mensule*
953 359 1257 422 cuulsorott'ttrtt
1277 357 1433 416 Ertscort
1833 365 1873 420 tlt

269 493 325 550 tur,
341 486 366 541 si
381 484 454 540 inter
465 496 612 556 perversos
626 481 689 554 plus
708 483 851 553 aequalitas
871 497 954 553 quam
975 481 1063 536 disci·
1079 479 1210 549 Apiuut,
1227 477 1274 532 sed
1296 492 1379 548 opera
1393 492 1448 532 non
1464 475 1585 542 faciunt,
1602 475 1673 531 unde
1694 476 1821 546 sequitur,
1832 485 1878 539 etia

269 579 344 649 plina
366 587 501 634 teneatur.
516 575 588 642 Quia
606 575 681 632 enirn
695 573 764 630 falsa
785 575 885 645 pietate
906 581 1063 644 superatus,
1116 570 1211 640 plateis
1229 570 1327 622 nostris
1341 566 1467 623 docuisti.
1483 565 1624 639 Scriptum
1639 579 1718 622 sacra
1731 566 1804 622 cibus
1816 573 1879 628 estin

270 668 355 726 ferire
367 668 410 724 Eli
424 669 617 740 delinquentes
632 665 801 724 flliosnoluit
816 665 843 737 (1
854 665 916 737 llaq.
933 664 977 739 u),
992 665 1064 737 apud
1116 662 1185 717 locis
1200 660 1425 726 obscurioribus,
1442 660 1506 730 quia
1520 659 1680 730 exponendo
1701 657 1778 728 quasi
1800 657 1879 734 fraugi-

269 760 428 816 districtum
439 759 559 828 judicem
574 759 696 830 seipsum
712 775 774 814 cum
793 758 856 815 ultis
870 758 974 813 crudeli
987 757 1066 812 dam·
1117 761 1163 808 tur
1177 761 1204 809 et
1219 754 1341 824 glutitur.
1357 751 1443 807 Potus
1458 767 1523 807 nero
1537 759 1580 809 est
1594 753 1621 806 in
1633 749 1820 822 apertioribus,
1833 755 1879 821 quia

272 851 383 907 natione
404 850 552 922 percussit.
575 848 655 905 Unde
676 865 792 906 necesse
813 856 856 905 est
878 858 908 904 ut
929 855 1065 904 rectorem
1118 845 1156 900 ita
1172 845 1300 900 sorlctur
1314 852 1343 899 ut
1357 845 1507 900 inuenitur.

272 942 391 1000 subditis
406 949 433 997 et
444 949 561 998 matrem
573 940 673 1013 pietas,
688 949 716 996 et
729 949 835 1012 patrem
845 941 972 996 exhibeat
982 939 1066 995 disci·
1154 935 1189 990 Et
1204 935 1271 990 dicet
1286 935 1376 991 uobis:
1395 934 1493 990 Nescio
1507 951 1550 990 noa
1574 933 1642 988 anda
1658 932 1729 988 sitia.
1748 931 1880 990 disceditea

272 1034 358 1106 plina,
373 1042 457 1104 atque
470 1033 589 1089 sollicite
605 1031 802 1105 providendum
816 1049 852 1088 ne
864 1040 910 1087 aut
929 1031 1067 1088 districtio
1119 1047 1160 1085 me
1173 1046 1261 1084 omnes
1273 1029 1389 1100 operarii
1400 1029 1557 1099 iniquitatis.
1575 1025 1616 1081 ltt
1629 1025 1679 1081 erit
1687 1025 1766 1095 [fetat
1776 1035 1798 1078 et
1807 1027 1881 1082 stridor

272 1126 372 1198 rigida,
388 1133 438 1181 aut
451 1127 539 1198 pietas
550 1126 587 1182 sit
600 1127 726 1182 remissa.
739 1125 874 1196 Principes
888 1125 1005 1196 qratiam
1019 1123 1067 1178 de-
1119 1121 1246 1177 dentium.

273 1199 521 1278 minantureorftm,
537 1213 565 1267 id
592 1220 635 1268 est
659 1193 824 1282 pop‘ulorum
839 1211 978 1282 gentium,
995 1223 1022 1266 et
1037 1209 1067 1264 ιιι
1154 1212 1214 1268 Non
1228 1211 1354 1283 legalium
1367 1208 1544 1265 festivitatum
1559 1209 1679 1278 epulatio
1695 1207 1879 1278 adjuvatqueu

273 1306 372 1361 relatio
387 1305 559 1377 pronominis
574 1303 608 1358 ad
623 1302 791 1358 intellectum
1120 1306 1183 1362 fidei
1199 1306 1287 1376 pietas
1301 1319 1356 1359 non
1370 1303 1561 1367 commendat;
1583 1317 1637 1357 uon
1658 1299 1774 1356 scicntia
1786 1299 1882 1370 Scriptu-

369 1439 396 1524 N
469 1417 516 1468 sou
550 1438 583 1522 R
637 1417 682 1466 tib
715 1433 748 1522 Α
803 1414 832 1467 91
867 1423 895 1467 et
925 1415 972 1466 155
1119 1412 1212 1454 rarum
1229 1391 1883 1464 lleonotumlacit,quernoperuminiquitasob-

421 1499 433 1524 ⁰
591 1507 602 1528 ·
756 1496 768 1521 ⁶
1119 1485 1303 1559 tutibus'ejus
1319 1487 1461 1559 indignum
1476 1486 1604 1542 ostendit.

225 1563 231 1570 ’
308 1581 672 1644 St'ttttf'iliutftominitnon
690 1584 758 1638 canit
774 1592 803 1637 ut
823 1585 1066 1646 mirriatraretttret',
1369 1597 1402 1683 L
1459 1577 1505 1626 tta
1540 1593 1580 1682 Μ
1637 1573 1669 1624 65

274 1673 320 1730 aad
333 1683 362 1728 ut
378 1671 553 1737 mittiatraret,
565 1680 590 1725 at
601 1669 677 1726 durat
690 1672 808 1726 onirnont
820 1687 897 1726 tuam
910 1670 1068 1740 redemptio·
1411 1658 1423 1683 ⁸
1474 1655 1489 1688 v
1589 1653 1603 1684 ⁰

274 1783 332 1821 nent
342 1782 390 1836 pro
404 1765 508 1820 multia.

311 1857 360 1913 Sui
370 1859 496 1930 proponit
506 1859 671 1928 exemplum.
682 1855 737 1912 Pro
745 1855 846 1921 multis,
859 1855 957 1927 iuquit,
975 1854 1003 1911 id
1026 1861 1068 1911 est

274 1966 325 2022 pro
339 1950 532 2012 credentibus,
549 1965 604 2005 riou
619 1965 668 2020 pro
678 1948 807 2004 omnibus
821 1948 989 2003 bominibus.
1007 1946 1072 2002 Vtrlt

274 2042 385 2114 quidem
399 2041 471 2097 Deus
486 2057 582 2097 omnes
599 2041 691 2096 salros
707 2040 776 2103 fueri,
792 2040 840 2096 sed
852 2038 875 2095 si
890 2039 1023 2095 accedant
1036 2040 1071 2094 ad
1369 2085 1416 2134 tid
1548 2080 1594 2131 ¹99
1727 2076 1768 2127 m

275 2150 349 2188 cum
366 2132 514 2188 Nonenim
530 2133 653 2196 sicrult,
669 2139 699 2186 ut
715 2133 840 2188 nolentes
858 2131 1072 2200 salventur,sed
1278 2105 1332 2192 L.
1384 2159 1402 2193 u
1449 2101 1492 2188 Μ
1501 2161 1513 2186 ·
1630 2099 1687 2185 R·

275 2225 409 2280 uolentes.
425 2224 547 2280 llcdieus
567 2224 596 2278 in
614 2223 725 2294 publico
739 2224 859 2278 ostendit
878 2239 908 2280 se
928 2224 997 2279 nelle
1017 2224 1073 2278 sal·
1159 2230 1193 2286 Er
1211 2247 1268 2286 ecee
1282 2238 1344 2285 eum
1365 2225 1503 2283 nouissimi
1526 2224 1571 2295 qui
1594 2231 1671 2278 eraut
1694 2220 1790 2290 princi,
1811 2229 1833 2274 et
1846 2229 1889 2276 ant

276 2331 357 2381 rare,
379 2317 401 2372 si
423 2324 514 2371 tamcu
536 2316 571 2370 ab
584 2315 665 2386 aegris
678 2315 844 2385 requiratur.
862 2314 922 2371 Non
938 2322 982 2372 est
998 2317 1072 2371 enim
1122 2323 1204 2393 primi
1217 2323 1262 2394 qui
1277 2329 1354 2376 eram
1364 2317 1511 2375 noobeimi.

276 2425 341 2464 scra
353 2409 439 2472 salus,
452 2408 476 2465 si
490 2409 594 2464 nolenti
612 2409 759 2463 tribuatur.
774 2407 855 2464 Fides
868 2416 911 2464 est
924 2410 999 2465 enirn
1011 2424 1073 2479 quaa
1401 2403 1516 2465 CAPUT
1536 2403 1629 2461 CXIV.

276 2503 325 2559 dat
337 2505 463 2567 salutcru,
483 2518 566 2572 quam
582 2501 636 2557 nisi
650 2517 729 2558 niens
743 2504 896 2573 susceperit
905 2511 962 2559 tota
974 2503 1072 2558 solun·
1164 2543 1168 2554 .
1548 2499 1595 2548 923

277 2602 346 2660 tate,
362 2609 417 2648 nou
432 2592 601 2648 solumnilril
616 2591 747 2662 proderit,
764 2592 811 2647 sed
826 2602 852 2648 et
865 2593 963 2649 oberit.
1498 2579 1511 2605 ·
1564 2575 1578 2609 ¹
1730 2644 1737 2656 1

560 2680 677 2738 CAPUT
696 2680 789 2737 exqqq,
1161 2648 1195 2704 Et
1207 2649 1339 2720 inpressas
1361 2645 1440 2702 farus
1459 2644 1662 2716 perambulabat
1676 2641 1791 2698 Jertcbo,
1807 2641 1836 2696 Et
1850 2661 1890 2698 etet

634 2771 680 2821 173
814 2773 845 2821 bb
1124 2742 1164 2795 air
1177 2741 1280 2794 nomine
1293 2737 1433 2803 Zacboeaa,
1448 2746 1473 2792 et
1488 2737 1529 2791 fria
1547 2744 1606 2792 erat
1619 2737 1745 2806 princeps
1764 2733 1889 2803 publicaue

543 2792 597 2878 L·
649 2849 665 2886 Υ
714 2792 777 2878 Μ·
1124 2847 1194 2894 rum,
1211 2840 1236 2886 et
1251 2831 1306 2901 ipse
1319 2829 1400 2898 divar.
1413 2829 1447 2883 Et
1459 2826 1591 2900 querebat
1605 2827 1694 2883 videre
1704 2825 1795 2881 fetum
1805 2827 1852 2896 quir
1861 2843 1889 2878 ιι-

317 2940 328 3012 (
336 2939 408 3011 Lege
421 2955 483 3010 cap.
498 2939 534 2995 lo
547 2940 631 3010 bujus
650 2939 770 3010 operis).
788 2938 823 2992 Et
841 2940 880 2993 ait
891 2939 933 2993 illi
946 2939 1072 3010 quietam:
1125 2928 1174 2986 ret,
1189 2928 1214 2976 et
1234 2937 1287 2975 non
1300 2929 1403 2990 poterat
1424 2935 1480 2990 pra
1495 2919 1584 2984 tarda,
1599 2921 1662 2991 qaia
1679 2925 1787 2974 statura
1804 2917 1889 2986 pusilla

279 3031 403 3096 Donrine,
419 3049 480 3102 erqo
494 3033 574 3101 pauci
591 3041 653 3086 sant
668 3033 713 3103 qui
727 3032 794 3086 aaftt‘
808 3033 895 3101 fiant?
910 3031 971 3101 fpaa
984 3041 1073 3086 autent
1124 3023 1192 3069 Μ’·
1216 3011 1251 3068 ΕΙ
1266 3028 1431 3083 f’fffl‘l‘fffm
1440 3053 1448 3078 v
1472 3011 1591 3068 “lfflldl'l
1613 3011 1641 3066 in
1655 3009 1779 3065 “imm
1800 3026 1890 3080 ‘lilim'

280 3123 349 3179 diait
362 3123 397 3178 ad
408 3122 468 3179 iilos
484 3121 661 3178 :coutendite
680 3125 782 3178 intrare
797 3140 844 3193 per
858 3113 999 3194 anquatam
1010 3138 1073 3193 por·
1126 3123 1196 3172 mm,
1211 3115 1240 3160 ιιι
1255 3105 1353 3160 videm
1363 3104 1451 3168 illum,
1467 3105 1530 3174 ‘ilfa
1540 3112 1597 3158 “⁰⁸
1613 3102 1673 3156 ''²²‘st
1691 3103 1852 3156 ‘'am''flfll·
1946 3135 1947 3144 ¹

281 3221 347 3278 tota,
362 3215 425 3284 quio
442 3213 519 3268 ntuiti
534 3211 708 3285 (dico'oobir)
720 3222 841 3284 quarrmt
857 3214 967 3278 intrare,
979 3221 1005 3267 at
1021 3181 1107 3266 trauC
1160 3197 1230 3254 Εθθθ
1242 3198 1374 3263 camelus,
1387 3197 1510 3268 deposita
1525 3195 1597 3267 gibbi
1611 3195 1788 3266 sarcinam&
1797 3193 1890 3249 foranu

279 3311 412 3373 poteraut.
1125 3302 1192 3342 acus
1206 3287 1324 3354 transit,
1348 3285 1400 3340 huc
1424 3292 1466 3341 cst
1489 3285 1565 3340 diues
1578 3291 1606 3340 et
1629 3285 1804 3355 publicanus,
1820 3284 1891 3338 relicto

627 3415 671 3466 til
796 3416 828 3468 60
1126 3395 1208 3436 onere
1221 3379 1396 3442 diuitiarum,
1413 3385 1570 3448 contempto
1591 3393 1676 3434 censu
1701 3377 1844 3438 fraudium,
1857 3391 1891 3430 aa»

528 3436 590 3522 M·
708 3435 761 3522 L.
1126 3479 1233 3544 gustam
1248 3479 1355 3543 portam
1372 3477 1532 3540 arctamque
1546 3471 1630 3534 viam,
1646 3485 1711 3540 quac
1724 3469 1759 3524 ad
1772 3471 1844 3522 vitam
1855 3467 1891 3520 du·

279 3591 285 3612 t
317 3559 385 3616 Cum
407 3569 495 3614 autem
513 3561 651 3614 intraverit
668 3561 878 3630 paterfamiliae,
898 3569 924 3616 at
948 3561 1074 3615 clauserit
1126 3564 1182 3631 cit,
1205 3563 1339 3618 ascendit.
1365 3561 1398 3616 Et
1422 3563 1487 3633 quia
1510 3561 1655 3618 deuotione
1684 3561 1749 3616 fidei
1769 3559 1801 3614 ad
1819 3557 1891 3614 vitu·

279 3652 389 3716 ortium,
401 3661 426 3705 et
437 3651 567 3721 incipietis
579 3653 653 3722 forat
665 3663 737 3707 atara
749 3662 774 3707 et
785 3653 892 3722 pulsare
911 3656 1020 3717 ostiam,
1033 3653 1076 3707 di·
1126 3657 1191 3711 ditm
1206 3654 1394 3719 Salt'atorem,
1410 3652 1484 3724 quod
1495 3662 1594 3708 natura
1606 3651 1700 3708 miuus
1712 3652 1803 3714 babet,
1819 3665 1891 3704 ascen·

281 3751 386 3797 coartet:
400 3741 530 3806 flantine,
544 3744 618 3811 aperi
630 3742 716 3798 nobit.
729 3742 763 3796 Et
773 3743 941 3812 respondens,
952 3744 1021 3798 dicet
1031 3761 1076 3798 ao·
1127 3764 1160 3803 su
1181 3748 1288 3817 supplet
1299 3743 1425 3809 arboris,
1449 3744 1524 3814 juste
1545 3743 1619 3814 quod
1640 3757 1740 3813 rogare
1760 3757 1812 3796 non
1830 3739 1891 3794 aude*

283 3831 342 3887 tte:
359 3831 457 3887 ffercr'o
471 3851 514 3889 eor
525 3834 594 3888 aride
604 3835 675 3889 ritis.
1126 3839 1183 3904 bat,
1197 3837 1345 3892 bontntcae
1365 3837 1550 3906 susceptionis
1570 3835 1790 3891 benedictionem
1803 3833 1890 3902 accipi.
1947 3831 1948 3842 ¹

317 3915 377 3976 lion
393 3923 469 3978 uouit
481 3924 527 3978 fur
543 3925 689 3989 tenebras,
706 3923 733 3979 id
749 3932 791 3980 est
807 3940 861 3980 uou
884 3925 999 3995 aspicit,
1011 3925 1076 3996 quia
1127 3945 1208 4000 quam
1223 3927 1408 3983 desiderabat.
1424 3925 1494 3992 Quia
1509 3926 1591 3982 etiam
1607 3927 1688 3981 turba
1707 3925 1830 3996 imperita
1844 3937 1890 3976 tot·

282 4018 307 4069 si
325 4013 476 4084 aspiceret,
492 4015 610 4072 tenebrae
633 4031 688 4070 non
701 4025 804 4072 essent.
820 4015 1021 4072 Paterfamilias
1034 4024 1077 4072 est
1128 4020 1199 4075 fusio
1214 4017 1399 4078 multitudiuis
1423 4023 1476 4080 est,
1499 4031 1560 4086 quae
1573 4017 1707 4071 uerticem
1725 4015 1851 4085 sapientia
1861 4011 1890 4064 ri·

282 4101 428 4170 Christus,
450 4106 497 4175 qui
521 4106 621 4177 ubique
640 4114 716 4162 totus
729 4114 773 4162 εει
785 4123 819 4161 ει
832 4107 986 4162 diuinitate.
1000 4107 1077 4163 lutus
1127 4111 1191 4166 dere
1201 4107 1309 4179 nequit:
1324 4108 1423 4163 merito
1433 4121 1490 4162 non
1505 4107 1533 4161 in
1545 4106 1636 4170 turba,
1653 4105 1703 4162 sed
1715 4106 1815 4176 plebem
1825 4112 1891 4158 trane

282 4209 350 4268 erqo
369 4203 413 4252 est
431 4196 499 4265 illis,
520 4213 590 4268 quos
606 4199 634 4253 in
649 4199 755 4254 coelesti
774 4198 861 4268 patria
883 4198 1012 4262 laetitleat,
1029 4198 1077 4254 scd
1128 4217 1238 4273 gressus
1256 4201 1371 4255 insciam
1383 4199 1424 4272 [iu
1436 4199 1561 4272 scientia]
1573 4239 1580 4263 ,
1593 4213 1674 4270 quem
1686 4197 1829 4261 desiderat,
1839 4195 1891 4264 aspi

282 4289 364 4359 quasi
382 4288 450 4345 foris
469 4297 512 4346 est
528 4290 618 4346 adhuc
639 4291 699 4356 eis,
719 4306 789 4361 quos
810 4291 837 4344 in
855 4291 906 4345 hac
920 4291 1078 4362 peregrina·
1128 4292 1175 4348 cit.
1192 4292 1322 4348 Zacbaeus
1337 4300 1427 4347 autem
1439 4290 1820 4362 interpretaturjartificatar,
1835 4285 1891 4341 etsi·

283 4379 360 4435 tione
379 4389 517 4438 certantes
535 4384 659 4438 occuitus
682 4382 802 4452 adjuvat.
827 4380 943 4436 lutrabit
967 4389 1076 4447 autem,
1128 4383 1239 4456 gnisscat
1258 4384 1402 4439 credentes
1420 4399 1454 4438 ειι
1477 4383 1617 4454 gentibus:
1641 4397 1691 4452 per
1716 4381 1891 4451 occupationem

284 4485 348 4526 eum
358 4477 443 4527 totam
452 4471 603 4528 Ecclesiam
613 4473 699 4529 adsui
709 4474 966 4544 contemplationem
976 4473 1078 4544 perdu-
1093 4521 1115 4574 D
1130 4475 1320 4546 temporalium
1337 4474 1483 4546 depressos
1501 4491 1533 4531 ac
1547 4473 1689 4536 minimos,
1706 4472 1754 4529 sed
1772 4487 1787 4526 a
1803 4468 1892 4524 llomim

286 4571 341 4628 oet,
357 4563 465 4620 claudet
479 4566 590 4632 ostium,
610 4581 672 4620 cum
686 4565 810 4636 reprobis
824 4566 900 4621 tollet
915 4566 1005 4620 locum
1019 4581 1078 4635 poe-
1130 4566 1327 4623 sanctificatos.
1344 4564 1499 4636 ingressum
1518 4565 1628 4622 iericho
1646 4562 1813 4618 Salvatorem
1825 4558 1892 4614 ridere

286 4655 420 4711 nitentia).
435 4654 490 4722 Qut
510 4656 577 4713 foris
592 4665 708 4721 stantes,
723 4658 882 4728 pulsabunt,
902 4657 986 4713 idest
1007 4655 1079 4726 aju·
1129 4663 1272 4732 quaerunt,
1288 4657 1354 4711 dum
1369 4658 1463 4727 gratiae
1486 4656 1547 4711 frdei
1567 4671 1650 4726 quam
1672 4653 1797 4710 Salvator
1816 4649 1891 4710 attulit,

288 4746 340 4802 stis
354 4748 490 4818 separati,
506 4750 723 4806 misericordiam
735 4765 818 4821 quam
842 4757 1077 4822 contempserunt,
1129 4749 1293 4821 participare
1305 4749 1436 4818 cupiunt,
1451 4748 1498 4802 sed
1513 4748 1592 4802 turba
1610 4747 1700 4801 noxiae
1714 4746 1832 4800 uitiorum
1845 4755 1892 4794 con·

288 4835 391 4892 frustra
407 4838 602 4908 implorabunt.
992 4831 997 4840 “
1129 4839 1283 4895 suetudinis
1298 4839 1398 4892 tardat.
1415 4836 1631 4909 ltaqueuecesse
1642 4843 1686 4890 est
1700 4835 1894 4905 utpusillustur·

324 4927 398 4982 Tunc
412 4930 541 4999 incipietis
555 4930 659 4986 dicare:
679 4930 900 4986 ffaadacarimaa
917 4947 1007 4985 caram
1019 4937 1043 4984 tc
1053 4939 1077 4984 et
1128 4931 1170 4985 be
1181 4931 1354 4986 obstaculum
1367 4929 1560 4992 transcendat,
1582 4937 1692 4983 terrena
1705 4927 1846 4995 relinquat,
1862 4935 1893 4974 ar-

289 5016 414 5083 bliimas,
425 5029 450 5073 et
463 5020 491 5073 in
505 5021 600 5089 plateis
611 5022 709 5075 nostris
720 5019 844 5076 docuisti.
1129 5022 1222 5076 horem
1238 5020 1330 5074 crtrcis
1345 5020 1486 5074 ascendat.
1502 5017 1681 5090 sycomorus,
1698 5016 1767 5072 licus
1784 5013 1848 5068 fatua
1864 5009 1893 5062 ti-

325 5109 382 5165 lloe
395 5110 557 5182 simpliciter
568 5120 660 5182 potest
673 5112 787 5183 intelligi
800 5110 835 5167 de
848 5109 960 5174 firdaeis,
976 5117 1079 5181 myste-
1129 5112 1211 5174 citur,
1228 5110 1310 5165 arbor
1324 5108 1397 5166 foliis
1411 5124 1488 5164 moro
1506 5108 1613 5172 similis,
1630 5108 1679 5164 sed
1698 5103 1893 5170 altitudineque

291 5202 333 5257 ria
346 5202 409 5258 lldei
422 5205 629 5274 spernentibus,
649 5213 677 5260 et
696 5204 896 5259 arbitrantibus
919 5217 949 5258 se
970 5203 1079 5273 placere
1131 5210 1218 5266 stans,
1232 5201 1307 5256 uude
1321 5208 1349 5256 ει
1371 5216 1385 5254 a
1401 5199 1495 5254 latinis
1509 5200 1583 5254 celsa
1606 5205 1793 5268 nuncupatur.
1812 5195 1840 5250 Et
1856 5191 1894 5244 flu

291 5289 419 5356 llurmino,
434 5293 457 5347 si
469 5293 595 5348 victimas
607 5293 640 5349 ad
652 5293 782 5362 templum
794 5291 930 5355 deferant,
944 5299 972 5347 et
985 5292 1023 5346 ibi
1036 5305 1080 5346 eo-
1131 5295 1231 5348 minica
1251 5308 1320 5348 crux
1338 5293 1480 5348 credentes
1504 5291 1551 5346 alii
1575 5297 1605 5344 ut
1630 5291 1715 5356 licus,
1742 5291 1778 5346 ab
1795 5283 1893 5344 ineradi-

290 5395 352 5437 ram
366 5380 480 5438 Domino
492 5385 645 5453 epulentur,
659 5383 854 5454 prophetarum
869 5382 981 5437 lectioni
996 5387 1082 5436 atteu-
1130 5385 1165 5441 lis
1176 5385 1304 5442 irridetur
1316 5393 1345 5439 ut
1366 5383 1450 5439 fatua.
1473 5382 1531 5438 Nos
1546 5384 1631 5448 enim,
1651 5381 1743 5452 inquit
1764 5375 1892 5452 Apostolus,

293 5471 404 5535 dentes,
422 5481 449 5527 ει
468 5476 633 5538 nescientes,
648 5491 701 5528 non
712 5491 768 5529 arte
782 5489 890 5544 requam
911 5471 960 5526 fici
978 5472 1006 5524 in
1019 5486 1080 5525 esca
1130 5475 1304 5547 praedicamur
1327 5473 1462 5532 Cbrirtam
1487 5475 1665 5544 crucifixam,
1688 5469 1792 5528 luduin
1814 5461 1892 5538 quiden

293 5571 319 5616 ⁶¹
333 5571 406 5632 potu,
421 5562 467 5617 ted
481 5565 509 5617 in
518 5565 626 5634 justitia
642 5574 667 5620 at
684 5564 786 5636 Spiritu
802 5573 894 5620 sancto
906 5561 995 5634 (fiam.
1010 5561 1079 5633 ιιι).
1132 5565 1298 5630 scandalunt,
1312 5565 1432 5636 pentibus
1448 5575 1536 5621 autern
1548 5565 1712 5628 stultitiam:
1729 5562 1792 5632 ipsit
1804 5573 1852 5614 aare
1862 5567 1893 5604 ιι·

295 5649 344 5705 Vel
355 5653 467 5723 mystice
477 5664 566 5725 potest
577 5657 671 5711 sentiri
682 5671 775 5711 coram
789 5655 904 5712 Domino
914 5651 1082 5707 manducare
1133 5657 1199 5712 cutia
1213 5655 1316 5712 fadaia
1332 5665 1410 5728 atque
1430 5656 1549 5728 pentilus
1567 5655 1705 5712 Christum
1727 5653 1775 5708 ltu
1791 5651 1892 5705 nirtrtttt.

296 5747 325 5795 at
337 5741 429 5799 bibere
445 5759 492 5802 eos
518 5746 567 5817 qui
580 5747 657 5802 uerbi
680 5747 821 5819 pabulum
840 5745 971 5802 ariditate
990 5743 1082 5800 susci·
1133 5751 1159 5800 ot
1172 5745 1222 5800 fler·
1233 5747 1390 5816 rapientium
1405 5746 1439 5818 (i
1454 5745 1516 5804 Gar.
1535 5747 1572 5819 ι).
1589 5744 1681 5813 Quam
1695 5745 1814 5806 uberem
1831 5733 1884 5808 posit

1157 1723 1225 1780 Cum
1236 1722 1354 1778 videritis
1368 1719 1504 1774 Abrabam
1518 1727 1542 1773 et
1555 1717 1635 1772 lraaa
1647 1725 1673 1770 et
1686 1713 1771 1770 tarot
1785 1722 1808 1768 et
1820 1731 1886 1772 outa

1084 1814 1259 1887 sspropbatar
1274 1813 1375 1866 intrare
1390 1810 1417 1863 in
1433 1823 1542 1880 requam
1561 1806 1611 1862 Dei
1620 1847 1627 1870 ,
1643 1822 1689 1860 tor
1712 1813 1796 1858 autern
1813 1805 1886 1875 capelli

1112 1907 1207 1978 ,foram
1222 1914 1247 1960 et
1261 1904 1362 1959 venient
1377 1902 1409 1955 ab
1425 1901 1525 1956 oriente
1538 1909 1563 1954 et
1573 1897 1706 1952 occidente
1719 1905 1745 1950 et
1760 1897 1886 1966 aquilonari

1122 2010 1231 2063 auatro,
1246 2004 1270 2050 et
1287 1992 1440 2049 accumbent
1456 1993 1483 2045 iu
1498 2006 1576 2062 rayno
1591 1988 1650 2042 ssei.
