3967 6334
114 390 168 447 rao
574 387 844 444 sanna-:nmmum
863 385 1075 444 utonrooro.
1101 417 1136 428 -
1151 385 1215 442 mu.
1238 385 1269 442 ιι.
1689 393 1739 452 :230

111 500 293 573 maeoniam
306 502 458 570 marestatis
471 501 580 562 aemula.
594 511 657 558 aute
667 513 777 574 experta
787 510 864 566 erat;
879 508 907 556 et
921 512 943 564 Α
958 500 1113 556 necessaria
1127 507 1186 554 erat
1206 496 1364 568 parentibus
1378 499 1408 551 et'
1423 495 1571 570 insignum
1594 501 1740 574 subjectio.

110 595 255 662 veritatem
269 593 342 647 ratio
356 592 452 651 indita.
465 591 512 648 sed
528 592 648 649 falsitate
660 594 717 664 jam
732 593 829 649 delusa
847 593 906 665 (re-
958 593 1013 655 nis,
1030 593 1067 646 lta
1082 606 1189 661 ottoque
1207 597 1234 645 et
1262 588 1344 644 iuliis:
1367 603 1429 642 nam
1442 590 1505 660 quio
1521 601 1547 647 et
1558 591 1741 653 inobedientia
1768 651 1773 661 ,

108 700 172 740 rum
191 683 270 755 prius
293 684 387 739 nativo
409 683 516 754 fulgore
536 683 684 756 irradiata)
709 684 905 755 praetendebat.
957 682 1070 751 punitur
1082 686 1110 736 et
1124 679 1236 742 indliis,
1248 677 1402 734 obedientia
1425 695 1533 750 quoque
1556 681 1663 737 videtur
1677 699 1742 755 pro·

109 774 188 833 Unde
201 775 254 831 alia
271 775 306 832 de
319 776 381 831 aliis
396 776 574 846 conjectanti,
595 777 700 847 primos
710 777 842 833 homines
855 790 907 836 err-3
956 773 1046 843 posita
1061 771 1178 841 etipsis;
1196 769 1310 826 forsitan
1321 769 1393 825 enim
1411 768 1473 827 ideo
1486 771 1604 828 medium
1620 777 1741 845 paradisi

107 865 259 920 trinsecam
280 872 343 920 ante
365 863 498 920 offensam
519 865 600 936 plane
615 867 701 936 liquet
716 873 745 922 el
766 866 905 922 multiior-
955 863 1058 934 lignum
1082 861 1316 933 praevaricationis
1341 861 1412 918 sieut
1429 868 1456 916 et
1475 863 1538 918 ultre
1555 865 1652 937 legitur
1670 868 1742 924 obti-

73 978 75 983 ·
107 957 190 1011 miter
203 955 364 1026 deliquisse,
380 961 408 1011 et
419 955 618 1012 multiiurmius
631 957 764 1028 potuisse.
954 957 1060 1021 nuisse,
1072 963 1102 1010 ut
1114 957 1246 1026 indigene
1256 956 1399 1011 advertant
1422 972 1501 1012 ursum
1523 964 1575 1012 tam
1599 959 1672 1016 illius
1687 960 1741 1017 sibi

142 1048 185 1102 td
207 1047 275 1118 quid
288 1063 362 1118 ergo
381 1063 447 1104 esus
469 1048 515 1104 ille
537 1049 614 1104 solus
638 1049 732 1104 debuit
754 1049 905 1106 interdici?
954 1050 1137 1106 communiter
1151 1050 1285 1115 illicitum,
1303 1065 1385 1120 quam
1401 1049 1481 1106 istius
1500 1067 1672 1108 eoncessum.
1688 1053 1740 1126 lgi-

106 1138 232 1210 nunquid
248 1155 302 1193 non
312 1147 392 1194 erant
405 1148 504 1196 cetera
517 1141 682 1212 experiendo
693 1142 828 1207 nocitura,
838 1144 903 1214 quia
952 1149 999 1196 tur
1010 1143 1067 1200 brec
1076 1141 1236 1198 obedientiae
1249 1143 1413 1199 abstinentia
1426 1158 1568 1214 rrsrpucquo
1582 1151 1641 1199 erat
1662 1154 1739 1200 man*

105 1245 163 1285 non
174 1231 356 1285 rotabantur?
381 1229 481 1288 Annon
495 1234 588 1288 omnia
600 1234 684 1290 simul
698 1235 793 1300 vetuit,
805 1236 851 1306 qui
867 1237 901 1291 li·
953 1234 1028 1300 data,
1046 1234 1178 1290 Dominus
1197 1241 1297 1290 metam
1319 1250 1373 1289 non
1399 1235 1509 1305 posuit:
1528 1249 1590 1290 uam
1605 1251 1692 1307 neque
1711 1238 1739 1292 in

105 1322 153 1376 citi
167 1329 196 1376 et
207 1322 295 1377 illiciti
312 1332 452 1394 sequestra
464 1324 603 1380 bominem
616 1325 723 1381 ratione
737 1326 903 1385 illustrarit?
952 1327 1023 1381 eoelo
1034 1326 1112 1382 cibus
1126 1325 1237 1382 omnino
1252 1325 1325 1382 ullus
1338 1331 1397 1381 erat
1412 1325 1571 1388 sumendus,
1588 1341 1676 1396 neque
1691 1341 1740 1382 un·

105 1413 215 1485 Ergone
236 1429 293 1469 non
313 1411 425 1470 caderet
440 1416 522 1471 bomo
539 1431 623 1487 ageos
643 1423 739 1473 eontra
756 1419 901 1476 conscien-
951 1434 1033 1490 cuam
1048 1419 1101 1475 iste
1115 1420 1142 1474 in
1154 1419 1282 1490 paradiso
1307 1419 1379 1474 sumi
1399 1425 1441 1474 est
1470 1417 1639 1488 promissus,
1666 1417 1738 1474 unde

104 1506 184 1566 tiam,
209 1513 237 1560 et
249 1503 349 1560 cecidit
371 1506 484 1576 angelus
506 1507 664 1562 ambitionis
685 1508 816 1565 incusans
835 1524 902 1565 eon·
952 1509 1085 1565 Dominus
1099 1511 1194 1567 eodem
1207 1509 1312 1566 dccibo
1325 1510 1430 1564 homini
1445 1509 1501 1564 ait:
1527 1507 1561 1564 la
1585 1527 1739 1581 quocunque

104 1596 269 1652 seientiam?
282 1595 416 1662 Quoniam
431 1612 496 1668 ergo
508 1613 569 1669 quae
584 1615 633 1670 per
644 1614 674 1655 se
689 1600 760 1655 mala
775 1608 841 1657 sont
852 1619 901 1659 re·
950 1602 994 1658 die
1006 1600 1152 1658 comederis
1175 1617 1208 1656 aa
1229 1618 1268 1666 eo,
1292 1610 1375 1656 morte
1396 1601 1516 1656 morieris
1532 1599 1607 1672 (Ger.
1624 1617 1655 1666 ιι,
1671 1601 1736 1674 t7);

103 1687 157 1742 tari
181 1703 238 1742 non
257 1688 391 1757 oportuit,
409 1687 484 1759 quod
497 1689 525 1744 in
540 1705 570 1745 se
585 1690 685 1746 licebat
700 1690 821 1747 loturum
836 1709 901 1764 pro-
950 1692 978 1747 id
997 1699 1038 1748 est
1052 1693 1086 1749 de
1100 1693 1209 1748 mortali
1235 1693 1385 1750 moriturus
1398 1692 1532 1750 efficieris.
1554 1692 1737 1760 Qttamobren

103 1780 235 1844 bibendo,
262 1779 388 1835 illicitum
412 1780 573 1837 interdixit:
600 1781 671 1838 torte
700 1784 780 1840 nobis
805 1786 901 1842 volens
950 1785 1081 1856 quoniam
1091 1785 1182 1842 edenti
1196 1792 1310 1840 mortem
1324 1785 1476 1849 substituit,
1491 1791 1566 1855 patet
1579 1786 1653 1857 quod
1670 1787 1737 1842 dum

102 1872 248 1928 insinuare
262 1869 346 1937 lleus,
358 1871 431 1926 illam
449 1871 559 1928 demum
574 1873 758 1944 gratissimam
773 1874 825 1930 sibi
841 1876 901 1932 abs·
917 1851 937 1906 Β
951 1879 1021 1932 ιιιοιι
1048 1883 1140 1948 potest
1152 1879 1243 1940 bomo,
1259 1893 1338 1932 esum
1356 1876 1497 1932 interdicit
1513 1896 1519 1932 :
1541 1878 1670 1947 quoniam
1684 1893 1736 1932 au·

102 1965 268 2030 tinentiam,
290 1980 353 2036 quae
366 1978 422 2019 non
436 1965 524 2020 solum
535 1965 607 2020 mala
620 1963 700 2037 iugit,
714 1981 810 2021 uerum
826 1973 854 2022 et
868 1968 901 2022 li·
950 1977 1007 2024 tem
1021 1969 1048 2024 itt
1062 1985 1213 2041 quocunque
1226 1968 1278 2032 dle,
1291 1970 1338 2030 ait,
1347 1976 1456 2038 mmpus
1471 1969 1575 2024 nullum
1593 1986 1648 2040 quo
1666 1970 1736 2025 morl

102 2058 157 2112 cita
170 2057 298 2112 aliacum
311 2056 395 2112 modo
409 2058 504 2122 sumit,
520 2059 573 2112 alia
588 2057 801 2129 contemplando
814 2057 900 2114 ileum
949 2070 1033 2133 queat
1046 2061 1138 2125 borno,
1154 2061 1284 2116 excludit.
1301 2060 1369 2116 llori
1387 2068 1478 2117 autem
1506 2061 1616 2117 interim
1628 2062 1736 2118 ridetur

101 2151 218 2206 omnino
235 2151 358 2207 dimittit.
386 2149 448 2219 but}
466 2167 481 2206 a
503 2151 575 2206 malo
602 2151 758 2222 prohibitus
782 2167 837 2207 non
857 2159 900 2208 est
950 2153 1092 2225 possibile,
1105 2151 1193 2207 donec
1207 2151 1360 2208 obedientia
1374 2158 1483 2222 peracta
1497 2151 1530 2208 de
1546 2152 1736 2222 paradisomi-

101 2241 197 2306 bomo,
212 2258 257 2307 ne,
271 2243 336 2314 quia
355 2243 469 2306 malum,
489 2258 546 2298 non
565 2243 629 2314 quia
649 2244 830 2314 prohibitum,
852 2261 897 2300 no
949 2252 1042 2317 graret
1055 2245 1083 2299 in
1095 2244 1205 2308 coelum,
1222 2241 1255 2298 de
1271 2243 1331 2298 loeo
1343 2243 1435 2298 meriti
1453 2245 1480 2298 in
1501 2242 1591 2299 lorum
1618 2247 1733 2316 praemii,

101 2335 197 2391 coisse
210 2334 360 2391 rideretur.
949 2346 1051 2395 statum
1062 2351 1166 2394 eruens
1180 2337 1323 2392 mortalem
1336 2335 1466 2391 militanti
1481 2337 1677 2401 necessarium,
1691 2339 1735 2393 iu-

135 2427 195 2499 85
209 2425 264 2483 Sed
274 2428 404 2499 quoniam
417 2429 460 2484 ler
474 2427 682 2498 circumscripte
696 2428 763 2491 lata,
782 2433 810 2483 et
824 2443 896 2498 prae-
948 2430 1036 2485 duens
1051 2427 1235 2484 immortalem
1250 2426 1430 2497 triumphanti
1455 2426 1594 2491 idoneum,
1613 2435 1734 2500 tempore

101 2519 192 2573 mium
208 2518 301 2573 sanxit
315 2524 346 2573 ut
359 2526 478 2586 ametur,
493 2525 522 2574 et
545 2509 655 2591 poenam
678 2525 708 2572 ut
721 2519 805 2573 timor
819 2519 898 2574 incu-
944 2522 1001 2591 jam
1012 2527 1152 2576 transacto
1167 2518 1352 2576 munerandus
1365 2519 1525 2582 aeternitate,
1539 2527 1593 2572 tam
1609 2519 1642 2574 ab
1654 2521 1733 2575 omni

101 2611 201 2673 tiator,
217 2616 281 2681 post
300 2610 512 2680 prohibitionem
528 2610 582 2665 cibi
600 2609 630 2663 iit
651 2611 828 2665 comminatio
855 2611 896 2666 le·
947 2613 1103 2683 corruptela
1127 2618 1284 2674 extraneus,
1309 2623 1391 2679 quam
1419 2607 1453 2662 ab
1479 2623 1527 2662 esu
1550 2606 1733 2678 corruptilero

101 2700 154 2762 tbi,
181 2699 252 2757 torte
273 2710 304 2757 ut
318 2702 420 2758 rationi
443 2701 598 2764 intimetur,
620 2703 685 2773 quia
707 2701 821 2773 siquod
839 2717 896 2758 non
947 2704 1063 2760 alienus.

101 2801 163 2848 erat
173 2794 288 2858 malum,
304 2794 435 2866 quoniam
448 2801 510 2850 erat
522 2795 648 2860 uetitum,
663 2801 741 2849 tanta
759 2802 817 2850 erat
836 2794 896 2850 ani·
982 2796 1036 2854 Sed
1051 2796 1141 2853 adbuc
1155 2794 1238 2851 rerba
1259 2792 1436 2864 praeceptoris
1459 2791 1650 2848 discutiamus.
1676 2791 1732 2865 lgi-

102 2883 298 2941 maduersione
313 2885 487 2952 feriendum
514 2885 708 2940 multominus
725 2884 895 2956 qrrodnatu-
945 2901 1001 2957 tur,
1022 2890 1087 2945 dum
1114 2889 1169 2944 diei
1189 2885 1323 2949 meminit,
1345 2893 1465 2955 tempus,
1489 2900 1545 2940 non
1575 2899 1663 2941 aarum
1683 2885 1731 2942 de-

100 2974 199 3030 mittet
213 2976 396 3040 eructuatum,
411 2975 591 3032 nihilominus
601 2975 692 3032 media
706 2977 814 3032 ratione
826 2977 895 3032 reti·
945 2983 1079 3040 claram:
1112 2993 1315 3052 supervacanea
1345 2977 1418 3034 enim
1452 2976 1601 3048 prohibitio
1632 2975 1729 3036 beret.

99 3074 171 3129 ²⁰⁰¹·
186 3066 209 3122 ⁵5
224 3066 312 3131 fieret,
327 3068 438 3140 impune
455 3075 516 3123 erat
531 3067 674 3124 ferendum
687 3086 695 3135 ι
710 3067 759 3124 sed
774 3077 821 3125 tul
835 3085 893 3124 ¹¹¹³·
944 3074 1054 3149 quando
1068 3072 1234 3145 prohibitum
1246 3072 1354 3142 plaeere
1366 3085 1422 3124 non
1435 3077 1538 3141 posset.
1556 3068 1624 3124 Dum
1639 3076 1730 3126 autern

98 3159 154 3228 1⁰¹1
169 3166 218 3214 ³¹¹2
231 3160 292 3230 pari
306 3176 386 3232 poena
397 3160 580 3232 deflendum·
603 3158 681 3217 Unde
698 3160 793 3216 f⁰l⁵³ss
807 3161 927 3253 culitaec
945 3171 1053 3242 signum
1068 3164 1256 3224 uniuersitatis
1276 3163 1416 3234 praemisit,
1432 3162 1505 3224 diem
1527 3163 1633 3218 nullom
1648 3177 1728 3218 enee-

99 3252 186 3308 ooius
207 3267 288 3322 potua
316 3253 483 3323 prodicitur,
510 3260 646 3325 quatenus
666 3252 786 3324 idiosum
803 3267 893 3308 0¹1⁸·
943 3265 993 3335 pit,
1011 3262 1075 3316 dum
1086 3274 1151 3330 ergo
1165 3256 1338 3313 universitati
1353 3254 1426 3311 diem
1438 3253 1550 3324 adiecit,
1561 3255 1678 3310 dicens:
1695 3253 1729 3309 ln

98 3344 187 3416 liquis
222 3344 360 3401 timeatur.
398 3343 452 3401 Sed
484 3345 615 3417 praedicta
650 3360 733 3419 prona
766 3345 893 3416 praerari·
941 3367 1092 3425 quocunpue
1108 3347 1314 3412 dlecomcderis,
1329 3353 1382 3402 eto.
1409 3344 1561 3402 Praemonet
1576 3346 1728 3402 auditorem

98 3439 203 3503 cantis,
234 3452 267 3493 en
288 3436 416 3509 opposito
442 3439 584 3510 premium
614 3445 694 3494 notat
712 3437 889 3494 obedientis:
942 3443 1037 3499 tandiu
1052 3455 1164 3512 parcere
1174 3440 1244 3502 esui,
1269 3436 1390 3510 quandiu
1406 3451 1490 3508 penes
1508 3452 1537 3493 se
1560 3437 1664 3494 reditus
1684 3448 1726 3495 est

98 3528 197 3586 divina
220 3530 323 3586 locutio
335 3530 410 3585 enirn
431 3513 574 3587 consuerit
587 3538 664 3602 parte
687 3529 771 3596 dicta,
793 3537 890 3585 caetera
941 3535 1005 3592 diei.
1019 3531 1201 3600 Quamobrem
1216 3539 1271 3585 tam
1283 3536 1420 3600 parentes,
1436 3543 1518 3600 qoam
1535 3543 1631 3585 omnes
1651 3531 1675 3587 si
1698 3531 1725 3586 in

98 3620 257 3693 relinquere
271 3621 478 3680 subaudienda:
492 3624 563 3679 unde
577 3612 693 3679 mortem
707 3623 822 3687 minata,
831 3638 890 3678 mo
942 3625 1069 3697 paradiso
1083 3631 1260 3678 nascerentur
1276 3621 1335 3685 lilii,
1351 3619 1471 3691 quandiu
1484 3620 1552 3676 inibi
1561 3621 1726 3688 babitarent,

98 3711 198 3768 lestias
222 3729 284 3785 quae
311 3713 478 3770 antecedunt
509 3715 669 3770 innumeras
693 3714 888 3786 pretermisit,
941 3723 1107 3788 praeceptom
1121 3716 1173 3770 boe
1188 3711 1348 3786 (secundum
1368 3711 1441 3784 quod
1456 3711 1574 3782 uidetur)
1586 3715 1727 3769 orrstodire

98 3805 175 3875 quod
190 3806 411 3877 subsequebatur
422 3807 549 3862 exsilium
564 3806 665 3862 interni
679 3806 821 3863 subticuit.
846 3803 891 3860 Si·
939 3809 1081 3867 deberent.
1107 3805 1283 3862 consecuturi
1306 3802 1457 3874 premium,
1487 3802 1510 3858 si
1531 3819 1593 3860 cum
1613 3815 1726 3875 possent

97 3896 327 3967 militerrpuederi
340 3904 441 3967 potest,
453 3904 485 3952 ut
498 3905 614 3952 mortem
632 3912 716 3968 quam
736 3897 784 3951 uni
804 3896 890 3967 eulpae
939 3899 1104 3972 transgredi,
1118 3899 1231 3954 nollent.

97 3987 242 4059 ascripsit,
270 3997 298 4044 et
322 3989 430 4044 caeteris
459 3988 650 4044 ascribendam
674 3989 803 4046 voluerit.
829 3988 889 4044 Nisi
1183 3987 1365 4062 &CAPUT
1387 3985 1480 4044 xxttl.

96 4079 162 4151 quis
176 4081 350 4150 responderit
361 4081 462 4153 saepius
474 4081 576 4136 tlietam
598 4081 806 4144 comestionem,
819 4096 889 4136 non·
939 4085 1011 4142 Licet
1028 4083 1115 4139 ddum
1132 4093 1330 4155 perseuerasset,
1352 4083 1531 4159 necessitatem
1541 4081 1723 4152 perseueruudr'

96 4171 153 4227 nisi
177 4171 390 4242 precedentium
414 4187 466 4243 pro
486 4172 607 4243 pondere
631 4171 785 4228 facinorum
814 4171 888 4229 letbo
1227 4154 1435 4256 '¹⁰²¹·¹''¹¹·²⁸¹¹‘⁸⁸⁶‘·

96 4261 188 4319 luisse
200 4263 371 4320 multandam
383 4281 390 4320 :
402 4279 512 4335 ergone,
527 4264 582 4320 nisi
595 4264 813 4335 precessissent,
829 4264 888 4320 sola
973 4246 1041 4302 Nam
1053 4247 1076 4304 δί
1087 4245 1175 4318 iiiiii
1185 4251 1308 4301 ³¹¹⁰i0l¹⁵
1325 4251 1429 4299 iillum
1444 4244 1564 4315 l¹i0¹⁸⁸m
1579 4244 1665 4300 libil‘l
1679 4261 1723 4300 il·

96 4355 330 4426 pmfflmesppone
344 4368 393 4410 ,ρο
406 4370 482 4410 mors
499 4364 559 4411 em
580 4354 693 4411 manime
716 4353 888 4426 infligenda?
937 4338 1022 4394 bitrio
1043 4335 1217 4397 contulisset,
1241 4340 1271 4388 ut
1292 4331 1392 4388 inflecti
1407 4332 1442 4387 ad
1455 4333 1549 4388 illicita
1566 4332 1721 4389 facultatem

96 4449 145 4506 ,ω
156 4450 241 4506 verpa
255 4448 403 4504 pompm
417 4447 638 4504 comminationis
649 4447 690 4503 ⁸50
705 4463 781 4503 esum
792 4445 887 4503 viden.
938 4446 994 4486 non
1007 4429 1129 4493 baberet,
1146 4432 1173 4482 et
1196 4424 1299 4481 trustra
1311 4423 1488 4480 mandaretur
1502 4424 1678 4490 abstinentia,
1694 4434 1722 4480 et

95 4551 143 4597 tur
156 4541 299 4598 induxisse
314 4540 460 4596 inhibitum
470 4548 600 4611 tanquam
614 4539 690 4597 ⁸01⁰,
701 4538 840 4596 suffecerit
850 4539 886 4596 ,d
901 4542 924 4597 p
938 4521 1086 4578 abstinenti
1101 4534 1206 4575 meroes
1222 4517 1291 4574 iuret
1305 4515 1435 4572 indebita.
1456 4514 1546 4582 Quare
1569 4533 1624 4572 non
1649 4517 1722 4574 sicut

96 4636 214 4693 letborn.
935 4615 1089 4672 voluntaria
1116 4617 1259 4683 parentum
1281 4610 1357 4672 uitia,
1380 4607 1454 4664 vitiis
1483 4608 1553 4664 lilios
1576 4625 1609 4664 en
1625 4625 1721 4667 neces·
1815 4680 1816 4683 Ἴ

390 4721 504 4779 CAPUT
521 4721 603 4778 xliii.
936 4709 1017 4766 sitate
1040 4706 1173 4761 obnoxios
1196 4701 1382 4768 reddiderunt,
1413 4701 1451 4755 ita
1472 4701 1513 4756 illi
1535 4710 1632 4774 sponte
1658 4720 1720 4774 per-

240 4817 357 4889 Corripit
368 4817 449 4873 ctiam
460 4817 632 4872 comminatio
646 4814 741 4871 livam,
936 4806 1093 4857 severantes
1108 4797 1170 4852 istis
1190 4794 1373 4851 neeessariam
1387 4792 1485 4849 laeturi
1499 4802 1579 4849 erant
1592 4809 1718 4865 perseue-

133 4910 210 4984 (123)
226 4911 292 4979 ρης,
305 4911 328 4969 ,j
340 4911 425 4968 mh,
438 4912 618 4976 consulimus,
634 4911 722 4966 ,opum
733 4907 768 4964 ad
781 4908 882 4973 virum,
934 4893 1052 4948 cantiam
1064 4909 1072 4957 3
1088 4898 1135 4946 aut
1148 4889 1172 4944 si
1184 4895 1262 4943 erant
1288 4886 1400 4943 nonnisi
1421 4883 1473 4942 sibi
1487 4887 1530 4942 lex
1545 4886 1717 4944 abstinentiae

94 5006 118 5059 si
133 5005 278 5075 sequentia
293 5003 469 5070 attendimus,
484 5011 512 5060 et
533 5003 567 5060 ad
589 5003 731 5059 mulierem
746 5000 885 5056 uidebitur
934 4985 1038 5040 dimid
1049 4990 1099 5038 0⁵¹·
1600 5069 1607 5081 .

95 5096 281 5169 pertinuisse:
305 5111 423 5167 „amque
448 5098 508 5169 ips,
534 5095 654 5167 serpenti
679 5094 821 5166 pluraliter
840 5109 885 5149 m.
970 5073 1025 5130 Sed
1040 5071 1158 5143 cuipiam
1182 5069 1299 5126 tortasse
1327 5069 1476 5128 absurdum
1502 5069 1555 5125 boc
1582 5069 1715 5128 videatur.

93 5187 271 5259 ,pontimi
282 5189 335 5246 gibi
349 5189 423 5260 quod
434 5189 496 5245 ,pro
509 5189 667 5244 mandarum
681 5186 810 5242 innotuit,
824 5184 882 5240 Nisi
934 5165 1146 5225 Conuenientius
1161 5163 1275 5219 tortasse
1288 5162 1406 5228 dicatur,
1420 5178 1473 5217 non
1485 5165 1546 5233 plus
1555 5163 1652 5218 virium
1669 5179 1716 5217 na·

93 5286 170 5342 cairo
185 5285 245 5339 riro
267 5299 319 5340 suo
336 5285 567 5340 communicasset
589 5283 618 5339 in
639 5287 786 5354 praecepto,
809 5280 883 5336 baud
934 5270 977 5316 ²⁰⁸
991 5257 1131 5328 accepisse
1146 5270 1227 5327 ‘luim
1241 5263 1358 5318 ⁰l0i¹²⁰⁸r
1383 5269 1459 5323 ιθ(ιῑῑθ
1474 5252 1629 5310 subdendis
1652 5255 1715 5325 Ιθιιῑν

92 5390 143 5432 m
160 5375 286 5432 memini,
307 5391 323 5431 2
343 5391 426 5446 pm
455 5375 601 5430 mansisset
620 5373 760 5429 immunis,
779 5371 884 5426 putto,
934 5351 1042 5424 genitos
1055 5357 1083 5405 et
1096 5347 1242 5418 ingenitos,
1265 5345 1310 5400 cui
1333 5358 1429 5451 omnes
1448 5343 1605 5410 obsecutos,
1620 5359 1716 5450 omnes

92 5480 162 5539 ergo
175 5468 291 5540 loqueos
301 5469 381 5532 mari,
397 5468 424 5523 in
440 5482 516 5523 mare
540 5466 740 5538 loquebaturet
753 5464 881 5530 lemioae3
933 5458 1041 5517 ¹l¹¹⁰il¹¹0
1058 5438 1259 5497 mussssfflssd⁰⁸¹
1288 5444 1364 5502 ‘⁰¹¹⁰’
1380 5446 1457 5507 Juxta
1475 5445 1616 5492 lucidum
1631 5436 1716 5492 intll-

93 5577 130 5617 an
146 5563 196 5619 toti
210 5560 451 5635 queqrrelamiliae,
467 5567 499 5615 ut
519 5559 645 5615 doctrina
671 5557 754 5629 capiti
778 5555 879 5620 intusa,
932 5539 1046 5600 ¹¹⁰¹¹⁰¹¹¹2
1073 5531 1128 5597 his,
1152 5536 1183 5586 Ui
1199 5528 1333 5634 ‘difdffl'ssr
1358 5528 1715 5632 ⁸⁰J¹⁵J¹³⁵⁰0¹¹¹i¹lllbfl¹¹⁰⁸
1815 5617 1819 5630 .

92 5654 159 5712 ind,
172 5671 282 5727 quoqu,
294 5653 494 5711 diffunderem,
517 5667 565 5724 W
579 5647 720 5707 membra?
732 5647 826 5718 mique
841 5647 881 5703 ,50
931 5643 1007 5684 nutnc
1018 5624 1128 5696 adoptat
1142 5620 1297 5679 Cbrrstrana
1310 5619 1396 5684 salus,
1412 5625 1513 5674 uirtute
1527 5617 1574 5674 Der
1587 5618 1713 5686 lactente,

92 5744 213 5801 ,maun
226 5743 305 5811 Nam,
322 5746 394 5802 Βίου,
412 5742 565 5800 obedpffipa
579 5742 604 5798 εἰ
622 5745 768 5811 „mmmm
790 5738 880 5795 merati
932 5729 962 5776 ut
975 5717 1096 5790 qrribonl
1109 5714 1234 5788 reprobis
1254 5713 1413 5785 parentibus
1430 5718 1582 5768 nascuntur
1603 5729 1658 5768 non
1680 5713 1717 5768 ab

131 5835 205 5909 (lib)
225 5835 297 5911 blau.
310 5853 342 5902 ιι,
355 5837 383 5892 d.
396 5836 442 5900 il,
461 5835 475 5905 d
494 5835 533 5890 ult
1650 5834 1653 5842 '
