3967 6334
104 350 137 408 rs
578 347 611 404 m
631 345 729 406 usuu
747 349 793 406 rx
811 344 979 418 uuaruon
999 342 1101 405 ιιιιιιι
1119 303 1273 406 antuus
1705 345 1753 416 ιι.

102 469 206 540 Cyrini.
224 470 294 526 llam
305 477 385 526 antea
401 485 472 541 sape
482 469 625 540 descriptae
638 469 749 525 luerunt
761 469 894 540 plerasque
909 477 931 532 Α
946 469 1040 524 adeles
1054 484 1161 533 omues,
1177 479 1272 523 sancta
1283 468 1409 524 videlicet
1424 468 1562 537 animalia,
1577 470 1669 531 carnis
1681 487 1737 532 suae

102 567 195 631 partes
213 568 360 616 terrarum.
380 561 498 634 Cyrinus
515 563 650 616 adasate
661 562 762 615 missus
769 561 816 630 jus
829 559 895 614 dare
946 558 1085 614 irumento
1098 559 1233 621 reliceret,
1250 559 1297 628 qui
1311 559 1390 629 panis
1407 568 1450 616 est
1462 563 1630 631 angelorum.
1647 562 1677 618 ln
1688 581 1725 622 an

102 653 232 723 gentibus
241 659 268 708 et
282 667 380 708 censor
397 653 624 723 patrimoniorum
644 653 768 717 iuturus,
787 651 895 722 Syriam
946 660 1026 722 gusto
1038 651 1170 722 praesepio
1182 651 1347 714 continetur,
1357 659 1387 706 ut
1399 667 1450 708 nos
1463 669 1511 723 per
1526 655 1646 711 eoelestis
1661 660 1738 728 regul

101 745 185 800 venit.
206 743 240 800 Et
255 745 320 815 quia
330 742 425 800 Judaea
446 745 524 816 quasi
546 744 692 800 umbilicus
715 743 800 799 totius
816 749 896 797 terrae
946 739 1045 810 gaudia
1056 740 1161 795 dilatet.
1176 738 1237 794 Non
1248 740 1277 794 in
1291 740 1372 796 domo
1383 749 1526 812 parentum
1540 754 1622 801 uatus
1635 752 1678 802 est
1687 745 1740 802 bo

102 843 159 900 est,
179 851 280 892 census
294 837 385 906 primo
401 837 431 891 in
447 836 536 892 medio
553 845 631 892 terrae
644 836 771 906 exigitur,
787 842 818 889 ut
833 835 896 891 inde
945 833 1056 898 minus,
1088 842 1117 888 ιιι
1137 833 1294 889 ostenderet
1315 834 1379 905 quia
1400 850 1449 905 per
1470 835 1668 915 humanitatem
1692 855 1738 896 as·

101 936 197 1000 postea
211 928 344 1000 usquead
359 929 428 985 imes
438 928 513 985 orbis
526 929 708 999 perquiratur.
722 926 833 1000 [ileum]
845 927 896 982 Hic
947 934 1084 996 sumptam
1094 926 1173 997 quasi
1189 927 1217 980 in
1229 926 1319 982 alieno
1329 927 1503 995 nascebatur,
1518 945 1574 986 nou
1584 932 1737 992 seeundum

101 1022 223 1091 primum
240 1020 313 1076 iacta
327 1028 369 1077 est
383 1019 476 1076 iudaea
490 1020 669 1092 stipendiaria
683 1018 825 1076 Romanis.
842 1019 896 1074 lm·
946 1026 1128 1089 potestatem,
1149 1019 1198 1076 sed
1222 1021 1374 1077 secundum
1395 1029 1522 1076 naturam
1546 1024 1736 1084 humanitatis.

102 1121 216 1186 perante
228 1113 353 1186 hrrgusto
366 1122 394 1170 et
406 1115 569 1186 presidente
582 1112 693 1185 Cyrino,
709 1113 784 1168 ibant
800 1128 895 1169 omnes
946 1110 1013 1166 Nam
1028 1111 1062 1168 de
1075 1119 1210 1183 potestate
1223 1113 1284 1183 ejus
1307 1113 1439 1184 seriptum
1452 1123 1512 1172 est:
1528 1114 1562 1170 ln
1573 1119 1682 1187 propria
1695 1136 1738 1174 aa·

102 1205 137 1260 ad
152 1205 378 1277 descriptionem,
395 1213 425 1262 ut
444 1205 545 1276 singuli
562 1206 589 1260 iu
604 1221 680 1261 suam
695 1204 834 1261 civitatem
852 1221 897 1260 re·
945 1205 984 1258 nit
1000 1202 1100 1276 (ioan.
1117 1204 1152 1277 ι).
1168 1204 1203 1258 Ει
1217 1205 1281 1276 quia
1296 1207 1381 1261 omnis
1398 1224 1460 1262 caru
1475 1207 1565 1277 fenum
1579 1208 1664 1282 (lsai.
1682 1213 1736 1286 xa)

101 1299 188 1363 versi,
208 1297 401 1368 profiterentur
411 1298 534 1355 debitum
550 1313 659 1354 census.
676 1295 705 1352 Si
725 1313 788 1368 ergo
809 1313 893 1363 nunc,
945 1295 1035 1352 iactus
1049 1297 1131 1353 bomo
1145 1297 1228 1362 Deus,
1240 1297 1333 1354 lenum
1344 1308 1468 1354 nostrum
1480 1302 1561 1356 vertit
1573 1301 1601 1356 in
1614 1301 1738 1359 tramam

101 1388 257 1461 imperante
274 1389 383 1446 Christo
399 1396 426 1446 et
447 1389 556 1461 praemia
578 1389 724 1460 pollicente
738 1405 787 1460 per
801 1388 896 1444 docto-
944 1397 1014 1457 tum,
1030 1391 1064 1447 de
1084 1406 1114 1447 se
1128 1391 1188 1462 ipso
1202 1391 1296 1448 dicens
1316 1390 1400 1447 ,ll'isi
1419 1409 1531 1464 maniam
1545 1394 1671 1464 {rumenti
1689 1413 1736 1451 ca-

100 1497 147 1538 res
163 1481 295 1538 Ecclesiae
305 1481 446 1554 praesides,
458 1497 572 1538 censum
582 1481 696 1552 justitiae
709 1481 894 1552 profiteamur,
944 1484 1008 1536 dens
1028 1483 1055 1536 in
1070 1490 1180 1546 terram,
1197 1497 1330 1537 mortuam
1345 1483 1437 1552 suerit,
1452 1485 1538 1552 ipsum
1549 1485 1634 1540 sutum
1647 1495 1736 1540 manat

95 1573 264 1645 jugumejus
278 1575 352 1646 quod
367 1576 419 1629 leus
429 1584 467 1629 cst
479 1575 637 1641 subeamus,
652 1583 676 1629 et
688 1574 846 1628 inveniemus
857 1591 895 1629 re
945 1571 1037 1644 (locri.
1057 1573 1119 1645 ru).
1135 1571 1211 1630 Unde
1228 1581 1256 1630 et
1269 1582 1362 1640 natus,
1378 1575 1407 1629 iu
1421 1575 1553 1645 presepio
1573 1577 1733 1634 reclinatur.

100 1668 190 1738 quiem
202 1667 341 1722 animabus
352 1667 449 1722 uostris
468 1665 639 1739 (Matthia).
657 1666 757 1722 Caesari
772 1668 896 1724 solveba-
943 1664 1062 1720 loannes
1074 1665 1287 1737 chrysostomus
1302 1666 1345 1738 (in
1358 1665 1459 1721 Hamil.
1469 1666 1492 1737 ):
1510 1664 1661 1723 ileelinavit
1672 1685 1737 1739 pue·

98 1766 145 1814 tur
159 1757 302 1824 denarius,
314 1761 360 1830 qui
375 1758 468 1816 decern
478 1774 606 1816 nummos
617 1759 742 1823 babebat,
755 1760 801 1831 qui
813 1758 893 1814 etiam
945 1774 1006 1813 rum
1021 1765 1117 1814 mater.
1135 1758 1236 1829 loseph
1257 1766 1348 1815 autem
1368 1774 1425 1814 non
1448 1758 1565 1814 audebat
1585 1761 1734 1831 attingere,

99 1852 214 1907 nomine
233 1850 351 1908 Caesaris
364 1851 539 1907 titulabatur:
554 1859 582 1906 et
602 1867 653 1907 nos
667 1851 814 1907 oderamus
838 1851 893 1920 regi
909 1847 930 1902 B
944 1868 1026 1922 quem
1041 1852 1147 1908 sciehat
1159 1853 1193 1908 de
1208 1869 1237 1908 se
1247 1867 1303 1907 non
1313 1867 1375 1908 esse
1384 1859 1553 1924 generatum.
1575 1850 1737 1924 Quicunque

98 1943 372 2014 nostrollecalogum
383 1943 461 2014 legis,
478 1943 507 1998 in
518 1959 573 2014 quo
587 1944 693 2000 vultum
709 1944 782 2014 regis
792 1944 891 2008 nostri,
944 1957 974 1996 es
988 1957 1101 2012 pauper,
1117 1942 1212 2012 accipe
1231 1942 1457 1997 consolationem.
1479 1938 1580 2011 loseph
1601 1949 1628 1997 et
1650 1941 1735 1998 llario

97 2034 194 2099 idest,
211 2035 376 2106 agnitionem
391 2035 540 2090 voluntatis
551 2035 612 2105 ejus
628 2033 809 2090 inveniemus.
943 2039 1032 2088 mater
1045 2032 1152 2089 llomiui
1166 2049 1223 2088 uon
1237 2034 1340 2088 habent
1357 2033 1513 2100 servulum,
1528 2049 1584 2090 nou
1595 2035 1733 2100 ancillam,

136 2127 263 2180 Ascendit
275 2135 360 2180 autern
371 2134 396 2180 et
409 2124 507 2196 ioseph
519 2143 536 2180 a
547 2125 661 2180 Galilaea
675 2126 707 2180 de
718 2125 822 2180 ciuitate
833 2122 893 2178 Na-

97 2219 206 2282 zareth,
221 2223 246 2273 in
256 2218 379 2274 Judaam
390 2221 521 2275 ciuitatem
531 2219 628 2283 llauid,
647 2236 706 2290 qua
719 2229 826 2274 uocatur
841 2219 893 2274 Be·

97 2309 223 2375 tlrielrem,
238 2310 350 2382 eoquod
367 2319 433 2366 asset
447 2310 479 2366 de
496 2311 573 2366 domo
589 2320 613 2366 at
633 2311 737 2381 familia
751 2310 846 2374 Dauid,
863 2317 893 2364 ut

95 2401 269 2469 profiteretur
287 2417 347 2456 cum
367 2401 458 2457 Maria
477 2401 636 2473 desponsata
655 2401 706 2457 sibi
719 2417 801 2456 auore
822 2419 891 2473 pra-

95 2499 207 2560 quauta.

135 2575 296 2651 [Gnaeum]
312 2578 383 2634 Alibi
396 2578 517 2650 concipi,
530 2578 594 2634 alibi
608 2581 686 2635 nasei
701 2579 786 2634 voluit
799 2577 892 2633 bomi-

96 2685 170 2733 nus,
185 2679 216 2725 ut
229 2671 386 2728 insidiantis
399 2669 515 2728 llerodis
529 2671 649 2727 lurorem
669 2670 778 2726 facilius
792 2669 891 2726 evade·

96 2772 150 2820 ret.
166 2763 313 2820 Nascituro
336 2765 452 2821 homino
475 2765 642 2822 describitur
665 2765 801 2830 mundus,
825 2765 890 2836 quia

95 2863 144 2918 ille
158 2863 306 2934 apparebat
329 2863 472 2927 incarne,
495 2862 545 2934 qui
563 2863 665 2918 electos
686 2861 838 2920 ascriberet
861 2863 889 2918 in

93 2954 258 3032 aeternitate.
272 2951 390 3008 Eooutra
406 2953 440 3009 dc
454 2953 595 3024 reprobis:
619 2952 764 3008 Deleantur
778 2953 810 3008 de
822 2953 888 3008 libro

92 3045 249 3108 uiuentium,
260 3053 285 3098 et
297 3044 443 3114 ruminatis
455 3061 507 3099 non
517 3044 668 3100 scribantur
679 3043 766 3116 (Psoi.
778 3043 886 3114 suvru).

131 3135 248 3190 Factam
261 3143 300 3190 est
315 3145 474 3191 autemeam
490 3146 574 3192 essent
585 3135 633 3202 ibi,
649 3135 750 3206 iutpiati
758 3145 819 3190 suut
829 3135 885 3192 dies

92 3236 123 3281 ut
136 3236 251 3296 pararet,
267 3235 293 3281 ct
304 3227 405 3296 peperit
416 3225 502 3296 gilium
513 3241 592 3280 annm
601 3226 810 3297 primogenitam.

133 3317 255 3392 [ilaus]
273 3319 346 3376 Bene
370 3325 427 3373 tum
448 3325 562 3389 propter
581 3319 715 3388 judicium
737 3318 890 3374 stemnmtis

92 3411 180 3481 regis,
196 3419 254 3465 tum
268 3416 381 3482 propter
395 3410 514 3465 nominis
530 3417 742 3475 sacramentum,
757 3409 889 3466 hominus
948 3423 956 3438 ⁵

92 3502 122 3557 in
145 3501 301 3558 bethlehem
326 3501 461 3558 nascitur.
479 3500 637 3556 Bethlehem
660 3517 777 3572 namque
794 3500 888 3557 damas

90 3595 171 3663 punis
187 3595 400 3665 iuterpretatur:
416 3601 443 3650 et
454 3593 491 3648 ibi
502 3594 577 3661 panis
589 3593 660 3648 uiuus
672 3581 717 3665 qai
725 3595 756 3648 dc
767 3597 830 3648 cato
841 3592 888 3648 de-

91 3687 195 3743 scendit
211 3685 303 3760 (Ioan.
314 3686 366 3759 vr),
383 3695 495 3758 apparet
506 3687 533 3741 in
544 3699 636 3750 carne,
652 3687 800 3742 electomm
810 3703 887 3744 meu-

90 3783 135 3836 tes
150 3779 258 3834 interna
272 3777 400 3834 reficiens
420 3779 555 3834 satietate.
572 3777 699 3843 Quotidie
712 3777 842 3834 llomiuus
857 3778 886 3833 in

90 3868 230 3924 Nazareth
248 3869 411 3939 concipitur,
434 3869 462 3923 in
486 3867 644 3923 bethlehem
666 3868 800 3933 nascitur,
822 3883 885 3922 cum

90 3963 210 4034 quilibet
219 3963 306 4018 fidelis
315 3963 393 4018 verbi
404 3961 470 4018 llore
481 3969 619 4032 suscepto,
628 3961 738 4016 domum
752 3977 781 4016 se
791 3961 885 4016 aterni

89 4055 174 4126 panis
190 4054 279 4110 efficit.
295 4055 423 4122 Quotidie
439 4055 467 4109 in
478 4055 569 4109 animo
583 4052 750 4110 credentium
766 4051 845 4123 qrrasi
857 4051 885 4106 in

88 4154 173 4203 utero
187 4147 316 4219 virginali
335 4163 384 4218 per
399 4147 479 4203 iidem
496 4145 660 4217 coneipitur,
680 4161 729 4216 per
750 4144 884 4216 baptisma

88 4237 215 4309 gignitur
240 4237 366 4304 Quotidie
381 4237 503 4295 Ecclesia
518 4238 596 4310 quasi
618 4236 665 4292 bei
679 4235 818 4302 Genitrix,
833 4251 883 4292 co·

941 2137 997 2178 non
1017 2124 1189 2194 jumentum:
1212 2125 1265 2195 ipsi
1283 2131 1348 2180 sunt
1370 2124 1478 2180 Domini
1500 2132 1527 2180 et
1548 2125 1653 2180 famuli.
1673 2125 1735 2184 Non

941 2216 1023 2272 audet
1035 2228 1183 2288 paupertas
1194 2217 1289 2272 timida
1298 2218 1369 2272 iuter
1382 2216 1482 2272 divites
1497 2218 1637 2286 accedere,
1648 2219 1677 2274 in
1689 2219 1734 2274 di·

941 2308 1094 2364 versarium
1108 2308 1227 2376 vadunt;
1242 2309 1367 2363 nascitur
1381 2308 1409 2362 in
1424 2307 1541 2375 stabulo,
1559 2309 1652 2380 quide
1664 2318 1735 2366 ster·

941 2413 1006 2452 core
1020 2399 1128 2470 inopom
1141 2401 1213 2455 levat
1228 2397 1323 2470 (Psoi.
1337 2399 1424 2471 asti).
1441 2396 1471 2453 ln
1493 2407 1615 2457 stercore
1628 2401 1680 2459 tob
1691 2419 1735 2458 se·

941 2489 1034 2557 debat,
1049 2498 1077 2546 et
1091 2499 1186 2563 postca
1201 2499 1349 2547 coronatus
1362 2497 1404 2546 est
1417 2489 1479 2563 (iob
1494 2490 1535 2562 ιι).

1248 2603 1363 2710 carun
1383 2603 1427 2660 vt

1284 2723 1390 2832 mi

976 2885 1011 2940 Et
1024 2897 1142 2956 pastores
1165 2895 1241 2940 arant
1260 2888 1287 2940 in
1302 2887 1407 2956 regions
1428 2884 1530 2949 eadent,
1546 2886 1684 2957 uigilantes
1706 2897 1734 2944 at

939 2979 1113 3032 custodientes
1134 2977 1240 3048 uigilias
1259 2978 1343 3032 nactis
1367 2993 1445 3047 snper
1463 2993 1566 3048 gregem
1585 2994 1671 3034 suam.
1696 2977 1733 3034 m

938 3085 996 3124 cece
1007 3070 1116 3140 augelus
1131 3069 1239 3123 llomiui
1249 3071 1321 3124 stetit
1332 3069 1495 3139 juataillas,
1513 3077 1539 3123 ct
1557 3069 1668 3127 claritas
1682 3071 1733 3126 ner

903 3195 923 3252 C
941 3164 1115 3233 circumfulsit
1135 3163 1206 3218 illos.

977 3271 1085 3348 [Brun]
1099 3273 1171 3328 Nato
1185 3273 1311 3336 Domino,
1324 3283 1458 3344 pastores.
1472 3272 1593 3345 vigilant,
1608 3289 1732 3346 gregem·

938 3383 991 3422 aue
1006 3383 1086 3422 suum
1099 3365 1258 3422 custodiunt
1281 3372 1311 3420 ut
1325 3366 1486 3421 ostendatur
1504 3365 1601 3423 adesse
1622 3375 1731 3437 tempus

939 3455 1013 3528 quod
1028 3457 1087 3527 ipse
1106 3457 1170 3511 olim
1195 3455 1369 3527 promiserat,
1388 3455 1483 3511 dicens
1501 3475 1507 3512 :
1523 3454 1591 3510 Ecce
1610 3471 1656 3527 epo
1677 3456 1732 3526 ipss

938 3550 1070 3621 requiram
1095 3565 1153 3604 ores
1173 3565 1256 3614 meas,
1281 3557 1308 3604 et
1334 3547 1447 3602 uisitubo
1470 3565 1516 3603 eas
1542 3549 1610 3603 sicut
1641 3549 1731 3604 visitat

937 3653 1030 3713 pastor
1041 3657 1143 3713 gregem
1156 3657 1233 3695 arram
1249 3639 1357 3711 (Erech.
1373 3641 1477 3715 xxxiv).
1494 3640 1545 3697 Per
1558 3623 1666 3714 gregem
1681 3658 1731 3714 po·

937 3735 1029 3806 pulus,
1044 3749 1092 3804 per
1104 3741 1213 3789 noctem
1228 3733 1368 3801 saeculum,
1377 3749 1426 3804 per
1435 3742 1559 3805 pastores
1574 3735 1731 3806 significau-

936 3833 981 3880 tur
992 3825 1160 3889 sacerdotes,
1186 3823 1330 3880 animabus
1344 3825 1468 3897 pervigili
1490 3841 1555 3880 cura
1580 3826 1728 3896 provisuri.

935 3921 1056 3993 Angelus
1069 3937 1130 3976 cum
1155 3929 1232 3975 tanto
1250 3921 1353 3977 lumine
1373 3936 1518 3992 apparens,
1542 3923 1614 3994 quod
1628 3924 1656 3979 in
1671 3931 1729 3979 tota

936 4013 1104 4070 Testamenti
1113 4012 1221 4069 Veteris
1234 4013 1305 4069 serie
1318 4029 1374 4067 non
1385 4014 1522 4069 iuvenitur
1536 4015 1651 4085 mystice
1660 4029 1730 4085 prae·

934 4103 1052 4167 urorruit,
1066 4102 1140 4174 qnod
1155 4101 1303 4174 Apostolus
1328 4109 1422 4173 aperte
1447 4110 1543 4174 postea
1558 4103 1648 4161 dixit:
1664 4103 1729 4160 Noa

939 4199 1083 4266 precessit,
1095 4194 1150 4250 dies
1166 4206 1253 4250 autern
1265 4197 1480 4267 appropinquarit
1491 4197 1579 4267 (Rom.
1590 4195 1664 4270 xtra).

88 4332 209 4387 ,nitatur
222 4346 301 4387 guum
316 4331 457 4386 doctorem
473 4333 502 4386 „g
517 4329 602 4386 Maria
624 4327 736 4399 joseph,
750 4328 784 4384 de
802 4328 882 4383 ruina
971 4309 1007 4364 m
1022 4313 1165 4364 timuerunt
1181 4311 1273 4364 timore
1281 4327 1385 4381 rnaqno.
1402 4309 1436 4363 Ει
1450 4309 1518 4363 aiau
1531 4310 1586 4365 illis
1602 4310 1726 4383 aequiust

87 4421 238 4477 mundanae
247 4423 474 4487 conversationis,
486 4421 558 4492 quod
569 4417 677 4474 Galilaea
689 4426 776 4482 sonat,
790 4433 883 4474 ascen-
934 4403 1024 4458 N⁰¹i¹³
1039 4405 1139 4458 limm-
1158 4401 1224 4457 Esse
1242 4403 1311 4456 “lim
1328 4402 1481 4474 ‘limidi2⁰
1506 4402 1577 4458 ΐθῧῖ*
1596 4404 1724 4475 gaudium

88 4515 160 4571 dens
173 4515 203 4570 in
217 4514 354 4570 civitatem
368 4513 448 4580 luda,
464 4511 492 4570 id
508 4519 561 4577 est,
576 4493 758 4568 confessionis
773 4517 801 4566 et
822 4510 881 4564 lan·
932 4496 1002 4568 dudd
1015 4497 1065 4550 ‘til
1080 4496 1151 4549 ΟΜ
1170 4495 1276 4565 illidi&
1301 4496 1363 4566 quia
1387 4504 1466 4549 '¹⁰¹¹ss
1493 4503 1532 4550 ⁶³¹
1556 4495 1626 4551 ”⁰⁶5⁸
1649 4497 1725 4552 hodia

87 4597 511 4680 dis,aesem0querpgipersqlvig
525 4603 806 4662 censumqgvoqonig
816 4599 881 4668 011ae
897 4555 919 4609 D
936 4585 1070 4652 Salvator,
1092 4585 1136 4656 gai
1162 4595 1200 4640 est
1215 4583 1336 4640 Christus
1351 4583 1492 4650 Dratinus,
1509 4586 1537 4639 in
1551 4587 1656 4642 ciuitate
1669 4586 1725 4642 lla-

86 4695 214 4754 Ecclesia
232 4699 428 4769 inexemplum
443 4699 531 4754 beatae
553 4696 661 4762 llariae,
688 4696 734 4750 alii
747 4701 789 4750 ast
803 4691 883 4764 quasi
934 4678 987 4734 vid·

85 4791 268 4863 desponsata,
280 4789 329 4848 sed
337 4791 433 4846 abalio
443 4789 597 4852 fecundata,
609 4787 673 4842 dum
683 4785 807 4857 jungitur
818 4799 885 4855 pon·
970 4773 1050 4830 Omni
1065 4770 1166 4844 populo
1189 4770 1307 4826 bdelium
1332 4770 1366 4826 de
1388 4771 1495 4827 cunctis
1519 4770 1724 4829 diversitatibus

84 4881 157 4938 tilici
176 4881 327 4954 praeposito
340 4882 404 4946 sibi,
420 4881 469 4937 sed
483 4880 639 4936 cumulatur
651 4878 751 4933 virtute
763 4873 881 4945 Spiritus
934 4866 1054 4939 gentium
1068 4863 1269 4936 congregando.
1280 4871 1413 4918 :eternum
1430 4862 1559 4934 gaudium
1571 4863 1722 4919 nuntiatur.

84 4974 188 5031 sancti.
201 4973 280 5030 Unde
292 4973 361 5029 bene
373 4970 474 5044 loseph
488 4979 581 5026 auctas
594 4971 797 5039 interpretatur,
810 4963 882 5020 iudi·
932 4961 1003 5017 Cum
1016 4975 1071 5015 uos
1085 4964 1169 5022 esset,
1195 4973 1250 5013 non
1276 4957 1315 5011 ait
1335 4955 1468 5028 Angelus,
1483 4957 1535 5012 bac
1551 4965 1648 5023 nocte;
1664 4956 1722 5023 sed,

83 5081 157 5122 cans
172 5064 213 5121 nil
227 5066 318 5121 valere
332 5065 490 5120 instantiam
510 5061 646 5134 loquentis
666 5059 807 5132 magistri,
822 5058 881 5116 sine
930 5053 1011 5108 bodie
1024 5053 1088 5124 quia
1104 5050 1233 5122 gaudium
1253 5065 1381 5122 magnum
1395 5049 1549 5104 nuntiabat.
1567 5046 1619 5102 ilbi
1633 5053 1723 5102 autem

85 5156 396 5228 augmentojuraminis
411 5155 533 5227 superni.
930 5145 1020 5201 tristia
1043 5150 1185 5216 geruntur,
1201 5143 1291 5198 noctis
1314 5141 1417 5198 mentio
1431 5142 1501 5197 solet
1520 5138 1590 5202 beri,
1614 5145 1644 5192 ut
1658 5137 1696 5192 ibi
1713 5156 1720 5192 ι

122 5249 161 5304 Ει
171 5251 266 5319 pannis
277 5265 337 5303 anm
350 5249 467 5313 inuoluit,
479 5255 504 5303 ct
520 5243 656 5302 reciiuauit
669 5259 728 5299 anm
743 5233 770 5296 in
783 5253 880 5312 prasc-
929 5235 1092 5294 Scandalum
1105 5236 1154 5290 bac
1166 5248 1241 5290 nocte
1252 5235 1391 5306 patiemini
1412 5231 1520 5303 (hairu.
1539 5229 1626 5301 ιιιιι).

83 5343 140 5410 pio,
157 5323 221 5414 quia
232 5358 283 5396 nan
293 5349 351 5395 erat
360 5341 384 5394 ei
400 5340 471 5395 locus
485 5341 513 5394 in
526 5337 680 5392 diuersorio.
964 5327 1000 5384 Et
1013 5328 1061 5383 ltoc
1083 5327 1155 5382 uobis
1180 5327 1283 5398 siquam
1297 5339 1309 5379 .’
1323 5319 1463 5379 Invenietis
1486 5322 1613 5409 infantem
1626 5323 1721 5393 proris

123 5431 266 5506 [Gnaeos.
282 5462 296 5474 -
312 5430 414 5505 Brun]
430 5430 482 5499 Qui
501 5429 632 5484 mundum
646 5427 723 5484 vario
737 5424 818 5481 vestit
831 5441 877 5480 or·
930 5424 1086 5485 inuolutum,
1102 5431 1126 5476 ct
1141 5422 1255 5492 positam
1269 5419 1296 5472 in
1309 5417 1445 5488 presepio.
1490 5441 1499 5454 .
1516 5443 1520 5450 -
1548 5425 1554 5432 ·

83 5533 165 5588 uatu,
174 5525 276 5580 vilibus
290 5523 423 5588 induitur,
432 5531 462 5578 ut
471 5523 570 5580 stolam
583 5518 793 5576 immortalitatis
808 5518 878 5574 reci·
967 5515 1079 5588 Signum
1091 5514 1188 5570 salutis
1199 5519 1241 5566 est
1252 5511 1387 5573 lidelibus,
1404 5507 1545 5563 humilitas
1557 5506 1719 5573 salvatoris,

83 5633 224 5688 peremus.
247 5615 344 5671 idanus
369 5615 505 5686 pedesque
524 5613 604 5670 cuuis
625 5611 823 5682 astringuntur,
848 5619 878 5664 ut
930 5625 990 5681 quae
1008 5612 1050 5664 est
1061 5605 1184 5678 opposita
1195 5603 1338 5675 superbiae,
1352 5618 1400 5674 per
1413 5616 1495 5672 quam
1508 5617 1592 5656 mors.

83 5723 186 5765 manus
200 5715 303 5765 nostrae
317 5707 351 5762 ad
365 5706 434 5763 bene
447 5706 630 5779 operandum,
646 5703 728 5776 pedes
748 5701 835 5758 nostri
849 5703 877 5758 in
966 5701 1002 5756 Ει
1015 5699 1101 5756 sabito
1115 5699 1188 5769 facta
1201 5706 1240 5751 est
1261 5710 1320 5750 aunt
1346 5694 1438 5767 angeio
1459 5693 1600 5748 multitudo
1615 5691 1716 5751 militia

83 5803 158 5858 mam
180 5803 258 5874 pacis
271 5801 433 5872 dirigantur.
454 5799 483 5855 ln
508 5799 641 5871 praesepio
664 5795 822 5864 reclinatur,
846 5801 877 5851 ut
931 5793 1053 5862 celestis,
1068 5789 1234 5847 latitantium
1259 5787 1344 5844 Deum
1359 5797 1389 5865 ,ct
1403 5787 1567 5843 dicentium:
1583 5783 1713 5842 Gloriait

247 5897 380 5959 Parnon.
404 5894 599 5959 clxxxvi.
1543 5880 1566 5964 ,ὅ
