3967 6334
76 345 153 430 isis
675 377 755 433 rna
776 378 938 436 tuocum
959 380 1091 438 cnossi.
1650 372 1719 446 rste

78 491 156 545 citus
181 495 296 560 pateret,
323 488 380 545 dux
403 484 557 561 Aquitaniae
571 490 733 552 Guillelmus
754 499 875 554 exercitu
891 501 912 557 Α
927 499 1050 554 eeclesiae
1058 496 1429 571 Delassistcns,parimrnto
1440 509 1605 572 prostratas,
1617 504 1718 559 librum

77 581 281 650 Aquitanornm
297 579 385 640 iretus
400 583 519 638 advenit.
536 583 588 651 Qui
609 601 671 640 curn
690 588 718 642 in
738 591 876 646 montanis
927 589 1083 644 orationum
1106 604 1190 643 mauu
1210 596 1309 646 tenens
1330 591 1426 644 orabat
1442 611 1449 646 :
1466 607 1528 646 curn
1549 593 1641 648 subito
1665 594 1720 649 Bn-

77 679 309 730 castrametatus
326 674 450 746 inplano
475 673 646 732 Francorum
660 679 813 736 intueretur
827 697 875 736 ru·
926 681 1047 738 chardns
1071 681 1182 752 quidam
1203 697 1288 752 nepos
1311 683 1449 752 praepositi
1467 683 1584 755 praelati,
1609 687 1719 743 satelles

76 761 164 818 tilare
178 763 337 836 phalanges
354 765 505 822 admiratus
527 770 666 826 exercitus
681 773 749 827 tanti
766 773 875 844 magni·
926 774 1111 835 truculentus,
1126 788 1190 827 cum
1203 772 1264 828 aliis
1278 772 1312 828 de
1326 772 1422 828 carlom
1444 776 1657 832 sceleratissima
1674 794 1719 832 ra-

77 856 217 921 tudinem‚
243 857 372 927 poenituit
392 872 455 912 eum
478 873 529 928 pro
549 859 710 930 impotentia
731 863 764 919 ad
788 863 876 918 retra·
926 864 998 929 dice,
1024 872 1052 920 et
1084 865 1147 920 aliis
1179 864 1336 921 traditionis
1365 868 1492 937 pessimae
1519 871 1717 941 complicibus,

75 947 202 1018 gaudum
232 945 284 1020 [al.
312 947 548 1022 naufragandum]
576 953 695 1017 venisse,
711 953 876 1024 mittensque
925 957 1028 1020 oranti,
1053 956 1107 1012 imo
1130 953 1186 1011 Deo
1214 957 1336 1028 loquenti
1367 959 1450 1014 tacite
1476 963 1663 1028 retrocedit,
1690 972 1719 1018 et

77 1039 213 1110 pacificos
230 1041 285 1112 regi
301 1042 424 1105 nuntios,
446 1049 476 1096 ut
490 1042 515 1096 ei
540 1050 670 1115 tanquam
685 1043 802 1100 Domino
825 1061 876 1101 suo
926 1058 1006 1106 caute
1017 1049 1107 1120 gladio
1117 1051 1261 1121 evaginato
1274 1051 1375 1105 collum
1393 1059 1474 1106 terre
1489 1059 1657 1121 prostratum
1672 1070 1721 1108 co·
1742 1041 1747 1060 ³

78 1133 213 1203 loquatur
225 1134 342 1197 assistit,
361 1149 495 1205 perorans
514 1135 711 1192 lroemod021
730 1136 789 1193 llux
812 1145 876 1195 tuns
926 1140 1001 1196 mitis
1016 1140 1179 1195 suavissime
1202 1139 1249 1212 [ol.
1267 1140 1414 1213 levissime]
1435 1148 1560 1211 tangens,
1581 1143 1719 1213 utpanlu·

76 1222 252 1296 Aquitaniae,
269 1227 380 1282 dominc
397 1244 458 1293 rer,
474 1229 559 1283 multa
575 1236 602 1286 tc
627 1231 725 1294 salute,
748 1231 822 1286 omni
849 1241 877 1286 te
926 1230 982 1286 lum
997 1237 1119 1286 erectum
1136 1230 1260 1286 lenientis
1274 1231 1364 1302 gladio
1379 1246 1408 1285 se
1425 1232 1564 1301 inopinate
1578 1232 1718 1303 dirigeret,

78 1319 167 1390 potiri
192 1319 307 1376 bonore.
340 1319 401 1374 Non
429 1319 592 1391 dedignetur
616 1321 698 1392 regiae
725 1321 876 1391 majestatis
926 1335 1020 1375 ensem
1035 1320 1061 1375 ci
1072 1321 1224 1391 applicans,
1240 1335 1296 1375 uno
1319 1321 1374 1375 ictu
1389 1322 1488 1391 impius
1514 1322 1598 1391 pium,
1621 1339 1719 1379 seruus

77 1408 217 1467 celsitudo
235 1410 315 1467 ducis
328 1409 483 1482 Aquitaniae
504 1413 646 1468 servitium
668 1415 817 1486 suscipere,
830 1415 877 1485 jus
927 1411 1070 1468 dominum
1083 1410 1296 1468 sceleratissime
1310 1412 1464 1468 detruncat.
1477 1411 1529 1478 Qui
1544 1421 1635 1468 autem
1649 1423 1721 1468 asta·

78 1517 164 1556 snum
176 1501 200 1556 ei
217 1516 392 1566 conservare,
412 1503 477 1574 quia
496 1503 567 1559 sicut
579 1504 687 1575 justitia
712 1505 796 1575 erigit
817 1521 877 1562 ser·
926 1501 993 1558 bant
1005 1502 1082 1558 necis
1096 1503 1186 1573 impiae
1198 1511 1402 1574 cooperatores,
1422 1504 1584 1574 sanguinent
1596 1505 1657 1574 ejus
1680 1507 1721 1562 si·

78 1591 192 1657 vitium,
208 1592 248 1648 sic
262 1600 290 1647 et
300 1593 406 1663 justum
421 1594 506 1664 exigit
520 1594 682 1650 dominium.
700 1596 877 1654 alvernensis
926 1593 1037 1657 tientes,
1049 1599 1180 1665 tanquam
1199 1609 1283 1650 canes
1304 1593 1333 1648 in
1347 1594 1443 1649 relicta
1463 1595 1595 1650 cadavera
1619 1596 1720 1652 debac-

78 1697 187 1748 comes,
204 1685 268 1754 quia
282 1682 437 1739 lilrerniam
450 1700 465 1739 a
477 1701 531 1750 rnc,
545 1701 628 1757 quam
640 1702 691 1757 ego
705 1702 719 1740 a
735 1687 813 1743 robis
831 1688 878 1742 lra·
926 1683 1052 1750 clmntes,
1077 1682 1250 1739 innocentem
1274 1685 1379 1740 laniare
1400 1687 1572 1756 gaudebant,
1596 1703 1720 1742 summo·

77 1773 146 1838 heo,
163 1774 253 1837 babet,
270 1776 293 1830 si
311 1775 377 1847 quid
393 1777 539 1840 commisit,
562 1779 645 1833 curiae
664 1785 761 1834 restrae
784 1786 876 1836 restro
926 1787 991 1842 pete
1012 1773 1172 1844 gloriantes.
1196 1772 1270 1843 quod
1303 1789 1387 1844 opere
1410 1777 1547 1847 complere
1573 1785 1720 1848 potuerant

78 1863 174 1921 habeo
188 1865 304 1938 imperio
318 1876 524 1939 repraesentare.
540 1867 598 1924 lloc
618 1886 757 1940 nunquam
783 1871 877 1940 probi·
891 1853 913 1906 Β
927 1881 1008 1936 quem
1024 1875 1207 1936 conceperant
1216 1865 1349 1930 dolorem,
1365 1874 1392 1921 et
1405 1882 1486 1936 quarn
1498 1877 1659 1938 pepererant
1670 1870 1722 1925 ini·

76 1956 205 2022 buinms,
222 1958 274 2014 hoc
284 1959 365 2014 etiarn
378 1960 460 2015 modo
471 1959 622 2024 offerimus,
635 1968 663 2016 et
672 1968 702 2014 ut
716 1961 876 2032 suscipiatis
926 1955 1114 2028 quiescerem
1128 1966 1298 2028 apponentes
1311 1957 1480 2029 iniquitatem
1497 1975 1578 2028 super
1588 1960 1720 2031 iniquita·

77 2049 243 2120 suppliciter
266 2050 456 2122 efflagitamus.
473 2049 506 2104 Et
520 2066 555 2105 ne
574 2067 657 2121 snper
675 2051 719 2107 bis
741 2052 875 2108 celsitudo
927 2055 991 2114 ιιιιιι,
1007 2056 1103 2119 utpote
1117 2047 1221 2102 malitia
1236 2063 1287 2104 sua
1307 2049 1448 2113 excaeati,
1466 2063 1645 2121 quoscunque
1669 2065 1719 2106 ca·

75 2148 173 2196 restra
188 2140 314 2198 dubitare
331 2143 469 2212 dignetur,
484 2144 586 2200 multos
601 2151 628 2198 et
647 2143 812 2200 subicientes
826 2143 875 2198 ob·
926 2143 1070 2208 stellanos,
1090 2157 1271 2213 quoscunque
1287 2141 1437 2198 nobiliores
1457 2144 1566 2200 comitis
1591 2144 1719 2210 barones,

76 2231 157 2287 sides
167 2230 233 2288 dare
248 2240 359 2303 paratos
373 2233 446 2306 (557)
465 2233 607 2290 habemus.
631 2232 659 2289 Si
673 2235 713 2290 sic
734 2234 876 2304 judicare-
926 2235 984 2290 sire
1000 2236 1027 2290 in
1040 2236 1136 2291 eadem
1151 2234 1284 2298 Ecclesia,
1303 2235 1362 2291 sive
1382 2244 1460 2292 extra
1475 2237 1504 2292 in
1519 2245 1612 2292 castro
1631 2237 1720 2293 allen·

75 2321 139 2376 rint
151 2323 226 2394 tegni
240 2324 397 2394 optimates,
415 2322 460 2378 fit!
481 2324 573 2396 (558);
599 2324 641 2379 ⁵1¹¹
657 2325 746 2388 aliter,
763 2325 873 2380 sicllia
925 2327 990 2384 dere
1001 2336 1140 2399 poterant,
1163 2325 1354 2382 infelicissimo
1376 2327 1484 2382 misene
1506 2330 1602 2384 mortis
1621 2343 1721 2398 genere

76 2411 172 2485 Super
192 2415 235 2470 bis
250 2415 324 2486 (559)
339 2416 423 2487 igitur
436 2431 482 2472 ren
510 2429 572 2472 cum
594 2416 773 2487 optimatibus
797 2416 875 2487 regni
925 2420 1076 2492 imparatos
1086 2436 1137 2476 nec
1150 2418 1294 2475 confossos
1309 2420 1495 2476 trucidabant.
1511 2421 1616 2487 Quibus
1628 2433 1720 2478 tamen

75 2507 241 2571 consulens,
265 2507 386 2564 dictante
413 2507 533 2581 justitia,
559 2507 649 2573 idern,
675 2507 873 2579 juramentum,
926 2509 1057 2580 prodesse
1067 2510 1147 2565 valde
1166 2509 1343 2574 arbitramur,
1358 2510 1432 2580 quod
1450 2526 1500 2583 pro
1518 2511 1647 2567 tirlclitate
1670 2515 1720 2568 do-

74 2598 207 2654 obsidum
225 2598 416 2655 sufficientiam
430 2599 660 2672 suscipit,pacenr
676 2599 771 2670 patrico
786 2607 813 2656 ct
824 2599 875 2654 Ec·
925 2601 991 2655 mini
1019 2601 1062 2657 sni
1086 2602 1180 2657 taliter
1202 2603 1314 2657 mactati
1339 2602 1367 2656 in
1388 2603 1504 2658 ecclesia
1524 2610 1636 2658 orantes
1655 2613 1721 2660 sunt

74 2691 173 2747 clesiae
183 2693 312 2759 restituit,
331 2693 413 2757 diem,
423 2693 547 2750 intereos
558 2701 691 2764 praesente
705 2693 775 2748 duce
789 2691 875 2764 nqui-
924 2695 1036 2766 reperti,
1050 2710 1113 2750 cum
1126 2695 1258 2765 scriptum
1270 2695 1305 2750 sit
1321 2714 1328 2749 :
1348 2693 1398 2748 Ubi
1409 2703 1433 2749 te
1443 2695 1576 2755 inuenero,
1594 2696 1631 2750 ibi
1642 2699 1722 2766 teja-

73 2785 162 2840 taniae
184 2786 297 2856 agendis
317 2785 483 2852 Aurelianis,
508 2788 581 2858 quod
597 2787 651 2842 lmc
671 2802 758 2857 usque
776 2801 874 2843 renue·
924 2784 1019 2838 dicabo
1033 2783 1119 2857 (565).
1135 2783 1269 2840 Comitem
1285 2800 1349 2841 vero
1368 2795 1461 2843 truces
1481 2786 1510 2842 in
1523 2785 1583 2858 ipsa
1603 2788 1722 2844 ecclesia

73 2888 153 2940 rant,
181 2879 291 2944 statuit,
316 2880 521 2952 exercitumque
541 2880 659 2954 gloriose
683 2879 818 2936 reducens
845 2881 874 2935 in
924 2877 1103 2943 tumulantes,
1125 2892 1160 2932 ne
1179 2875 1331 2932 honorilice
1350 2884 1428 2931 extra
1444 2877 1664 2948 deplangeretur,
1691 2887 1722 2935 et

74 2967 227 3024 Franciam
242 2971 331 3026 rietur
346 2973 485 3030 remeavit.
925 2969 1096 3039 sepeliretur,
1109 2978 1135 3024 et
1147 2983 1197 3039 pro
1212 2968 1332 3039 gloriosa
1346 2969 1402 3022 rita
1418 2975 1445 3023 et
1453 2968 1617 3039 gloriosiore
1631 2977 1722 3027 marta

115 3060 231 3134 Egregie
255 3063 373 3130 lactum,
402 3080 457 3137 quo
484 3065 606 3123 nobilius
624 3063 659 3122 ab
689 3063 874 3122 adolescentia
924 3061 1040 3117 derotus
1056 3061 1173 3132 populus
1187 3062 1214 3115 in
1229 3062 1290 3131 ejus
1305 3060 1436 3117 ultionem
1450 3062 1620 3127 incitaretur,
1631 3064 1722 3120 eccle·

74 3165 131 3205 sua
146 3148 220 3222 (560)
232 3166 321 3224 usque
333 3153 367 3208 ad
378 3153 564 3211 vitaelimitem
578 3155 683 3210 nullum
695 3153 872 3225 perpetrarit,
888 3184 909 3244 c
926 3153 997 3208 siam
1020 3153 1107 3224 ipsam
1137 3153 1297 3223 speluncam
1321 3152 1456 3207 latronum
1475 3160 1639 3219 statuentcs,
1663 3160 1720 3206 tana
1737 3233 1741 3241 Ι

73 3241 195 3298 vitando
218 3243 370 3312 fastidium,
396 3259 459 3302 cum
481 3247 567 3302 multa
581 3253 671 3318 egeat,
687 3245 763 3302 brevi
778 3260 875 3299 narra·
926 3247 1014 3317 ipsam
1028 3261 1111 3318 quam
1126 3244 1236 3300 comitis
1259 3244 1370 3299 domum
1394 3245 1518 3300 ecelesia·
1541 3243 1720 3298 inhaerentem

74 3333 156 3390 tione
170 3351 324 3394 memorare
340 3353 394 3393 non
406 3339 555 3410 quomodo,
571 3337 617 3395 sed
631 3339 697 3410 quid
712 3337 817 3398 iecerit,
834 3339 874 3392 si·
924 3339 1112 3402 muniverunt,
1122 3337 1373 3408 etquibuscunque
1384 3335 1487 3406 paratis
1499 3335 1657 3392 victualium
1673 3335 1721 3389 ali·

72 3425 243 3496 gallicantes
262 3430 465 3499 proposuimus.
490 3429 552 3502 (Αιι.
571 3429 663 3504 llil.)
677 3430 811 3485 Femosns
826 3445 874 3485 cc·
924 3430 1037 3494 mentis,
1052 3436 1080 3483 et
1092 3427 1199 3499 seipsos
1211 3425 1309 3482 exinde
1323 3433 1475 3497 protegere,
1490 3432 1517 3481 et
1540 3432 1642 3481 terram
1664 3424 1718 3486 sibi

72 3533 139 3574 anes
163 3519 208 3574 vir
226 3521 435 3592 patentissimus
454 3521 581 3588 Carolus,
606 3521 641 3578 de
664 3522 747 3576 amita
770 3521 874 3576 domini
925 3521 1036 3577 allicere
1049 3535 1157 3576 summa
1172 3517 1301 3591 superbia
1312 3517 1473 3574 deliberant.
1492 3516 1573 3572 'lauti
1594 3517 1718 3588 igiturct

72 3609 154 3682 regis
168 3609 299 3668 Ludovici
314 3613 452 3668 banorum
468 3615 540 3686 regis
561 3613 725 3685 iliuslbbl),
741 3627 875 3668 cumsue·
925 3621 980 3668 tam
1007 3611 1133 3668 scelerati
1157 3611 1271 3666 horrore
1298 3607 1364 3664 lacti
1386 3607 1505 3674 attoniti,
1527 3609 1574 3680 qui
1598 3608 1642 3665 bis
1662 3623 1720 3664 non

73 3701 214 3760 cessisset
241 3703 304 3774 jure
333 3706 581 3777 consanguinitatis
605 3704 757 3762 fortissimo
780 3705 874 3759 comiti
925 3711 1123 3787 consenserant
1146 3700 1232 3774 (att),
1257 3700 1395 3758 Flandriae
1413 3701 1531 3757 barones
1552 3697 1720 3773 lacrymabi-

73 3787 216 3844 Balduino
244 3788 485 3863 llierosolymitani
514 3790 627 3848 ltoberti
651 3790 717 3858 srlio,
739 3789 875 3846 Flandrirc
924 3796 965 3852 les
980 3795 1128 3865 exsequias
1146 3792 1346 3864 persolventes,
1372 3798 1466 3846 notam
1477 3790 1642 3863 proditionis
1662 3790 1720 3846 eti-

72 3887 184 3936 terram
197 3881 277 3938 valde
293 3883 456 3955 populosam
471 3890 526 3940 tam
543 3893 654 3940 strenae
666 3897 748 3954 quam
763 3881 876 3953 diligen·
924 3893 993 3952 tant,
1008 3884 1073 3940 dum
1084 3884 1137 3939 lroc
1150 3882 1262 3937 domino
1276 3881 1331 3952 regi
1343 3878 1490 3943 leudorico,
1501 3893 1553 3935 nec
1566 3878 1591 3934 ei
1602 3885 1719 3940 tantun.

74 3979 123 4028 ῑθῐ
137 3971 367 4040 adssllbislfflbair
384 3973 513 4031 Ecclesiae
534 3973 581 4031 Dei
596 3975 713 4032 illustris
732 3973 874 4037 defensor.
925 3977 974 4034 sed
989 3975 1063 4032 fama
1076 3976 1185 4032 volante
1199 3990 1249 4046 per
1262 3972 1423 4029 universum
1439 3972 1533 4028 orbern
1543 3971 1718 4060 denuntiaret.

71 4063 316 4136 eleemosynarum
334 4065 499 4123 liberalitate
512 4066 689 4138 conspicuus,
703 4065 816 4138 justitiae
832 4073 875 4119 tu·
924 4068 981 4126 lter
1003 4079 1095 4124 autem
1117 4074 1145 4123 et
1164 4081 1258 4122 amore
1278 4064 1394 4135 justitiae
1422 4073 1449 4119 et
1472 4063 1720 4133 consanguinitatis

71 4161 124 4209 tor
137 4154 267 4226 insignis.
283 4154 336 4224 Qui
349 4172 411 4213 cum
425 4157 533 4214 debitor
546 4156 621 4232 (362)
644 4157 759 4212 honoris
773 4156 873 4228 adepti,
926 4161 1024 4218 affectu
1039 4160 1067 4215 in
1083 4158 1214 4215 ultionem
1229 4163 1313 4212 tantae
1329 4155 1495 4228 proditionis
1505 4155 1652 4218 excitatus,
1668 4167 1719 4209 nec

71 4252 207 4316 potentes
227 4247 362 4316 quosnam
385 4263 485 4320 genere
511 4249 639 4313 arinates,
661 4248 760 4320 onibus
776 4247 874 4314 elatos,
925 4249 1312 4325 regtsrngnrt,neccontus
1330 4246 1479 4304 rtemann
1503 4261 1602 4318 guerra
1624 4245 1721 4300 nerem

72 4337 204 4393 dominio
217 4338 278 4410 ejus
289 4339 388 4396 lineam
406 4341 656 4412 consanguinitatis
670 4340 815 4396 absentare
828 4355 875 4395 su·
926 4352 982 4410 tus,
1011 4341 1170 4398 Flandriam
1195 4341 1337 4394 animosus
1357 4339 1452 4404 intrat,
1473 4345 1504 4391 ut
1533 4335 1720 4407 nequissimos

71 4429 165 4500 perbe
190 4429 341 4488 innitentes
366 4431 456 4506 (erant
478 4435 551 4490 enim
572 4432 607 4489 de
627 4431 693 4489 faece
709 4431 876 4488 conditionis
927 4436 1100 4492 atrocissime
1110 4433 1217 4506 perdat,
1234 4439 1293 4486 toto
1302 4429 1387 4485 animi
1401 4435 1429 4486 et
1451 4429 1544 4501 operis
1562 4428 1625 4484 nisu
1648 4443 1720 4482 exa·

72 4523 203 4597 servilis)
217 4523 323 4594 judicio
334 4526 418 4582 curire
433 4527 628 4583 convenienter
643 4525 711 4582 satis
723 4533 873 4596 repeteret;
890 4526 913 4580 b
928 4533 1011 4584 stuat.
1023 4525 1157 4582 Comitem
1173 4519 1489 4578 FlandrireCuillelmum
1500 4516 1719 4575 Nortlrrrrannum

71 4615 133 4688 ipsi
152 4614 201 4690 [cl.
217 4615 305 4692 ipse],
322 4619 448 4677 videlicet
462 4619 609 4692 Brugensis
622 4618 752 4676 Ecclesiae
767 4634 874 4690 praepo·
926 4621 1012 4676 fllium
1020 4617 1132 4673 liuberti
1141 4613 1381 4687 Hierosolymitani
1389 4610 1596 4667 Nortbmanniae
1609 4611 1719 4666 comitis

73 4711 164 4774 situs,
179 4717 208 4766 et
222 4709 276 4777 arri,
289 4712 340 4768 viri
351 4713 540 4784 superbissimi
553 4720 581 4770 et
595 4712 694 4769 famosi
708 4712 874 4785 proditores,
926 4713 1046 4785 (adeum
1059 4708 1205 4779 enimJ‘ure
1218 4705 1466 4775 consanguinitatis
1479 4705 1632 4774 spectabat)
1652 4719 1720 4759 con·

73 4801 275 4860 crudelissime
288 4804 313 4859 ei
333 4803 545 4861 insidiabantur.
562 4804 630 4861 Cum
653 4805 737 4877 igitur
756 4805 875 4876 quadarn
925 4805 1016 4862 stituit
1032 4801 1118 4875 (565).
1132 4799 1272 4856 litantem
1288 4797 1393 4869 Bruges
1407 4795 1562 4883 descendit,
1575 4812 1630 4852 non
1650 4796 1721 4851 reri·

72 4891 126 4946 die
150 4889 204 4963 (die
223 4893 241 4947 2
257 4893 363 4970 Martii)
387 4895 493 4970 Brugas
516 4897 646 4963 venisset,
668 4911 775 4952 summo
796 4911 876 4954 mane
925 4904 971 4952 tus
985 4903 1067 4952 terrae
1080 4891 1247 4954 barbariem,
1270 4905 1322 4945 nec
1341 4887 1443 4944 fredam
1465 4888 1624 4959 proditoriae
1645 4903 1717 4942 con·

117 5044 194 5122 (557)
209 5048 289 5122 Apud
307 5050 429 5110 Freher:
443 5053 538 5109 Parati
556 5061 684 5109 armaret
703 5059 812 5122 parator
826 5052 875 5107 lm·
973 5046 1241 5174 libilltlpudFrelrer
1254 5046 1352 5131 debito.
1427 5117 1433 5128 .
1502 5116 1508 5126 .

73 5118 182 5174 bernus.
974 5119 1037 5194 565)
1053 5120 1116 5176 laec
1128 5120 1211 5175 verba
1226 5133 1254 5172 tn
1264 5133 1352 5173 sacris
1374 5115 1525 5187 Scripturas
1541 5129 1595 5169 non
1615 5129 1718 5168 occur-

116 5189 192 5270 (558)
208 5189 271 5248 llaec
281 5194 401 5249 notanda
414 5195 447 5251 de
456 5195 558 5268 regalis
567 5196 651 5253 curiae
663 5195 691 5250 in
704 5193 824 5264 majores
835 5209 876 5250 re·
925 5201 1000 5249 runt.
1289 5257 1294 5268 Ι
1583 5255 1589 5266 ,

72 5276 125 5334 gnr
141 5263 267 5318 vassalos
282 5267 453 5322 auctoritare.
962 5261 1026 5334 (stt
1049 5258 1253 5316 Consenserunt.
1267 5255 1313 5313 Src
1327 5255 1408 5312 codd.
1422 5272 1529 5313 omnes.
1541 5253 1613 5310 Edit.
1630 5271 1718 5310 casea·

114 5330 192 5403 (559)
209 5331 273 5389 llaec
284 5335 470 5406 interpunctio
479 5335 622 5393 Codicum.
636 5333 719 5390 Forte
730 5333 874 5406 legendnm
924 5344 1024 5390 serant.
1240 5399 1247 5412 .
1397 5399 1403 5410 .
1583 5396 1589 5409 ι
1680 5396 1686 5410 Ι

71 5403 149 5456 sicat
161 5419 241 5472 super
253 5405 293 5460 ln'r
308 5407 477 5477 judicabunt,
497 5418 526 5463 ut
546 5409 628 5464 babet
642 5406 762 5462 freber.
790 5405 876 5478 igitur
942 5395 1714 5479 '(dboltluillelmnssrlmsRobertrNortbmannrreducrs,

71 5488 136 5538 m,
153 5483 207 5529 etc.
925 5493 957 5532 er
968 5484 1045 5546 patre
1055 5487 1141 5543 nepos
1152 5470 1300 5532 lrlatbildis,
1314 5469 1409 5524 uxoris
1418 5467 1554 5523 Guillelmr
1567 5467 1656 5537 blagnr
1667 5482 1716 5521 seu

127 5544 194 5609 560)
209 5543 265 5601 Sne
281 5545 359 5604 deest
378 5550 404 5605 in
424 5557 501 5620 artat.
518 5548 597 5604 codd.
925 5545 1134 5616 Conmrestnris,
1153 5541 1333 5611 balduinique
1348 5537 1369 5592 V
1386 5555 1434 5595 seu
1450 5539 1502 5609 pii,
1517 5536 1651 5592 Flandriar.
1665 5552 1715 5619 co·-

127 5613 194 5690 561)
209 5615 296 5672 Natus
308 5628 367 5674 erat
381 5621 498 5676 Carolus
513 5637 575 5692 rege
590 5620 682 5676 [laniae
695 5618 818 5675 Carnnto
840 5617 874 5672 lt
927 5617 1003 5672 mitis
1017 5615 1088 5676 tiliae,
1105 5613 1232 5694 aerrrnlum
1249 5614 1320 5695 iuter
1333 5609 1425 5692 plures
1440 5607 1716 5693 lralrelratllrmdert·

70 5696 104 5743 ct
121 5685 219 5751 deleta,
232 5689 285 5743 iila
300 5689 413 5747 liuberti
438 5689 562 5748 Frisonis
579 5698 608 5747 et
628 5689 771 5747 Gertrudis
789 5689 876 5745 Saxo·
926 5703 987 5741 cam
1004 5685 1150 5745 Alsatiunr,
1162 5699 1205 5737 cm
1218 5691 1317 5765 potrcrr
1330 5687 1542 5764 propanpntatrs
1558 5695 1620 5748 pure
1643 5692 1717 5732 corn·

70 5759 160 5824 nicae,
174 5775 236 5828 arrae
247 5759 384 5818 Florentio
397 5761 406 5818 1
421 5762 571 5818 llollaudiae
578 5763 678 5818 comite
689 5763 765 5831 prius
779 5771 873 5833 nupta,
928 5759 1038 5830 petebat.
1050 5754 1186 5810 Flandrirc
1196 5759 1356 5836 contitutus.
1371 5751 1395 5805 ls
1410 5769 1482 5808 enlm
1499 5756 1577 5820 patre
1591 5747 1716 5803 Tirendc-
1737 5791 1743 5802 .
1759 5789 1766 5796 .

70 5846 110 5889 cx
126 5845 162 5887 ec
177 5831 305 5888 liertlram
321 5831 452 5890 Ludovici
466 5843 583 5890 matrem
595 5837 747 5906 pepererat.
927 5829 985 5884 rico
1002 5825 1109 5884 Alsatio
1122 5825 1307 5894 Lotlrarrngrac
1328 5821 1408 5887 duce,
1424 5831 1565 5892 matreque
1581 5817 1715 5878 Gertrodc
