3967 6334
315 305 384 362 Μ,
870 285 1008 346 suennu
1025 283 1173 340 lunaris
1192 283 1221 342 s.
1243 283 1391 342 uronvsu
1821 311 1866 367 m,

314 423 383 477 tium
395 422 537 483 unionum,
550 423 681 488 quantam
691 427 743 468 rros
757 410 877 482 reperire
890 420 1032 478 nunquam
1042 419 1108 476 prae
1122 410 1145 465 Α
1158 419 1212 475 que
1227 405 1334 474 copiam
1358 403 1571 476 circumquaque
1584 419 1631 476 per
1648 422 1693 463 rros
1706 421 1728 466 cr
1738 430 1777 484 pes
1792 430 1867 485 pugg,

313 515 491 587 sumpsimus.
504 510 617 566 Videres
635 521 714 578 reges
733 514 761 560 ct
773 502 923 574 principes,
948 498 1105 566 multosque
1156 505 1267 553 nostros
1278 496 1465 568 quaeritantes,
1479 510 1562 566 quam
1583 498 1751 568 pretiosiorem
1766 509 1788 563 iu
1799 527 1869 577 areg

311 609 387 663 viros
401 605 555 677 praecelsos,
578 599 730 655 imitatione
748 602 843 652 nostra
862 593 962 664 digitos
975 602 1106 644 manuum
1155 589 1359 661 genrnristanto
1378 586 1489 643 ornatui
1499 589 1636 643 materiam
1649 592 1753 652 invenire
1763 607 1868 677 minim

312 691 1104 761 suarumcrannulare,etarrnulorumaurnunetgemrrras,
1155 681 1344 756 praeparando,
1372 680 1491 736 artifices
1511 680 1652 751 peritiores
1675 684 1706 740 de
1723 688 1815 752 dirersis
1830 715 1871 770 gg.

311 789 528 862 margaritasque
539 785 675 858 pretiosas
687 781 723 838 ob
731 795 852 835 aaronem
867 784 1025 832 sanctorum
1036 787 1106 826 mar-
1154 776 1229 831 tibus
1255 773 1478 829 convocavimus.
1495 771 1557 839 Quo
1579 780 1606 828 et
1625 775 1751 847 diligenter
1765 791 1870 851 emm,

310 878 500 952 tyrumeidem
521 877 620 933 tabulae
653 871 728 944 inllgi
751 870 909 942 precipere.
932 865 988 920 Nee
1013 865 1105 919 miuus
1153 865 1314 924 fabricando
1339 880 1449 921 crucem
1459 866 1638 921 venerabilem
1651 869 1755 938 ipsamm
1763 877 1871 940 adunare

310 975 393 1032 etiam
404 969 642 1042 arehiepiscopiet
654 966 776 1040 episcopi
794 964 869 1036 ipsos
884 975 940 1018 suae
953 959 1105 1030 desponsa·
1154 977 1190 1016 ne
1200 975 1370 1032 gemmarum
1386 967 1459 1014 retro
1475 960 1638 1027 attollerent,
1652 970 1741 1020 etaute
1757 969 1847 1030 videlice
1854 981 1870 1034 n

309 1067 394 1124 tionis
409 1067 525 1122 annulos
543 1063 643 1119 ibidem
668 1061 720 1117 sub
734 1066 793 1114 tuto
807 1062 986 1128 reponentes,
998 1052 1054 1108 Deo
1076 1058 1105 1107 et
1155 1064 1304 1126 conspeetu
1324 1052 1507 1108 sacriticantis
1523 1054 1680 1119 sacerdotis,
1688 1055 1719 1110 ad
1729 1063 1872 1124 omnemne

311 1157 414 1215 sanctis
440 1158 501 1228 ejus
533 1153 710 1212 devotissime
739 1150 900 1207 offerebant.
924 1145 1104 1202 Venditorum
1154 1145 1385 1203 miniSalratoris
1414 1145 1599 1216 imaginemur
1623 1150 1786 1208 recordatione
1802 1163 1871 1226 pagg,

308 1251 389 1305 etiam
403 1249 615 1321 gemmariorum
629 1251 706 1300 tanta
720 1244 755 1300 de
773 1242 891 1298 diversis
906 1239 999 1312 regnis
1013 1245 1041 1292 et
1054 1251 1104 1292 na·
1155 1239 1199 1292 nis
1218 1237 1281 1306 ejus
1306 1244 1438 1306 tanquam
1468 1241 1496 1292 et
1523 1235 1614 1291 adhuc
1635 1239 1765 1308 patientem
1783 1244 1805 1298 in
1821 1265 1872 1304 en,

309 1343 431 1398 tionibus
445 1340 479 1396 ad
492 1355 543 1397 nos
554 1339 634 1394 turba
645 1335 811 1400 confluebat,
823 1340 853 1388 ut
867 1348 921 1389 non
937 1333 999 1404 plus
1012 1343 1104 1386 eruere
1158 1334 1342 1383 ostentarent.
1371 1326 1473 1382 Eodem
1501 1342 1568 1382 sane
1590 1328 1651 1382 loco
1679 1329 1762 1388 beatus
1775 1334 1872 1409 biennia

308 1449 504 1507 quereremus,
520 1447 604 1504 quam
618 1431 659 1486 illi
668 1428 787 1486 vendere
800 1426 852 1484 sub
865 1421 1104 1481 administratione
1154 1420 1312 1492 quingentis
1327 1420 1408 1474 annis
1421 1428 1449 1474 et
1463 1434 1497 1475 eo
1514 1419 1642 1491 amplius,
1657 1421 1872 1500 videlicetatenpae

308 1527 431 1581 omnium
445 1524 618 1582 festinarent.
633 1521 736 1578 Versus
757 1520 842 1576 etiam
862 1517 986 1590 ejusdem
1003 1513 1103 1570 tabula
1156 1511 1402 1604 [lagoberti‘usque
1413 1509 1448 1564 ad
1459 1519 1555 1566 nostra
1567 1515 1871 1584 temporajacucratd'nun
1927 1532 1928 1541 ¹

308 1618 427 1672 laisunt:
1150 1606 1289 1677 jocosum,
1319 1604 1368 1660 sed
1388 1604 1480 1659 nobile
1493 1604 1667 1670 miraculum,
1689 1608 1754 1676 quod
1771 1625 1831 1682 supe
1846 1617 1871 1671 a,
1927 1628 1928 1645 2

343 1708 389 1764 lla
409 1725 440 1763 ne
453 1707 576 1778 Dionysi,
588 1715 680 1778 portas
696 1705 769 1775 aperi
789 1702 924 1768 paradisi,
1153 1695 1275 1754 ostendit
1287 1697 1368 1752 uobis
1385 1693 1528 1761 Dominus,
1541 1697 1593 1752 sub
1616 1696 1720 1754 silentio
1731 1705 1873 1772 penne„

379 1725 585 1851 Sqlddefffumllss
600 1779 651 1849 955⁶
664 1787 768 1848 Ρΐθῑθθθ
781 1773 925 1846 β’ωδῧάὶῑθ·
1119 1774 1141 1830 Β
1156 1789 1268 1846 luimus.
1279 1787 1349 1844 Cuur
1371 1788 1445 1844 euim
1466 1788 1598 1844 haererem
1625 1791 1731 1861 penuria
1750 1808 1872 1864 genuam,

342 1851 756 1988 Quffluffaffi‘g’fflgfflz
766 1845 877 1986 '35:³²3'
889 1849 1063 1906 ⁶⁰⁸⁸¹⁸⁸¹¹¹⁸¹¹’
1150 1897 1202 1936 nec
1216 1897 1298 1952 supcr
1311 1882 1364 1937 hoc
1383 1881 1551 1937 sufficienter
1564 1881 1633 1936 mihi
1656 1883 1784 1954 providere
1798 1890 1873 1945 rahier

342 1991 378 2046 g,
393 2008 441 2062 p„
453 1992 578 2060 mmai
593 1991 650 2044 Μὴ·
664 2006 755 2044 mma
766 1989 873 2052 gaggan,
1152 1972 1263 2046 (raritas
1272 1975 1400 2029 enimeas
1411 1975 1532 2029 cariores
1544 1972 1621 2043 lacit)
1634 1990 1696 2030 eece
1717 1975 1811 2031 duomn
1827 1982 1871 2033 orli-

376 2062 535 2133 Significant
546 2062 631 2133 megia
645 2061 811 2132 significante
822 2058 926 2130 placent
1151 2083 1228 2132 nrum,
1254 2067 1338 2122 trium
1366 2067 1549 2132 abbatiarum,
1573 2067 1700 2122 videlicet
1723 2069 1874 2128 cistellenses

339 2153 409 2222 Quia
433 2154 516 2224 igitur
534 2154 721 2210 sacratissima
741 2152 918 2207 dominorum
941 2156 1100 2204 nostrorum
1151 2157 1264 2213 alterius
1275 2157 1391 2212 apharim
1404 2157 1526 2228 ejusdem
1537 2158 1654 2224 offljnqg
1669 2168 1695 2214 01
1707 2158 1788 2218 1³0„qu
1796 2163 1872 2222 Μ

305 2261 422 2318 corpora
442 2247 471 2302 in
486 2247 559 2302 volta
570 2246 712 2318 superiore
726 2259 808 2318 quarn
829 2243 948 2300 nobilius
962 2241 1100 2313 potuimus
1150 2249 1318 2303 camerulam
1336 2257 1459 2302 nostram
1469 2249 1594 2304 ccclesiae
1605 2250 1770 2307 inhaerentem
1778 2254 1873 2314 intrans

303 2339 390 2394 locari
414 2339 548 2410 oportuit,
576 2340 700 2411 quaedam
714 2339 749 2394 de
770 2337 973 2394 collateralibus
1000 2334 1100 2390 tabulis
1150 2355 1320 2411 gemmarum
1338 2341 1454 2410 copiam,
1464 2340 1589 2396 videlicet
1601 2341 1799 2412 hyacinthorum,
1819 2347 1874 2417 apli
1927 2388 1928 2395 ,

304 2428 1100 2502 sanctissimieorumsarcophaginescimusquaoccasione
1150 2447 1256 2496 rorum,
1293 2433 1463 2497 rubetarum,
1500 2433 1715 2504 smaragdinum,
1747 2437 1875 2508 topariorm,
1927 2502 1928 2507 ἵ

302 2527 406 2590 erepta,
421 2520 584 2590 quindecim
599 2537 707 2579 marcas
729 2520 968 2593 aurircporreudo,
991 2519 1101 2575 ulterio-
1149 2532 1281 2595 quantam
1296 2540 1346 2595 per
1366 2524 1528 2580 decennium
1548 2524 1876 2598 invenirenrinimespeala·
1927 2558 1928 2577 i

302 2629 360 2669 rem
374 2613 490 2672 iconem
506 2616 641 2687 eiusdem,
651 2626 678 2672 ct
689 2625 848 2688 operturam
864 2615 1034 2686 superiorem
1048 2629 1100 2670 un·
1149 2633 1223 2682 mus,
1233 2617 1376 2672 emendam
1390 2616 1471 2672 nobis
1481 2616 1653 2673 obtulerunt.
1668 2615 1717 2685 Qui
1731 2621 1877 2676 conuncu-

302 2706 384 2777 aliquae
413 2706 529 2764 inlerius
556 2717 583 2764 et
609 2709 737 2780 superius
763 2707 893 2764 deaurari
913 2708 1099 2779 quadraginta
1151 2705 1580 2771 bebant,acomiteTheohaldo
1596 2709 1650 2763 sub
1675 2710 1821 2782 eleemosyna
1836 2711 1877 2764 olli

302 2797 387 2856 terme
401 2800 491 2858 unciis
517 2799 728 2857 elaboravimus.
747 2798 860 2856 Tabulis
879 2800 961 2856 etiarn
990 2799 1099 2870 cupreis
1149 2807 1277 2862 nuaram,
1292 2797 1339 2870 qui
1355 2797 1523 2854 athesauris
1537 2799 1721 2856 avunculisui
1740 2800 1878 2874 regisllerdri
1927 2828 1928 2831 ¹

302 2892 431 2951 fusilibus
444 2895 631 2962 etdeauratis,
644 2901 727 2966 atque
748 2895 842 2966 politis
856 2893 991 2964 lapidibus
1010 2892 1099 2962 impa-
1149 2887 1283 2956 deiuncti,
1297 2904 1367 2960 quas
1383 2890 1411 2943 in
1425 2888 1600 2946 mirabilibus
1618 2891 1714 2960 cuppis
1733 2896 1784 2944 toto
1802 2899 1879 2960 terpn
1927 2902 1928 2909 ¹

301 2983 355 3040 etis
369 2993 480 3056 propter
489 2986 634 3042 interiores
646 2985 767 3056 lapideas
778 2986 877 3049 voltas,
894 2998 1004 3039 necnon
1019 2990 1047 3038 et
1056 2983 1101 3054 ja·
1149 2979 1213 3035 vitae
1223 2995 1280 3035 sua
1293 2987 1483 3050 congesserat,
1500 2995 1549 3050 per
1564 2995 1680 3034 manum
1692 2979 1804 3051 Stephani
1820 2979 1880 3034 irum

301 3077 364 3134 rruis
386 3079 524 3134 continuis
546 3078 580 3134 ad
603 3078 739 3135 arcendos
760 3077 926 3148 populorum
944 3076 1097 3143 tunrultus;
1112 3115 1134 3174 C
1150 3071 1194 3127 sui
1209 3071 1282 3142 regis
1300 3069 1406 3143 duglici
1417 3078 1569 3142 receperat.
1589 3069 1648 3128 Nos
1659 3079 1744 3127 autem
1755 3086 1821 3126 onere
1834 3087 1880 3140 qun

301 3171 338 3224 ita
349 3179 440 3226 tamen
452 3178 482 3226 ut
491 3170 661 3228 venerabiles
669 3183 804 3243 persona,
821 3167 1024 3226 sicutdecuerit
1038 3168 1097 3240 ipsa
1148 3162 1297 3218 rendarum
1308 3177 1479 3233 gemmarum
1501 3164 1657 3228 exonerati,
1675 3163 1821 3235 gratirslleo
1837 3161 1880 3218 nic·

289 3269 459 3320 ‘sanctorum
473 3277 619 3334 corporum
647 3261 816 3318 coutinentia
832 3274 897 3316 vasa
917 3274 979 3314 eum
997 3272 1096 3330 taragna
1148 3265 1251 3321 rentes,
1264 3264 1361 3328 quater
1379 3263 1490 3312 centum
1506 3257 1605 3321 libras,
1617 3273 1683 3313 cum
1697 3260 1754 3330 plus
1766 3259 1820 3314 satis
1836 3259 1881 3312 nh

300 3353 443 3410 mantione
457 3361 485 3410 et
499 3354 683 3426 lacrymarum
697 3353 862 3424 prolusione
872 3351 965 3408 videre
975 3352 1095 3415 valeant,
1147 3358 1219 3415 rent,
1234 3364 1284 3420 pro
1298 3349 1338 3404 eis
1351 3348 1486 3404 dedimus.
1498 3348 1554 3406 Nee
1566 3367 1620 3406 cas
1634 3351 1732 3413 salum,
1746 3351 1880 3406 remanare

300 3446 478 3518 circumcingi
503 3445 628 3503 lecimus.
654 3444 820 3502 Eorumdem
842 3461 909 3502 aero
936 3450 1096 3500 sanctorum
1147 3442 1261 3496 multam
1275 3447 1303 3497 et
1316 3450 1505 3512 sumptuosam
1517 3442 1637 3497 aliarum
1647 3445 1882 3515 gemmamnetnio

301 3539 467 3594 trrurulorum
477 3539 506 3594 hi
521 3547 585 3596 sant
601 3555 697 3596 versus
713 3559 719 3594 :
1146 3549 1212 3588 num
1226 3534 1332 3605 copiam
1348 3533 1383 3589 ad
1397 3533 1596 3605 perlectionem
1615 3544 1671 3590 tam
1682 3538 1764 3592 sancti
1775 3536 1881 3590 emunt

341 3667 357 3724 ς
530 3673 537 3684 ,
674 3673 681 3685 ,
744 3673 749 3684 ,
1146 3626 1334 3697 apposuimus.
1350 3625 1467 3682 Deauro
1479 3643 1546 3682 vero
1562 3629 1672 3693 obrizo,
1693 3630 1793 3685 circiter
1809 3638 1883 3700 quate·

338 3705 345 3721 .
360 3679 498 3725 unctorum
512 3687 623 3738 cineras,
636 3670 681 3726 abr
692 3672 796 3726 relicus
806 3672 918 3728 exerebat
929 3671 1005 3737 ordo,

338 3739 417 3794 Plebs
426 3752 502 3813 roqut
512 3752 536 3797 et
551 3744 650 3813 plorat,
673 3743 759 3798 clerus
774 3745 844 3798 canit
856 3745 884 3796 in
899 3742 1074 3808 decachordo,
1145 3719 1242 3789 Vigimi
1257 3733 1365 3776 ¹¹¹³¹⁹⁰²¹⁵
1380 3720 1584 3790 ¹¹⁰SP⁰S¹¹i⁵⁵⁰r
1602 3723 1628 3778 εἰ
1643 3723 1710 3778 bene
1722 3723 1882 3783 mm*

338 3809 482 3879 Spiritibua
498 3829 609 3884 qaorum
624 3812 774 3883 reseruntur
788 3824 848 3869 uota
862 3815 975 3884 piorum,
1144 3811 1285 3867 minimus.
1300 3809 1399 3867 Pedem
1421 3827 1487 3867 vero
1505 3821 1629 3883 quatuor
1656 3816 1815 3887 evangelistis
1832 3829 1882 3868 cau·

337 3879 457 3952 Cumque
469 3883 573 3953 placent
582 3883 637 3940 itte
650 3885 720 3939 mala
736 3884 918 3939 condonantur
927 3901 1028 3940 eorum.
1144 3910 1231 3973 pum„
1245 3911 1274 3958 02
1286 3903 1443 3958 columnam
1461 3905 1507 3959 cuj
1518 3913 1617 3962 meg,
1634 3907 1732 3964 qusqggg
1748 3908 1828 3978 imago.
1841 3905 1882 3961 ,qe

335 3949 996 4149 gwfgfss'sszgffimTo'r‘ffnsszpssrffcgfflz'
1145 3991 1272 4047 tilissimo
1295 4007 1378 4062 opere
1396 3993 1558 4060 smaltitam,
1578 4003 1610 4052 et
1627 3995 1773 4054 Salvatoris
1784 3999 1882 4054 hisarna-
1927 4052 1928 4085 ,

335 4093 389 4149 lle
412 4112 475 4151 aaut
490 4096 622 4167 egregium
633 4096 793 4152 venientibus
806 4107 894 4152 eastat
909 4098 1014 4170 argium
1143 4099 1206 4138 cum
1218 4084 1336 4154 tuliquae
1358 4085 1426 4155 legis
1448 4086 1649 4158 allegoriarum
1681 4091 1824 4146 testimoniis
1836 4089 1882 4142 dra·

336 4163 388 4221 mi
406 4165 471 4238 [Ψ
486 4167 888 4238 ‘mamb⁵⁸51000211110731't·
1142 4174 1244 4248 gnatis,
1260 4186 1286 4231 et
1300 4177 1428 4246 capitello
1442 4179 1587 4249 superiore
1600 4190 1721 4238 arronem
1734 4183 1825 4238 homin
1844 4197 1884 4234 rm
1927 4232 1928 4255 ,

570 4300 685 4358 gqupq
700 4297 807 4356 fflqq
1143 4268 1377 4339 suisimaginibus
1399 4268 1565 4339 admirante,
1591 4275 1751 4346 perplures
1772 4273 1882 4328 aurihbn
1927 4280 1928 4353 f

1141 4361 1325 4434 lotharingos
1349 4364 1515 4436 quaudoque
1538 4367 1676 4438 quinque,
1706 4369 1883 4440 qnandoqaese
1927 4356 1928 4391 ³

1106 4461 1226 4526 nptem,
1244 4455 1290 4510 vix
1308 4455 1417 4512 duobus
1447 4459 1528 4514 annis
1548 4459 1701 4528 perfectam
1718 4462 1808 4516 babere
1822 4460 1882 4530 potui·

333 4524 507 4583 Ad⁰f³¹1d³m
533 4528 670 4583 Vilffifflffl
697 4543 807 4584 crucem
832 4533 941 4584 ae¹⁰f¹¹ae
963 4523 1090 4582 Vff⁰¹⁰¹iae
1140 4547 1597 4619 mus.Tantiigiturettanrsancti
1615 4553 1882 4609 instrumentiormun

301 4615 449 4675 salvatoris
465 4621 552 4675 nostri
577 4622 706 4676 vetillum
720 4619 903 4686 salutiferum·
920 4621 954 4676 de
976 4634 1032 4692 ‘1¹¹⁰
1048 4618 1090 4674 di·
1140 4636 1223 4692 altius
1237 4636 1412 4692 honorarent
1428 4639 1552 4695 exaltare
1568 4641 1760 4698 misericordia
1775 4643 1882 4696 siliarum
1927 4676 1928 4699 i

299 4707 337 4762 cit
351 4707 498 4779 Apostolus
515 4730 521 4764 :
539 4707 606 4764 liiii
617 4721 704 4766 autern
715 4710 783 4766 absit
793 4711 904 4782 gloriari
913 4710 965 4763 nisi
975 4709 1003 4762 in
1014 4723 1090 4763 cruce
1139 4729 1226 4783 „ogga
1234 4728 1403 4795 accelerans,
1411 4729 1542 4786 ggmngm
1550 4747 1653 4803 papam
1662 4734 1801 4807 Eugenium
1810 4735 1883 4789 ,qm-

297 4795 406 4852 Dernini
430 4800 515 4853 nestri
532 4797 599 4854 Jcsu
617 4800 727 4868 Christi,
752 4809 856 4873 quanto
870 4800 1020 4872 gloriosum
1033 4814 1089 4854 uon
1138 4819 1273 4875 grandnm
1289 4830 1415 4876 „nepum
1438 4823 1642 4891 pascg,‚sqcug
1665 4839 1771 4884 mm,
1791 4828 1882 4882 pm„

297 4893 405 4941 tantum
429 4887 742 4962 hominihus‚quantum
770 4892 851 4946 etiarn
876 4889 944 4962 ipsis
972 4889 1087 4961 angelis,
1138 4911 1313 4983 pongjchbus
1333 4914 1362 4968 j„
1389 4913 1484 4973 Gauiis
1503 4918 1725 4987 demorantibus,
1741 4922 1774 4979 og
1790 4922 1883 4976 ΝΜ

298 4979 347 5034 hlii
360 4979 478 5036 hominis
488 4979 596 5052 signum
611 4997 747 5053 apparens
771 4983 800 5037 irr
813 4981 943 5038 extremis
961 4981 989 5036 in
1005 4979 1086 5048 coelo,
1138 5005 1226 5058 meg
1242 5006 1411 5075 ,pompm
1421 5008 1718 5086 bfflgquonysjq'quod
1725 5013 1884 5072 emmor„

297 5076 374 5172 tanto
385 5070 532 5177 gloriosius
542 5080 670 5176 qrnatum
685 5074 732 5138 iri,
747 5081 805 5130 tota
827 5075 928 5131 mentis
942 5073 1088 5130 devotione
1137 5094 1883 5175 ,qoegqnnoeenqopqquspmdeoeswqgus5341,qu

297 5177 320 5216 ⁵¹
334 5177 479 5233 P⁰⁸⁸0m¹¹⁸
501 5174 695 5233 lssssllssfflssufa
719 5167 821 5238 tudites
845 5183 905 5224 ⁰³⁰¹
928 5182 991 5222 ⁰⁰⁰¹
1020 5180 1087 5238 ³1³⁰·
1137 5201 1189 5242 nos
1201 5187 1318 5246 adduxit
1336 5207 1343 5242 ι
1361 5194 1409 5264 qui
1435 5195 1561 5252 eumdem
1583 5201 1751 5256 crucifixum
1768 5215 1797 5256 ea
1817 5201 1884 5254 ree

296 5255 367 5310 stolo
382 5254 490 5312 hndrea
513 5259 675 5324 salutantes,
695 5277 704 5310 a
723 5259 805 5316 Salve
819 5273 888 5315 arur
911 5275 972 5330 quar
986 5261 1086 5314 incor-
1138 5279 1459 5342 qpmnqqmgnsecmqp·
1481 5286 1520 5344 pe
1546 5291 1629 5346 ,pugo
1657 5309 1731 5350 ,m
1754 5293 1832 5350 ,mg
1849 5288 1883 5342 [a.

294 5359 362 5417 pore
372 5345 474 5403 Christi
490 5347 614 5404 dedicata
638 5365 678 5417 es,
693 5357 720 5406 et
731 5367 764 5408 err
786 5352 917 5408 membris
940 5352 1001 5422 ejus
1023 5359 1086 5406 tan·
1136 5371 1214 5436 mini,
1231 5375 1279 5444 quq
1296 5390 1405 5434 omnem
1419 5386 1449 5433 eg
1471 5382 1659 5440 unqvemlem
1674 5387 1778 5442 effigi,
1793 5383 1885 5452 nampr-

295 5455 379 5510 quam
391 5441 547 5546 margaritis
561 5451 668 5500 ornata.
689 5465 699 5498 r
717 5443 818 5502 Verum
833 5447 897 5516 quia
912 5445 984 5503 sicut
997 5447 1086 5500 volui·
1135 5468 1202 5526 gam,
1217 5463 1252 5520 gg
1277 5469 1382 5538 capell,
1411 5485 1461 5525 sua
1487 5475 1643 5542 portionem
1655 5477 1683 5531 q„
1705 5492 1739 5533 ρο
1750 5474 1869 5548 assignant

296 5547 358 5586 mus
371 5547 426 5588 non
444 5541 594 5605 potuimus,
613 5553 695 5608 quam
725 5541 823 5596 melius
836 5541 976 5611 potuimus
993 5541 1084 5596 volui·
1135 5553 1244 5622 publice
1272 5571 1366 5612 coram
1387 5560 1529 5627 omnibus,
1553 5565 1716 5638 quicunqne
1741 5567 1799 5622 inde
1813 5561 1885 5634 aliqul

297 5631 398 5685 mus‚et
421 5625 550 5696 perficere
564 5627 619 5684 beo
641 5630 760 5687 donante
782 5633 994 5690 elaboravimus.
1014 5633 1085 5691 ltine
1134 5653 1273 5715 raperent,
1292 5650 1449 5724 quicunque
1468 5669 1537 5711 ausu
1558 5659 1711 5714 temerario
1737 5660 1827 5715 ineam
1846 5667 1884 5708 m

297 5715 426 5784 estquod
464 5719 644 5788 pretiosarum
661 5727 882 5796 margaritarum,
898 5743 1084 5800 geminarum·
1135 5751 1200 5793 num
1213 5739 1356 5809 inferrent,
1368 5759 1499 5805 mucrone
1515 5749 1586 5807 beari
1600 5749 1690 5818 Petri,
1705 5761 1734 5809 et
1754 5751 1832 5825 gladia
1843 5747 1885 5816 ἦ)

545 4411 584 4470 De
602 4415 728 4486 crucifixo
742 4431 831 4470 caereo.
