3967 6334
126 302 185 361 tet
560 306 830 365 senrnttttnust
849 308 939 372 Lililil
956 308 1060 367 octo.
1080 341 1114 351 -
1131 306 1326 368 PROLOGUS.
1719 318 1775 385 οὓς

125 419 163 477 Et
179 420 215 475 de
225 420 389 478 remissione
399 419 448 477 tici
468 421 540 492 apud
554 422 725 481 sacerdotem
744 440 774 481 se
794 440 927 483 accusare
939 430 964 489 Α
977 423 1055 479 ribus
1067 422 1199 497 judiciis,
1214 432 1242 481 et
1256 422 1485 497 quaeserunt
1503 431 1596 481 tamen
1614 424 1774 499 huiusmodi

125 513 303 583 proponenti.
312 512 401 584 Eiqui
412 514 504 581 modo,
513 516 596 586 quiin
610 516 833 574 iuturoadelieti
842 534 923 591 poena
973 515 1052 571 multi
1070 531 1126 573 non
1145 516 1238 573 statim
1258 515 1422 573 admovendi
1443 525 1508 577 suut
1525 517 1628 587 choro;
1649 528 1676 577 et
1699 524 1774 593 qued

124 602 282 660 solvantur.
297 602 331 657 Et
340 620 401 675 qaae
414 604 515 660 delicta
528 614 591 677 post
604 618 720 665 mortem
734 610 842 666 reniam
856 625 923 667 conv
973 622 1055 662 nemo
1069 622 1118 678 per
1132 622 1163 663 se
1176 606 1212 662 ad
1227 606 1275 663 llei
1296 606 1399 679 gradus
1417 607 1548 663 accedere
1573 618 1731 679 praesumat,
1747 620 1775 671 et

124 702 292 764 sequuntur.
309 695 343 749 Et
359 696 393 751 dc
407 696 513 752 triiaria
528 701 741 772 participatione
759 718 775 756 a
790 703 921 773 peccatis.
972 699 1046 771 quod
1072 700 1123 755 sub
1144 706 1221 755 certo
1246 699 1328 755 titulo
1349 698 1446 760 debeat
1461 698 1579 771 quisque
1594 699 1728 767 ordinari,
1746 710 1775 758 et

161 782 227 838 Car.
241 782 273 837 ll.
288 782 482 842 Diurissioncm
504 789 586 842 ctiam
599 791 700 845 trinam
721 792 821 846 mereri
834 792 922 848 disci·
972 790 1109 861 quomodo
1125 788 1226 845 ibidem
1242 789 1408 845 urinistrare.

121 874 230 945 plicant
241 892 304 932 cum
319 880 445 934 oratione
457 886 484 934 ιι
497 880 681 955 eleemosyna,
703 885 876 955 supponitur,
887 884 922 941 Ει
1009 879 1073 935 Car.
1081 878 1126 935 nt.
1137 879 1213 935 uiua
1222 880 1383 935 subdiaconi
1393 879 1509 951 gradum
1519 881 1630 953 nuptias
1637 880 1772 940 celebrari

122 968 274 1039 quomodo,
286 970 396 1041 siquod
408 972 443 1025 ad
458 972 575 1028 salutem
585 974 743 1045 proficiunt.
971 970 1085 1036 dicitur,
1097 980 1125 1025 et
1135 986 1185 1025 cur
1195 978 1290 1041 postea
1301 972 1470 1043 prohibetur,
1484 978 1511 1027 ct
1521 988 1572 1026 cur
1582 972 1634 1029 boc
1645 973 1672 1029 in
1683 974 1771 1031 veteri

159 1059 226 1115 Car.
244 1060 286 1115 lll.
306 1058 455 1132 Disciplina
471 1065 553 1119 etiam
573 1081 644 1137 opus
662 1082 724 1123 esse
738 1076 919 1126 monstratur.
972 1063 1031 1133 lege
1045 1079 1101 1119 non
1115 1064 1333 1121 observabatur:
1348 1071 1375 1118 ct
1390 1064 1462 1135 quod
1478 1064 1658 1136 quandoque,
1676 1072 1771 1123 tamen

120 1148 159 1205 tit
171 1153 246 1223 quud
260 1163 301 1210 est
319 1154 464 1227 disciplina
476 1158 596 1213 exterior
614 1167 641 1215 et
662 1159 791 1225 tutarier,
806 1168 834 1217 et
848 1162 921 1219 uude
971 1162 1051 1221 turre,
1074 1156 1266 1221 continebant,
1283 1164 1311 1211 et
1329 1156 1431 1229 quare?
1452 1162 1479 1211 et
1491 1156 1564 1229 quod
1585 1157 1661 1212 uultu
1688 1157 1771 1217 modu

120 1241 232 1299 bomini
253 1246 404 1316 proueniat.
426 1245 460 1301 Et
477 1246 550 1318 quod
564 1255 642 1304 tanto
666 1251 721 1320 agit
740 1250 918 1321 praeclarius,
971 1246 1128 1303 sacerdotes
1143 1247 1237 1319 gratiae
1251 1254 1357 1303 veteres
1373 1246 1473 1303 debent
1489 1232 1602 1305 imitari.

118 1342 230 1404 quanto
243 1350 292 1390 eas
306 1335 359 1391 [ιιι
375 1338 495 1406 gratius.
510 1336 543 1391 Et
556 1338 623 1408 quid
641 1339 677 1393 sit
691 1340 836 1411 disciplina
850 1342 920 1396 intc-
1006 1338 1070 1394 Car.
1085 1336 1325 1411 alteriacum
1342 1340 1370 1395 in
1383 1356 1434 1395 suo
1457 1340 1544 1413 gradu
1560 1340 1630 1399 bene
1655 1357 1770 1398 eonver-

117 1427 192 1481 rior.
211 1426 245 1480 Et
258 1427 368 1498 qnando
387 1428 561 1503 disciplinam
581 1432 702 1487 exterius
725 1431 868 1489 habemus.
887 1432 919 1488 Et
970 1432 1026 1485 sari
1041 1431 1153 1502 quaein
1169 1430 1235 1501 qrdd
1259 1432 1294 1487 sit
1318 1430 1464 1503 agendum,
1489 1432 1631 1502 subditur;
1654 1442 1681 1490 et
1702 1434 1768 1507 quid

117 1520 199 1589 quod
225 1522 391 1577 conueniens
418 1530 461 1578 est
484 1524 633 1579 contrariis
659 1524 754 1589 uitiis,
779 1528 918 1581 contraria
970 1529 1108 1576 nictentur
1129 1522 1176 1592 <lui
1198 1522 1313 1593 gradum
1339 1540 1419 1577 stium
1442 1533 1567 1594 intimi,
1586 1532 1613 1579 ei
1635 1526 1659 1580 ei
1674 1526 1720 1597 itui
1740 1526 1768 1582 111

117 1613 225 1683 apponi
239 1614 359 1670 remedia
374 1616 517 1670 virtutum.
529 1614 562 1669 Et
575 1616 609 1671 de
623 1616 811 1674 satisfactione
829 1618 919 1690 virga·
969 1610 1092 1669 Ecclesia
1109 1614 1265 1679 ordinatur,
1283 1616 1323 1669 rel
1339 1616 1501 1669 licrrelicium
1514 1617 1623 1687 accipit,
1637 1616 1680 1673 rel
1695 1614 1723 1672 in
1735 1603 1767 1673 ea

116 1718 196 1767 rum,
205 1711 233 1760 ει
244 1704 353 1776 jejunii,
368 1714 396 1761 ει
414 1706 448 1763 de
461 1706 543 1763 modo
555 1707 710 1777 jejunandi.
969 1706 1128 1776 praeiieitur,
1137 1706 1202 1777 quid
1212 1707 1416 1771 sitcauendum‚
1425 1708 1526 1781 etquid
1535 1708 1767 1765 considerandum

155 1798 224 1852 Car.
239 1796 283 1853 lll.
299 1797 394 1865 Qualis
409 1799 492 1855 etiarn
507 1803 596 1853 oratio
612 1799 722 1871 prodire
734 1798 832 1857 debeat
847 1802 918 1857 dici·
933 1785 955 1845 Β
970 1800 1108 1869 acceptori
1119 1808 1145 1854 ct
1157 1798 1257 1863 datori,
1269 1798 1372 1870 etquid
1387 1800 1487 1869 praesul
1498 1798 1596 1855 debeat
1607 1800 1727 1871 emicare
1739 1800 1768 1857 in

114 1897 176 1953 tur,
185 1895 214 1943 ct
228 1888 295 1960 quid
308 1890 354 1954 sit,
367 1890 391 1945 si
404 1890 515 1946 interim
524 1906 604 1947 mens
620 1900 747 1963 vagatur,
757 1900 784 1949 et
794 1892 868 1963 quod
883 1908 918 1949 ιιι
969 1888 1168 1945 distribuendis
1182 1890 1310 1947 Ecclesia
1321 1888 1427 1961 officijs,
1442 1890 1546 1962 etquid
1561 1892 1607 1963 qui
1619 1907 1761 1965 promore-

114 1988 238 2052 vagetur
247 1990 367 2050 certans,
376 1984 437 2056 ipso
452 1984 603 2042 certamine
612 1986 709 2043 beatm
722 1996 780 2056 est;
791 1998 819 2044 et
827 1990 917 2060 qualis
968 1989 1028 2048 tur,
1047 1990 1074 2038 et
1089 2000 1144 2055 qua
1157 1984 1310 2039 intentione
1324 1983 1441 2039 clericus
1457 1983 1551 2038 mundi
1568 1986 1676 2057 negotia
1692 1990 1764 2057 agal.

113 2073 295 2134 demutasse
313 2078 361 2149 qui
378 2078 462 2151 peut,
477 2088 504 2134 et
522 2078 596 2150 qued
609 2081 696 2152 pern
715 2087 743 2137 et
756 2097 806 2137 eur
825 2082 916 2139 verbis
1003 2073 1069 2130 Cn·
1086 2073 1157 2131 nni.
1180 2072 1271 2142 Quare
1287 2074 1382 2131 simun
1404 2074 1499 2147 uagus
1519 2074 1601 2131 Petra
1619 2076 1765 2149 pecuniam

113 2168 236 2224 utimur.
967 2166 1067 2223 obtulit
1082 2167 1223 2234 sulrditur,
1240 2177 1267 2223 et
1281 2168 1355 2239 quod
1372 2168 1505 2239 spiritalis
1520 2178 1640 2239 potestas
1654 2184 1709 2225 uon
1729 2168 1766 2225 sit

153 2260 222 2317 Cae.
242 2261 274 2318 ll.
288 2262 357 2318 Cum
370 2266 454 2319 etiam
468 2264 671 2338 eleemosynam
682 2266 791 2332 damus,
802 2267 914 2336 diesem,
966 2258 1082 2314 emenda
1097 2260 1138 2315 uel
1155 2258 1313 2326 vendenda,
1329 2276 1418 2331 neque
1438 2261 1578 2332 possessio
1589 2278 1649 2332 quae
1670 2260 1765 2317 haberi
1839 2284 1844 2293 ·

111 2352 185 2422 qrrid
198 2352 281 2409 nobis
301 2354 494 2425 providemus,
511 2363 539 2412 et
552 2356 626 2429 quud
641 2358 669 2413 id
683 2358 757 2415 unde
770 2373 840 2431 epus
860 2377 916 2417 „011
966 2365 1022 2405 non
1032 2357 1121 2421 potest
1133 2351 1192 2407 sine
1205 2350 1360 2407 urinisterio
1374 2352 1502 2423 spiritali,
1514 2361 1541 2409 et
1554 2352 1616 2425 puid
1629 2352 1764 2425 agendum

110 2451 172 2507 est,
188 2452 237 2498 aut
251 2451 359 2501 tantum
373 2455 403 2500 ιιι
417 2446 529 2501 modurn
543 2449 658 2505 excedat
673 2450 731 2505 dari
747 2467 804 2506 non
822 2452 913 2518 debet,
966 2442 1094 2497 minisiffl
1106 2444 1134 2498 in
1149 2443 1220 2499 ovile
1231 2443 1335 2499 Christi
1350 2446 1421 2500 maie
1435 2445 1571 2517 ingresso·

110 2540 145 2587 et
158 2532 234 2603 quod
255 2536 537 2607 urragisinsistcndum
553 2547 595 2601 est
611 2540 703 2597 valere
722 2542 819 2597 animae
832 2558 915 2614 quam
1001 2533 1066 2591 car.
1091 2534 1161 2591 xil.
1187 2534 1315 2603 Quamdiu
1338 2537 1420 2591 etiam
1450 2543 1653 2593 sacramentum
1679 2524 1763 2591 semei

111 2626 240 2695 corpori.
256 2624 289 2680 Et
299 2629 436 2698 quomodo
447 2630 595 2687 debeamus
605 2633 731 2703 proximo
741 2633 843 2690 uirenti
854 2651 916 2707 pru·
965 2625 1126 2698 impositum
1149 2636 1323 2700 permaneat,
1341 2630 1456 2699 dicitur;
1480 2629 1555 2685 etde
1572 2628 1764 2687 ordinatorum

109 2714 217 2782 desse,
239 2725 267 2773 et
283 2734 334 2789 pro
352 2720 453 2790 quibus
467 2720 606 2778 defunctis
620 2738 751 2790 exorare,
774 2732 802 2779 et
812 2741 863 2780 em
885 2726 914 2782 in
964 2720 1156 2791 suspensione,
1166 2730 1193 2776 et
1203 2720 1411 2793 degradatione,
1423 2732 1450 2779 et
1461 2724 1494 2779 dc
1505 2706 1604 2795 liisqui
1615 2723 1763 2779 interdicto

110 2808 233 2879 agendis
256 2819 426 2865 mortuorum
451 2827 501 2883 pro
522 2814 644 2883 parvulis
668 2822 695 2870 et
716 2816 914 2886 poenitentibus
964 2810 1192 2867 uissttidldffidid·

109 2914 265 2957 exoramus
283 2921 290 2958 :
316 2903 424 2973 etquid
446 2904 582 2974 agendum
607 2905 650 2962 bis
664 2906 711 2978 qui
734 2908 914 2979 corporaliter
999 2900 1064 2957 Car.
1081 2900 1139 2957 liv.
1157 2900 1263 2957 bonum
1279 2919 1345 2961 vero
1361 2904 1506 2959 introitum
1519 2904 1633 2961 babenti
1644 2904 1711 2977 quid
1726 2902 1765 2965 sit

109 2992 253 3063 proximis
263 2994 408 3050 subvenire
421 2997 518 3052 solum
532 3003 559 3053 et
572 2998 710 3069 quemodo
725 3009 752 3055 m
763 3000 836 3057 unde
848 3001 915 3057 suh.
964 2994 1217 3065 agendumdieitur
1228 3003 1270 3063 ;et
1280 2997 1417 3066 utromodo
1425 3012 1454 3053 se
1465 2998 1563 3053 debeat
1571 2997 1671 3054 babere
1679 2998 1763 3055 euriae

107 3084 294 3140 ueniendum.
313 3080 327 3108 ⁹
962 3087 1131 3155 capellanus,
1147 3086 1286 3157 quomodo
1299 3086 1428 3144 sacerdos
1443 3088 1638 3157 parochianus.

150 3176 219 3233 Car.
236 3176 280 3233 i’l.
295 3177 352 3233 Cur
365 3180 448 3235 etiarn
462 3180 596 3237 decimam
608 3181 758 3248 oderimus
775 3190 803 3239 ei
813 3200 912 3239 nouem
997 3178 1061 3233 Gar.
1078 3176 1147 3233 xvi.
1164 3177 1256 3245 Quare
1271 3189 1362 3235 autem
1379 3180 1509 3236 sacerdos
1524 3180 1650 3236 doctrina
1664 3188 1691 3235 et
1704 3180 1762 3235 rita

105 3267 197 3322 nonis
212 3268 373 3335 retinemus,
386 3271 562 3340 standumst
576 3272 720 3344 dequibus
733 3276 913 3345 persolvenda
962 3270 1064 3340 tollere
1077 3270 1191 3335 debeat,
1204 3270 1348 3339 subditur,
1363 3278 1391 3326 et
1407 3270 1472 3343 quid
1486 3272 1528 3327 rei
1543 3287 1597 3342 quo
1612 3269 1763 3327 interdica-

106 3359 152 3413 sit
166 3359 286 3424 decima,
305 3368 333 3416 et
346 3363 448 3434 quibus
461 3371 488 3418 et
502 3379 552 3418 cur
566 3364 630 3420 illis.
641 3362 675 3418 Et
690 3366 735 3420 cui
749 3382 844 3421 eorum
855 3368 911 3421 rita
963 3370 1023 3431 tur;
1038 3372 1064 3419 et
1077 3362 1168 3435 qualis
1180 3362 1278 3419 doctor
1288 3364 1387 3419 debeat
1401 3378 1463 3420 esse
1470 3363 1567 3434 iudex,
1578 3364 1622 3421 rel
1632 3364 1677 3421 hic
1688 3362 1760 3421 desi-

105 3450 253 3523 iinquitur
266 3452 438 3510 discutienda
451 3474 458 3512 :
473 3463 500 3511 et
514 3456 588 3528 quod
600 3458 701 3521 clerus,
713 3459 912 3531 qualiscunque
962 3470 1038 3511 nere.
1683 3458 1686 3467 “

106 3545 163 3609 sit,
180 3560 290 3617 semper
299 3554 342 3602 est
356 3546 541 3613 venerandus,
552 3564 604 3604 nee
618 3564 634 3602 a
647 3564 677 3605 re
688 3549 780 3604 debita
791 3551 912 3621 spoliari·
996 3545 1062 3601 Cur.
1075 3544 1156 3602 xlii.
1178 3545 1209 3603 ln
1228 3547 1329 3619 quibus
1342 3548 1424 3603 ctiam
1451 3546 1610 3603 continetur
1631 3544 1762 3603 doctriua

105 3635 178 3700 dus,
189 3637 636 3708 etqualiterdecimandum,ctcui
648 3644 682 3697 sit
690 3643 909 3711 persolvendum,
961 3638 1125 3703 sacerdotis,
1140 3640 1286 3710 adjicitur;
1300 3648 1328 3695 et
1340 3641 1421 3711 quale
1436 3638 1533 3695 debeat
1547 3654 1610 3696 esso
1624 3640 1685 3710 ejus
1697 3646 1760 3695 stu·

105 3737 139 3785 ει
155 3729 226 3800 quiri
237 3731 271 3784 ad
286 3732 382 3799 lateus,
396 3732 463 3803 quid
479 3748 545 3788 vere
559 3732 594 3787 sd
608 3732 753 3804 episcopos
763 3735 909 3805 pertineas,
961 3725 1047 3793 dium,
1058 3732 1084 3781 et
1098 3724 1131 3781 de
1142 3728 1264 3796 parvulis
1278 3725 1462 3798 baptizandis,
1471 3742 1535 3783 euin
1547 3726 1582 3782 de
1593 3740 1690 3782 eorum
1701 3726 1758 3781 vita

106 3822 312 3880 ordinandum.
961 3820 1134 3889 desperatur,
1146 3819 1264 3888 qualiter
1276 3818 1317 3875 eis
1330 3819 1428 3875 debeat
1442 3818 1578 3883 succurri,
1591 3825 1619 3873 ot
1632 3832 1757 3873 curcum

148 3914 218 3970 Car.
231 3912 286 3969 vit.
302 3914 359 3971 Cur
373 3916 456 3972 etiam
470 3923 621 3988 potestates
637 3918 722 3975 abes
735 3920 791 3977 sim
806 3920 911 3977 messi.
961 3910 1114 3980 antiquitus
1129 3909 1225 3973 adulti,
1241 3911 1323 3965 modo
1338 3926 1434 3967 ournes
1448 3910 1555 3981 paruuli
1570 3910 1757 3982 baptizantur,

104 4012 183 4062 tntae
195 4002 308 4069 dicitur,
318 4018 346 4060 et
356 4007 429 4077 quud
445 4020 493 4062 eus
507 4007 630 4077 imponas
644 4008 724 4065 mmm
734 4010 908 4081 tranquillus,
961 4012 988 4057 et
998 4002 1071 4072 qarod
1082 4010 1144 4073 post
1153 4002 1319 4074 baptismum
1328 4002 1518 4059 oblatiodebet
1529 4002 1656 4073 fieri,nec
1665 4014 1757 4060 tamen

104 4104 139 4152 et
151 4098 259 4167 quare?
271 4105 299 4153 et
310 4098 383 4169 quod
395 4098 578 4154 obediendum
591 4110 634 4156 est
643 4102 783 4171 potestati,
795 4110 823 4157 et
836 4102 908 4173 quod
960 4094 1130 4165 extorqueri.

104 4204 170 4243 una
196 4196 319 4260 potestas
340 4189 464 4259 providet
491 4190 620 4261 corpori,
651 4193 735 4245 altera
755 4194 862 4247 menti?
882 4200 910 4249 et
997 4186 1062 4243 Car.
1075 4186 1165 4242 lilllll.
1180 4184 1211 4241 lu
1222 4185 1348 4242 doctrina
1362 4200 1427 4242 vero
1442 4200 1548 4241 morum
1560 4186 1626 4257 quiid
1641 4194 1755 4243 antece·

104 4282 256 4351 querciet
270 4296 320 4335 cur
330 4282 421 4352 gladio
435 4280 508 4338 Petri
524 4283 632 4354 gladius
647 4284 719 4354 regis
734 4285 770 4339 sit
781 4284 910 4341 additus?
960 4279 1017 4344 dat.
1033 4288 1060 4335 θῑ
1071 4279 1137 4350 ‘idid
1152 4286 1284 4351 Sssqddltii
1299 4286 1394 4350 dosidi
1408 4284 1588 4343 ¹1¹0¹¹Sii³ii¹ir
1600 4287 1627 4333 ct
1641 4277 1674 4334 (10
1688 4278 1755 4333 1¹⁰0·

103 4380 139 4428 et
153 4370 222 4443 quid
239 4387 288 4427 rex
310 4370 405 4427 debeat
424 4372 570 4429 Ecclesia?
589 4381 617 4429 ct
630 4381 763 4445 quantum
787 4382 909 4445 potestus
960 4370 1076 4434 trina,et
1084 4370 1200 4442 llagello,
1209 4378 1235 4426 et
1243 4370 1353 4442 quando
1361 4370 1477 4441 opussit
1485 4370 1543 4425 sola
1551 4370 1754 4438 exhortatione,

103 4465 236 4536 episcopi
245 4465 282 4520 sit
292 4464 460 4535 praeierenda
470 4468 563 4538 regis?
575 4474 692 4538 etquarn
705 4469 742 4523 sit
751 4469 907 4524 necessaria
923 4485 945 4540 1)
959 4468 986 4517 ei
997 4463 1069 4533 quod
1083 4464 1155 4518 ratio
1170 4463 1341 4535 disciplinam
1357 4464 1523 4518 moderetur.

103 4556 224 4626 regitis3
240 4554 294 4627 23
307 4562 335 4611 et
349 4556 383 4611 de
403 4557 550 4613 eminentia
574 4558 718 4630 utriusque
739 4559 909 4615 adinvicem?
993 4552 1059 4609 eae.
1074 4553 1145 4639 lilii.
1162 4554 1230 4611 Tres
1241 4570 1302 4611 esse
1313 4564 1404 4626 partes
1419 4552 1558 4622 Ecclesiae,
1568 4564 1596 4611 et
1610 4556 1750 4627 prelatus.

147 4648 215 4702 Car.
230 4645 298 4702 litt.
316 4647 459 4714 Quomodo
471 4651 554 4705 etiam
570 4666 618 4707 ret
634 4651 751 4707 terrenis
765 4651 909 4722 potestati·
958 4647 1141 4714 continentes,
1154 4647 1325 4717 conjugatos,
1338 4661 1387 4717 per
1408 4644 1475 4710 Noe,
1490 4644 1595 4712 Daniel,
1607 4644 1659 4702 lob
1670 4648 1754 4721 signi·

101 4742 165 4798 bus
175 4757 274 4796 curam
288 4741 446 4812 impendere
460 4742 549 4808 debet,
565 4743 682 4813 dicitur;
695 4751 722 4799 ει
732 4745 828 4816 quales
843 4750 908 4799 sunt
958 4738 1069 4806 beatos,
1094 4740 1123 4795 in
1144 4756 1221 4811 agro,
1245 4742 1329 4807 lecto,
1351 4740 1508 4796 molendino
1532 4741 1700 4810 ostenditur;
1725 4750 1754 4798 ct

101 4835 161 4907 qui
175 4833 322 4889 ambitiose
336 4830 500 4899 concedunt,
515 4842 541 4889 et
563 4834 672 4904 quando
687 4835 779 4907 operis
801 4849 908 4891 merces
957 4832 1095 4903 quomodo
1110 4832 1127 4886 ii
1141 4840 1196 4888 tres
1211 4832 1322 4889 ordines
1333 4834 1442 4905 peritos
1459 4840 1515 4889 tres
1526 4833 1611 4898 uiros,
1627 4835 1692 4890 etin
1708 4836 1756 4895 bis

101 4929 230 4992 erescit,
254 4935 282 4982 ct
302 4926 413 4997 qttaudo
435 4942 505 4997 opus
525 4926 559 4982 ad
582 4926 727 4983 bominum
753 4928 907 4984 mercedem
957 4925 1036 4991 locis,
1063 4925 1260 4998 significeniun
1283 4926 1365 4983 etde
1388 4924 1476 4983 officio
1497 4928 1624 4984 castitate
1653 4929 1753 4998 praela·

101 5020 223 5084 babeat,
233 5026 261 5075 et
276 5020 373 5090 quales
386 5019 529 5075 ministros
543 5035 590 5075 rex
599 5020 692 5077 debeat
709 5021 863 5093 providere,
878 5029 908 5077 et
956 5023 1059 5072 iorum·

99 5112 251 5185 quomodo
262 5128 310 5168 eas
324 5112 423 5168 debeat
433 5112 580 5168 instrucre.
991 5107 1047 5181 24
1056 5106 1187 5164 Gummi.
1203 5106 1275 5174 Quid
1288 5108 1370 5162 etiam
1384 5104 1500 5175 Danieli,
1509 5106 1536 5162 id
1548 5115 1591 5165 est
1604 5108 1751 5163 continen-

144 5204 212 5262 Car.
226 5204 272 5261 tit.
285 5204 474 5261 llilitesetiam
483 5218 569 5276 quare
579 5205 634 5261 sint
645 5205 696 5261 sub
711 5220 775 5276 repe
788 5204 903 5261 dicitur:
955 5202 1031 5259 tibus
1044 5203 1080 5259 sit
1094 5202 1238 5274 agendum,
1253 5202 1390 5268 subditur,
1406 5211 1433 5258 et
1444 5203 1517 5273 qarod
1531 5203 1583 5273 ipsi
1597 5217 1648 5257 nec
1663 5200 1751 5256 iorni-

98 5295 797 5368 etqumeabbomiuibustriburasotruutur,etquid
804 5294 905 5351 subditi
955 5303 1077 5361 catores,
1093 5311 1144 5352 nec
1163 5294 1295 5366 conjuges
1309 5311 1371 5351 esse
1385 5300 1515 5365 possunt,
1541 5302 1568 5351 et
1584 5294 1657 5366 quod
1681 5290 1749 5349 illud

101 5388 234 5445 dominis
244 5389 372 5453 debeant,
386 5398 414 5446 et
426 5405 442 5445 e
455 5405 603 5457 converso;
615 5396 642 5445 et
653 5389 790 5461 quomodo
801 5389 904 5446 subditi
955 5390 1124 5447 consilium:
1147 5386 1178 5444 Si
1198 5388 1236 5443 oia
1259 5404 1316 5443 erae
1334 5388 1475 5458 perfectos.
1494 5395 1548 5443 etc.
1562 5402 1618 5443 non
1635 5386 1752 5458 respicit

100 5480 233 5537 dominis
248 5480 365 5537 debeant
375 5496 437 5537 esse
449 5480 553 5544 iideles,
570 5489 597 5537 et
611 5497 627 5537 e
641 5496 783 5538 converso.
954 5482 1130 5554 conjugatem
1144 5489 1171 5537 et
1181 5480 1318 5553 quomodo
1331 5479 1495 5553 conjugatus
1505 5496 1569 5553 erga
1582 5480 1749 5536 lamiliamet

142 5572 212 5631 Cur.
231 5572 266 5629 it.
284 5572 445 5630 idolerum
467 5574 585 5630 transire
602 5574 768 5645 cupientem,
787 5575 905 5631 liberum
953 5574 1040 5631 neum
1051 5574 1189 5631 sedebcat
1204 5574 1315 5629 babere.

99 5679 173 5723 esse
186 5670 317 5735 oportere
337 5671 520 5729 monstratur,
535 5672 562 5721 et
577 5666 742 5732 litteratum,
754 5673 781 5722 et
792 5666 865 5737 qaod
878 5668 903 5723 ei
989 5665 1055 5724 Cir.
1066 5660 1138 5723 iiiii.
1152 5664 1209 5722 Sub
1224 5665 1343 5739 praelatis
1353 5672 1445 5722 autem
1457 5664 1630 5721 continentes
1643 5670 1671 5719 et
1681 5652 1748 5735 cotr-¹

99 5753 348 5827 supersedendum
365 5763 408 5814 est
426 5756 523 5813 militia
544 5756 727 5829 negotiatione
743 5764 771 5815 ct
787 5759 901 5814 aaecula·
952 5761 1063 5835 jurgatus
1076 5776 1137 5819 esse
1149 5768 1245 5833 postea
1258 5760 1437 5833 reperitur,et
1446 5758 1515 5833 quid
1525 5756 1560 5817 ab
1573 5758 1614 5817 eit
1627 5756 1747 5816 tonita-
