3967 6334
89 325 163 383 {saa
819 319 1011 381 uersantes.
1663 338 1736 392 tabo

88 447 208 514 scopata
233 438 285 495 tiit
310 452 362 504 est,
392 440 420 496 in
444 437 673 510 militellum
694 435 774 490 ducis
794 433 881 504 Auul-
897 437 1126 494 nadvocausui
1140 437 1335 495 universaliter
1356 448 1553 506 conuenerant,
1569 446 1673 501 saniori
1688 453 1733 507 asi

89 543 218 588 tanarum
239 532 356 596 sedens,
378 539 405 588 et
427 531 539 586 luridata
558 545 630 593 esse,
652 537 680 585 et
694 527 813 583 subnixa
829 524 886 581 lere
937 528 1066 592 consilio,
1087 529 1123 584 de
1144 528 1339 585 substituenda
1361 537 1471 600 pastore
1494 539 1733 602 tractaverunt,et

89 626 157 682 solis
186 624 378 694 largitionibus
404 623 506 678 drreum
530 621 730 693 dryuitanorum
756 625 887 673 constan·
938 618 1050 676 iratreru
1070 619 1222 676 liebertum
1246 628 1419 690 presentem,
1445 622 1672 682 honestissimum
1691 632 1733 685 vi-

89 717 198 773 tissime
218 716 400 786 dignoscitur.
424 713 486 770 llaec
508 721 615 778 autem,
639 713 802 782 disponente
818 707 884 772 Deo,
938 725 1010 775 rum,
1031 711 1111 782 cujus
1128 711 1185 766 vita
1207 712 1279 767 inter
1300 726 1352 768 nas
1375 714 1549 784 praedicatur,
1573 725 1600 773 et
1615 719 1733 778 babetur

89 808 119 862 in
144 807 225 876 crrJ'rrs
246 820 328 860 aranu
354 820 429 860 mors
448 813 475 860 et
495 805 551 860 vita
576 804 716 859 hominnm
741 807 816 865 sunt,
834 816 888 854 nn·
937 802 1063 866 banesta,
1084 802 1217 858 concordi
1237 802 1372 858 electione
1389 805 1449 861 sine
1471 809 1526 862 ulla
1542 814 1733 869 controversia

87 911 140 968 per
168 896 301 950 damnosa
330 894 481 949 inlartunia
512 901 540 949 ct
574 891 745 964 lacrymabili
775 905 842 946 casu
871 904 886 943 a
937 893 1087 964 clegerunt.
1106 891 1439 964 Nuncigitur,quoniam
1455 913 1502 952 rex
1518 897 1731 958 famosissimam

90 987 194 1042 domna
219 985 301 1040 Petra
326 985 424 1040 abbate
445 999 513 1049 stro,
537 998 638 1054 magna
655 987 683 1038 et
696 979 845 1036 venerabili
860 984 887 1033 et
937 984 1186 1056 peregrinationem
1195 984 1342 1054 arripiens,
1352 984 1380 1040 in
1389 1001 1471 1040 manu
1483 997 1574 1044 vestra
1584 995 1732 1050 ecelesias.

90 1079 225 1150 Dlaetliffl
246 1077 316 1141 lim,
335 1077 444 1130 viduali
457 1075 495 1149 (3)
511 1081 538 1130 tl
553 1074 675 1130 desolata
689 1080 742 1129 esi·
754 1071 826 1126 Sane
841 1086 888 1126 ve-
937 1075 991 1130 tica
1006 1075 1115 1148 negotia
1129 1075 1285 1146 dereliquit,
1300 1076 1373 1132 siant
1388 1077 1446 1148 regi
1463 1079 1485 1133 si
1497 1078 1618 1144 adesset,
1636 1084 1672 1137 ita
1687 1102 1739 1148 ve,

89 1169 223 1227 nerabilis
245 1176 274 1224 et
298 1168 443 1238 religiosus
461 1166 584 1237 ejrrsdcm
604 1165 658 1220 laci
682 1170 833 1220 conventus
854 1161 889 1217 ad
937 1167 981 1223 bis
1003 1182 1065 1223 eum
1090 1174 1313 1238 praesentamus:
1336 1175 1363 1222 et
1383 1174 1413 1222 ut
1431 1185 1493 1224 eum
1511 1170 1627 1242 benigne
1641 1175 1733 1230 scisci.

89 1261 220 1317 solatium
244 1260 312 1314 tanti
333 1259 448 1324 durioris,
464 1270 491 1314 at
516 1259 580 1330 quia
601 1265 724 1329 tempora
744 1257 812 1322 ista,
827 1269 890 1325 uuae
938 1259 1032 1330 piatis,
1049 1265 1076 1314 et
1089 1274 1123 1314 eo
1142 1259 1257 1321 bonore,
1273 1255 1328 1331 qni>
1343 1261 1406 1315 talis
1420 1275 1453 1314 ac
1468 1270 1561 1317 mutus
1574 1264 1618 1318 vir
1631 1264 1733 1337 dignus

89 1353 191 1408 melius
202 1358 378 1423 tempestates
389 1351 637 1422 dicerenturquam
643 1357 777 1421 tempora,
785 1347 888 1403 nastris
938 1358 990 1418 est,
1006 1351 1159 1419 honoretis,
1171 1351 1332 1422 suppliciter
1343 1367 1502 1410 exoramus,

91 1444 119 1498 in
146 1443 262 1508 linibus,
279 1444 366 1499 sacris
381 1445 434 1500 loci
449 1450 475 1498 ct
490 1444 608 1498 maxbne
622 1441 677 1496 illis
692 1456 753 1512 quae
766 1438 889 1510 patronis
1225 1459 1395 1517 EpysmLA
1412 1458 1446 1517 y,

91 1545 199 1598 carent,
216 1535 399 1600 incommoda,
416 1536 471 1590 irno
488 1529 783 1606 pessimaincumbunt
799 1551 806 1586 :
821 1544 889 1585 con·
974 1589 1081 1631 sumn
1100 1589 1135 1629 m
1155 1588 1302 1630 mmm
1321 1589 1530 1632 mmmm
1548 1591 1685 1634 mmm

92 1627 213 1700 gregatis
236 1626 377 1692 iratribus,
399 1627 446 1698 qrri
465 1627 499 1680 ad
522 1623 893 1686 lestumlociillius,etiam
939 1665 1085 1722 mmmm
1107 1665 1341 1734 ΜΜΜΟΜ.
1369 1675 1509 1722 mmmm
1535 1667 1590 1722 Bm
1609 1669 1718 1724 ult-ensis

90 1720 127 1776 de
148 1718 340 1775 remotissimis
353 1719 517 1774 obedientiis
529 1715 888 1780 aarrvenerant,lestirrave·
975 1737 1048 1791 ,ago
1063 1737 1220 1807 jureum
1243 1752 1275 1790 ηρ
1296 1735 1479 1806 pampulum,
1494 1685 1614 1793 parag,
1628 1710 1730 1796 namqu}

89 1819 159 1866 runt
175 1811 275 1882 eligere
292 1811 322 1867 in
343 1810 450 1866 Patrem
466 1819 493 1866 et
504 1817 641 1881 pastorem
655 1825 738 1865 unum
750 1807 784 1863 de
798 1789 924 1862 nisce·B
974 1808 1110 1879 [atigetur.

90 1901 171 1958 ribus
194 1903 353 1958 naonasterii
380 1895 440 1967 siri,
462 1901 611 1957 [labentum
632 1902 721 1956 virum
744 1913 901 1970 magnum,
972 1901 1090 1956 Domino
1115 1907 1145 1957 et
1167 1899 1316 1955 venerabili
1340 1897 1388 1953 Dei
1411 1899 1498 1970 gratia
1522 1898 1731 1970 Andegavorum

88 1993 173 2063 eujus
198 2009 289 2048 mores
313 1993 432 2056 bonesti,
459 1992 513 2045 vita
534 1989 759 2046 corunrendabilis
778 1997 805 2046 et
823 1989 887 2044 reli·
937 1993 1068 2064 episcopo
1083 1991 1224 2058 acarna,
1252 1987 1406 2053 Suasnrus,
1429 1989 1524 2044 eadem
1545 1992 1633 2060 gratia
1658 1991 1732 2048 beati

88 2085 171 2155 giosa
191 2083 355 2156 praedicatur
376 2089 403 2138 et
421 2084 548 2148 babetur,
561 2091 591 2137 nt
605 2081 754 2146 credimus,
767 2088 794 2136 et
813 2095 888 2135 uuna
939 2087 1061 2158 Dionysii
1076 2086 1172 2149 abbas,
1183 2087 1296 2142 devotas
1308 2087 1336 2138 in
1350 2083 1462 2140 Christo
1473 2083 1622 2152 orationes,
1633 2093 1662 2143 et
1674 2087 1732 2144 sin.

87 2178 203 2247 quidem
224 2177 338 2232 verriunt
351 2175 385 2230 ad
402 2175 485 2245 pedes
501 2175 654 2244 majestatis
668 2177 768 2230 vestrae'
782 2174 887 2228 electus
938 2196 1009 2236 cem
1023 2179 1178 2236 denotionis
1191 2177 1365 2248 obsequium.

87 2277 119 2323 et
144 2268 287 2332 electores,
306 2271 337 2320 ιιι
358 2265 462 2320 clectus
478 2271 659 2336 praesentetur
670 2264 764 2334 gratiae
779 2268 885 2327 vestre,
981 2271 1124 2342 susceptis
1150 2269 1371 2342 menstruarum
1396 2267 1549 2324 litterarum
1576 2276 1732 2324 vestrarum

88 2359 166 2416 sient
187 2364 399 2428 praesentaretur
413 2356 470 2427 regi
486 2356 509 2410 si
524 2355 644 2420 adesset,
661 2353 695 2408 ad
709 2369 789 2425 quem
804 2353 889 2408 duca·
938 2363 1104 2420 venerandis
1122 2362 1265 2433 apicibus,
1282 2375 1370 2432 nsque
1381 2360 1461 2425 adea,
1473 2359 1525 2416 etsi
1548 2358 1676 2417 duriores
1686 2375 1733 2416 es·

88 2453 139 2500 tus
154 2445 305 2515 Aqrritaniac
320 2445 470 2498 translatus
480 2449 532 2498 cst.
549 2441 635 2510 Cujus
649 2442 777 2498 manibus
790 2450 818 2497 et
829 2442 889 2496 tbe-
940 2471 1044 2520 gemus,
1063 2471 1116 2512 „09
1129 2452 1236 2510 deflecti
1250 2452 1383 2524 oporam,
1397 2459 1428 2507 „a
1443 2451 1566 2507 deutrum
1584 2451 1671 2523 regni,
1686 2453 1733 2508 cup

88 2552 178 2592 sauro
202 2535 343 2608 sarientiae
363 2535 441 2591 vobis
466 2534 663 2606 marturinam
687 2533 886 2604 garrdemibas,
940 2546 1363 2611 naerraraessrmevuumus
1380 2543 1732 2615 mneoauuonuarera·

89 2645 140 2684 rex
154 2628 307 2684 ludovicus
330 2627 463 2682 famosam
479 2627 725 2698 peregrinationem
741 2627 886 2699 arripiens,
939 2655 1012 2705 mus,
1035 2648 1063 2695 02
1083 2637 1254 2708 beneplacito
1275 2643 1368 2692 vestm
1389 2649 1486 2690 aurem
1510 2632 1734 2691 accommodam.
1820 2658 1822 2661 ψ

89 2722 212 2794 sapienti
232 2737 299 2777 usus
314 2721 442 2786 consilio,
458 2721 605 2775 commisit.
620 2717 774 2784 Undenas,
791 2719 887 2775 confisi
939 2749 1011 2788 mus,
1035 2730 1165 2787 Norenses
1180 2730 1263 2800 igytur
1276 2727 1428 2784 &cresium
1445 2724 1653 2797 {supponemus
1669 2723 1734 2781 utu.

88 2815 127 2870 de
143 2821 241 2869 vestrae
256 2811 429 2868 liberalitatis
442 2811 613 2877 excellentia,
626 2813 813 2884 supplicamus
828 2812 889 2868 dul·
939 2825 995 2880 rins
1015 2821 1175 2891 defatigari,
1187 2835 1239 2875 nee
1253 2820 1335 2890 regiae
1349 2818 1501 2889 majestatis
1514 2817 1675 2888 dignitatem
1689 2817 1736 2875 di.

88 2905 184 2962 ‘edim
206 2913 314 2970 l'eslt'ae,
337 2911 473 2976 ‘illimus
499 2920 547 2961 0⁰⁸
567 2919 629 2959 ⁰¹¹¹ss
652 2906 685 2958 ³¹¹
701 2920 750 2960 VOS
764 2906 890 2961 venethi
939 2915 1046 2979 minui,
1071 2928 1157 2969 unum
1185 2910 1331 2975 iaciendo,
1359 2919 1387 2966 et
1414 2910 1532 2964 alterum
1560 2908 1732 2974 amittendo,

89 2997 244 3052 honorilice
265 2997 437 3068 suscipiatis,
458 3003 486 3051 et
501 2996 649 3052 affectuose
664 2996 692 3050 in
707 2997 765 3052 suis
781 2997 890 3068 petitia·
940 3019 1035 3060 amore
1058 3003 1109 3060 bet
1131 3011 1158 3058 et
1177 3016 1259 3073 prece
1278 3010 1380 3066 vestra,
1401 3015 1482 3071 qinom
1508 2999 1625 3056 nsulsum
1639 3000 1733 3072 dirigi.
1757 3037 1760 3041 .

89 3088 351 3155 llihssselibdistiis,
364 3087 472 3160 eludat!
487 3087 570 3143 eliam
585 3103 641 3142 nan
656 3095 769 3158 rogatas
785 3089 889 3146 iacere-
904 3121 925 3178 C
942 3111 1015 3160 mas,
1032 3101 1060 3150 et
1083 3093 1274 3164 burguliensis
1296 3099 1450 3148 conventus
1473 3090 1732 3161 supplicationibus,

87 3181 141 3248 tis,
158 3181 247 3250 quiin
265 3182 326 3237 loca
340 3181 500 3252 regisestis,
516 3180 645 3251 regarliter
655 3180 790 3244 tractetis,
805 3188 833 3236 et
844 3182 890 3236 laa-
942 3185 1070 3243 electioni
1092 3199 1188 3240 aarum
1205 3197 1360 3244 assensum,
1374 3181 1450 3238 saluo
1465 3181 1542 3250 regni
1553 3180 1626 3248 jure,
1641 3178 1734 3236 ratim

88 3269 218 3325 tissimus
232 3271 266 3325 ad
281 3285 332 3325 nas
345 3277 373 3325 et
388 3269 421 3323 ad
432 3269 543 3340 propria
555 3267 711 3324 remittatis.
723 3267 778 3326 Nos
789 3271 889 3326 etenim
941 3277 1086 3342 dedimus,
1112 3284 1142 3330 nr
1166 3274 1190 3330 si
1208 3273 1276 3345 qnid
1297 3273 1360 3328 inde
1373 3279 1470 3327 conten
1484 3271 1566 3344 regtae
1579 3271 1734 3342 majestenes

89 3376 192 3416 sumus
202 3361 287 3416 vestri
299 3361 419 3432 penitus,
436 3366 463 3414 et
473 3359 604 3414 libentius
615 3359 693 3415 rabis
709 3360 887 3426 serviremus,
941 3368 1099 3442 dignitatem
1130 3366 1223 3420 uulnus
1247 3364 1422 3420 benefactum
1445 3361 1511 3426 init,
1539 3362 1653 3418 domino
1675 3362 1733 3435 regi

89 3453 117 3507 si
143 3452 222 3508 locus
238 3460 265 3507 et
287 3460 394 3523 tempus
410 3451 589 3514 ministraret,
607 3467 690 3523 quam
706 3451 822 3508 aliarum
835 3469 891 3510 ser-
940 3459 1051 3533 quande
1062 3458 1119 3514 Deo
1131 3457 1239 3513 nolente
1250 3455 1374 3519 redierit,
1390 3454 1463 3510 sicut
1478 3452 1561 3509 mado
1575 3454 1599 3510 si
1613 3452 1732 3516 adesset,

87 3542 161 3597 vitia
178 3543 373 3613 reciperemus.
391 3539 525 3598 liemarus
545 3541 618 3596 enim
633 3556 730 3597 sumus
744 3531 771 3597 e't
781 3557 890 3615 semper
941 3552 965 3608 si
989 3553 1015 3609 οἱ
1037 3548 1182 3622 placuerit,
1193 3546 1300 3617 judicio
1314 3545 1399 3601 curie
1410 3559 1468 3600 sure
1481 3544 1676 3616 respondeant,
1690 3544 1734 3599 vel

89 3635 199 3689 erimus
218 3633 412 3690 beneficiorum
429 3640 456 3688 et
473 3632 608 3687 banorum
630 3647 700 3704 uuas
721 3635 890 3706 amplissime
940 3643 1030 3710 nabis,
1051 3642 1098 3714 qui
1119 3642 1179 3697 loca
1199 3640 1261 3710 ejus
1273 3637 1461 3707 providemus,
1478 3637 1503 3692 si
1520 3635 1735 3708 indeagerevo-

89 3726 341 3798 nobisimpendcre
350 3725 542 3782 carrsuevistis.
550 3724 606 3780 Nos
617 3727 756 3797 procebis
767 3727 794 3782 in
805 3731 889 3784 missa
941 3735 1084 3792 metimus,

89 3819 130 3875 ad
155 3835 256 3892 carpus
273 3818 322 3876 Dei
334 3827 362 3876 et
376 3819 485 3875 Doraini
501 3819 588 3876 nostri
603 3833 725 3876 oramus.
742 3819 846 3888 Valete,
860 3829 890 3876 ιιι

89 3915 247 3969 valcamus.

1224 3818 1396 3876 Erasmus
1409 3815 1454 3873 ll.

1118 3930 1245 3971 aaaorrcr
1265 3928 1343 3970 asans
1359 3929 1393 3968 aa
1410 3926 1554 3968 sanemus.

373 4001 546 4058 mmm
565 4001 610 4058 Ν·
941 4032 1081 4105 Significat
1103 4046 1131 4084 aa
1153 4028 1188 4082 ud
1201 4036 1293 4097 portua
1307 4025 1452 4096 ilungarioe
1465 4023 1577 4093 feliciter
1589 4021 1735 4091 peruenisse
1750 4084 1753 4089 .

200 4109 356 4150 CDNVRNTUS
374 4107 566 4148 DDRGUUSNSD
586 4107 620 4146 Λῦ
638 4105 781 4148 suueatau.
985 4110 1122 4172 monetque
1136 4108 1165 4153 ut
1182 4098 1320 4170 pecuniam
1330 4096 1465 4166 perquirat
1474 4102 1499 4148 et
1512 4093 1687 4146 transmittat.

89 4189 264 4246 Ptaetertlartt
284 4189 318 4253 ei,
341 4187 448 4244 adtente
466 4203 535 4258 rege,
558 4185 700 4240 liebertum
717 4187 827 4240 electum
849 4203 890 4258 ψ·
975 4196 1130 4252 Lupopycpg
1145 4191 1193 4248 Dei
1206 4191 1295 4262 gratia
1308 4205 1356 4244 1⁸01
1366 4186 1536 4242 Francorum
1548 4182 1642 4239 gtdux
1653 4180 1736 4252 Aqui.

372 4273 463 4314 ‘mm
481 4257 612 4311 mmm·
941 4297 1081 4349 tanarum,
1097 4282 1260 4340 charissimo
1274 4296 1326 4337 sua
1340 4278 1461 4334 Suaeara
1476 4274 1626 4332 venerabili
1641 4273 1735 4328 abbati
1751 4262 1753 4265 ’

130 4369 288 4426 Venerabili
303 4369 451 4426 (1θωὶῃοοῑ
464 4367 540 4424 Pulli
554 4384 605 4424 81¹0
619 4366 748 4434 Sflisslwr
765 4367 812 4424 ⁰⁰5
827 4384 890 4440 dli·
941 4380 1013 4437 beati
1029 4375 1168 4449 Dionysii,
1184 4374 1301 4431 salutem
1316 4378 1345 4426 et
1360 4370 1498 4424 sinceram
1511 4366 1697 4422 dilectionem.

87 4465 133 4520 tia
147 4471 176 4521 et
193 4463 291 4521 merito
310 4477 361 4520 srva
376 4463 449 4518 beati
466 4461 588 4534 Dionysi
604 4463 707 4526 abbati,
723 4461 887 4530 Brrrgulien-
904 4463 926 4518 D
974 4470 1014 4527 De
1029 4468 1117 4540 portis
1131 4466 1279 4537 ilungariae
1293 4462 1331 4535 (l)
1344 4461 1492 4519 scribimus
1504 4459 1594 4516 vobis.
1608 4457 1676 4515 lllue
1688 4475 1736 4514 us·

88 4560 135 4614 sis
153 4555 283 4613 Ecclesiae
297 4555 411 4612 humilis
429 4561 581 4612 conventus
596 4554 710 4610 salutem
726 4561 753 4610 et
766 4553 889 4610 deratio-

86 4651 138 4706 nis
152 4649 324 4720 obsequium.
465 4705 475 4724 ‚

130 4739 294 4796 Venerando
316 4738 399 4794 Patre
416 4744 524 4802 nostro,
539 4744 566 4792 et
577 4752 630 4792 non
642 4737 701 4793 sine
715 4737 817 4808 gemitu
829 4753 888 4792 mc-

86 4832 229 4889 maranda
245 4830 337 4894 Petra,
357 4830 441 4886 rebus
462 4825 590 4884 humanis
612 4833 749 4898 exempto,
767 4827 889 4884 Ecclesia

86 4930 191 4980 nostra
216 4923 348 4978 damnose
369 4920 482 4976 viduata
505 4927 569 4989 est;
590 4927 617 4975 et
631 4920 695 4992 quia
710 4930 833 4991 tempora
847 4922 890 4976 vi·

85 5015 210 5074 ciuitatis
221 5030 278 5072 saraa
291 5015 351 5070 sine
363 5012 546 5068 diminutione
556 5012 690 5068 banorum
706 5010 890 5067 suarumdiu-

83 5111 150 5166 tius
171 5123 232 5164 esse
246 5121 302 5161 nan
314 5111 408 5178 posset
419 5103 553 5176 (tempora
568 5103 640 5159 enim
660 5103 787 5174 graviora
801 5108 828 5156 et
843 5117 890 5171 pe-

85 5199 214 5256 riculosa
229 5196 316 5270 sunt),
342 5196 452 5263 iratres,
476 5196 523 5267 qui
549 5195 583 5250 ad
604 5193 703 5251 lastnm
728 5193 798 5249 beati
814 5191 888 5248 Patri

129 5403 169 5476 (5)
195 5402 346 5458 viduata...
364 5401 464 5458 Petrus
481 5400 564 5456 abbas
583 5397 612 5455 S.
633 5397 707 5454 Petri
728 5397 891 5470 Burgalicn·

83 5475 134 5533 sis
156 5475 225 5530 obiit
248 5489 297 5528 vur
326 5471 441 5528 lialeud.
462 5469 527 5524 tulit
549 5469 612 5524 anni
636 5470 716 5533 lli8,
737 5477 767 5526 ut
796 5470 898 5526 existi--

83 5553 152 5602 mat
174 5545 367 5608 llabillonius,
391 5550 411 5598 t.
429 5540 464 5595 tl
479 5541 590 5603 rinnai,
610 5557 637 5610 p.
654 5540 726 5608 tlo;
741 5557 804 5596 eum
825 5556 890 5595 vero

83 5615 223 5740 lligerius
246 5615 342 5671 eadem
357 5628 431 5668 anno
447 5613 642 5666 rnartalitatern
664 5610 825 5681 expleuerit,
841 5627 898 5666 xvv

82 5685 154 5743 lia.
181 5685 362 5750 Novembris,
378 5700 411 5740 err
432 5682 563 5738 clrranico
578 5680 607 5736 S.
623 5680 724 5744 Albini,
741 5687 815 5738 certe
831 5682 899 5738 bae

82 5758 209 5829 epistola
225 5757 326 5827 scripta
339 5757 406 5824 luit;
422 5767 494 5809 anua
509 5751 586 5817 lili,
603 5751 655 5807 rel.
675 5751 749 5806 lita.

942 4576 997 4633 que
1007 4560 1178 4616 divinonutu
1188 4565 1264 4612 recta
1275 4555 1361 4610 limite
1374 4552 1565 4626 procedentes,
1581 4565 1645 4604 cum
1659 4549 1735 4632 omni

942 4655 1085 4727 sospitate,
1097 4653 1208 4724 gaudio,
1221 4658 1249 4705 et
1264 4651 1379 4727 bonore,
1395 4663 1447 4704 nos
1460 4653 1488 4703 et
1498 4644 1637 4716 principes
1646 4643 1737 4700 nostri

942 4749 996 4804 laeti
1015 4746 1201 4817 pervenimus,
1227 4742 1327 4813 ubique
1348 4740 1428 4795 nabis
1452 4737 1602 4793 auxiliante
1619 4735 1736 4790 Domino

934 4848 1080 4896 terrarum
1101 4837 1239 4908 principes
1259 4840 1288 4889 et
1310 4839 1423 4889 ovantes
1443 4834 1609 4891 occursant,
1632 4834 1661 4882 et
1681 4827 1736 4882 laeti

941 4948 993 4988 nos
1016 4929 1164 5002 recipiunt,
1185 4935 1213 4982 et
1236 4926 1354 4981 libenter
1368 4923 1540 4985 deserviunt,
1555 4926 1584 4974 et
1599 4918 1735 4972 honorant

942 5022 1034 5080 devoti
1052 5041 1058 5076 :
1074 5028 1102 5076 et
1117 5020 1145 5074 in
1161 5018 1204 5074 bis
1218 5017 1348 5072 amnibus
1358 5013 1549 5070 benedicimus
1560 5008 1677 5065 Domino
1688 5009 1735 5080 qui

941 5115 1043 5170 direxit
1064 5113 1147 5184 pedes
1172 5099 1294 5175 nastros,
1319 5115 1346 5162 ct
1369 5110 1515 5178 prosperat
1537 5102 1598 5158 vias
1614 5100 1750 5156 nostras.

941 5206 981 5263 De
1000 5207 1101 5262 caetero
1122 5218 1216 5260 rerum
1241 5208 1331 5258 status
1345 5200 1404 5270 ipse
1416 5212 1470 5253 nos
1485 5196 1626 5254 admonet.
1640 5192 1697 5249 ima
1708 5202 1736 5249 et

978 5401 1016 5475 (l)
1044 5398 1083 5454 De
1107 5396 1191 5466 porris
1216 5393 1372 5465 Hrrugarioe.
1399 5390 1568 5463 Drangariam
1593 5389 1736 5460 ingressas

941 5485 983 5529 est
994 5487 1042 5527 rex
1054 5469 1209 5525 ludovicus
1219 5478 1313 5521 merrsa
1326 5464 1410 5526 lulio,
1421 5463 1513 5534 ibique
1528 5476 1575 5532 per
1586 5461 1736 5540 diesquin·

942 5543 1031 5600 decim
1047 5539 1194 5596 transitum
1208 5536 1284 5599 lecit,
1301 5544 1332 5591 ut
1347 5535 1437 5592 babet-
1446 5533 1506 5589 0do
1519 5538 1555 5588 de
1568 5529 1685 5594 Diogrlo.
1702 5531 1736 5594 li·

941 5613 992 5669 bro
1015 5627 1056 5736 ιῖι9
1058 5611 1098 5667 De
1120 5608 1289 5683 proiectione
1310 5603 1526 5676 regisbadouiei
1542 5603 1570 5656 in
1583 5601 1746 5664 Orientem,¹

942 5700 1003 5755 pag.
1057 5727 1063 5738 .
