<?xml version="1.0" encoding="UTF-8"?>
<!DOCTYPE html PUBLIC "-//W3C//DTD XHTML 1.0 Transitional//EN"
    "http://www.w3.org/TR/xhtml1/DTD/xhtml1-transitional.dtd">
<html xmlns="http://www.w3.org/1999/xhtml" xml:lang="en" lang="en">
 <head>
  <title>
</title>
<meta http-equiv="Content-Type" content="text/html;charset=utf-8" />
  <meta name='ocr-system' content='tesseract 3.04.00' />
  <meta name='ocr-capabilities' content='ocr_page ocr_carea ocr_par ocr_line ocrx_word'/>
</head>
<body>
  <div class='ocr_page' id='page_1' title='image "./patrologiaecurs141migngoog_0245.png"; bbox 0 0 3967 6334; ppageno 0'>
   <div class='ocr_carea' id='block_1_1' title="bbox 68 369 1701 442">
    <p class='ocr_par' dir='ltr' id='par_1_1' title="bbox 68 369 1701 442">
     <span class='ocr_line' id='line_1_1' title="bbox 68 369 1701 442; baseline 0.005 -14"><span class='ocrx_word' id='word_1_1' title='bbox 68 370 125 428; x_wconf 78' lang='lat' dir='ltr'><strong>tul</strong></span> <span class='ocrx_word' id='word_1_2' title='bbox 526 371 560 428; x_wconf 79' lang='lat' dir='ltr'><strong>tn</strong></span> <span class='ocrx_word' id='word_1_3' title='bbox 578 369 679 428; x_wconf 74' lang='lat' dir='ltr'><strong>uultu</strong></span> <span class='ocrx_word' id='word_1_4' title='bbox 698 371 745 429; x_wconf 72' lang='lat' dir='ltr'><strong>EX</strong></span> <span class='ocrx_word' id='word_1_5' title='bbox 764 370 933 442; x_wconf 78' lang='lat' dir='ltr'><strong>Quaruou</strong></span> <span class='ocrx_word' id='word_1_6' title='bbox 951 370 1053 428; x_wconf 72' lang='lat' dir='ltr'><strong>nunu</strong></span> <span class='ocrx_word' id='word_1_7' title='bbox 1071 370 1232 431; x_wconf 70' lang='lat' dir='ltr'><strong>esuries</strong></span> <span class='ocrx_word' id='word_1_8' title='bbox 1649 378 1701 438; x_wconf 69' lang='lat' dir='ltr'><strong>ddi</strong></span> 
     </span>
    </p>
   </div>
   <div class='ocr_carea' id='block_1_2' title="bbox 58 482 1724 5611">
    <p class='ocr_par' dir='ltr' id='par_1_2' title="bbox 67 482 1724 1475">
     <span class='ocr_line' id='line_1_2' title="bbox 69 482 1703 558; baseline 0.003 -17"><span class='ocrx_word' id='word_1_9' title='bbox 69 494 100 542; x_wconf 92' lang='lat' dir='ltr'><strong>ut</strong></span> <span class='ocrx_word' id='word_1_10' title='bbox 116 486 201 541; x_wconf 83' lang='lat' dir='ltr'><strong>homo</strong></span> <span class='ocrx_word' id='word_1_11' title='bbox 223 497 337 557; x_wconf 70' lang='lat' dir='ltr'><strong>peregre</strong></span> <span class='ocrx_word' id='word_1_12' title='bbox 355 482 537 556; x_wconf 78' lang='lat' dir='ltr'><strong>proficiscens</strong></span> <span class='ocrx_word' id='word_1_13' title='bbox 558 483 670 541; x_wconf 76' lang='lat' dir='ltr'><strong>tradidit</strong></span> <span class='ocrx_word' id='word_1_14' title='bbox 684 486 773 542; x_wconf 86' lang='lat' dir='ltr'><strong>serris</strong></span> <span class='ocrx_word' id='word_1_15' title='bbox 802 487 899 545; x_wconf 78' lang='lat' dir='ltr'><strong>suisA</strong></span> <span class='ocrx_word' id='word_1_16' title='bbox 946 485 994 540; x_wconf 76' lang='lat' dir='ltr'><strong>Ait</strong></span> <span class='ocrx_word' id='word_1_17' title='bbox 1014 485 1056 540; x_wconf 87' lang='lat' dir='ltr'><strong>illi</strong></span> <span class='ocrx_word' id='word_1_18' title='bbox 1076 485 1198 542; x_wconf 83' lang='lat' dir='ltr'><strong>docrinas</strong></span> <span class='ocrx_word' id='word_1_19' title='bbox 1216 485 1293 556; x_wconf 77' lang='lat' dir='ltr'><strong>ejas:</strong></span> <span class='ocrx_word' id='word_1_20' title='bbox 1312 482 1394 558; x_wconf 77' lang='lat' dir='ltr'><strong>Euqe,</strong></span> <span class='ocrx_word' id='word_1_21' title='bbox 1411 484 1596 545; x_wconf 69' lang='lat' dir='ltr'><strong>cerastarum</strong></span> <span class='ocrx_word' id='word_1_22' title='bbox 1605 489 1703 558; x_wconf 69' lang='lat' dir='ltr'><strong>fidelis.</strong></span> 
     </span>
     <span class='ocr_line' id='line_1_3' title="bbox 70 575 1702 650; baseline 0.004 -17"><span class='ocrx_word' id='word_1_23' title='bbox 70 577 141 633; x_wconf 78' lang='lat' dir='ltr'><strong>bona</strong></span> <span class='ocrx_word' id='word_1_24' title='bbox 161 591 211 631; x_wconf 90' lang='lat' dir='ltr'><strong>sua</strong></span> <span class='ocrx_word' id='word_1_25' title='bbox 227 576 261 631; x_wconf 86' lang='lat' dir='ltr'><strong>ad</strong></span> <span class='ocrx_word' id='word_1_26' title='bbox 277 575 506 642; x_wconf 76' lang='lat' dir='ltr'><strong>fructificandum,</strong></span> <span class='ocrx_word' id='word_1_27' title='bbox 519 577 729 648; x_wconf 84' lang='lat' dir='ltr'><strong>requisiturosa</strong></span> <span class='ocrx_word' id='word_1_28' title='bbox 745 578 861 648; x_wconf 75' lang='lat' dir='ltr'><strong>singulis</strong></span> <span class='ocrx_word' id='word_1_29' title='bbox 911 577 1062 648; x_wconf 83' lang='lat' dir='ltr'><strong>quiasuper</strong></span> <span class='ocrx_word' id='word_1_30' title='bbox 1078 591 1164 647; x_wconf 88' lang='lat' dir='ltr'><strong>pauca</strong></span> <span class='ocrx_word' id='word_1_31' title='bbox 1185 577 1263 648; x_wconf 81' lang='lat' dir='ltr'><strong>{nisti</strong></span> <span class='ocrx_word' id='word_1_32' title='bbox 1284 577 1383 650; x_wconf 73' lang='lat' dir='ltr'><strong>fidelis,</strong></span> <span class='ocrx_word' id='word_1_33' title='bbox 1394 595 1477 649; x_wconf 81' lang='lat' dir='ltr'><strong>supra</strong></span> <span class='ocrx_word' id='word_1_34' title='bbox 1490 580 1579 636; x_wconf 87' lang='lat' dir='ltr'><strong>multa</strong></span> <span class='ocrx_word' id='word_1_35' title='bbox 1601 591 1626 636; x_wconf 87' lang='lat' dir='ltr'><strong>te</strong></span> <span class='ocrx_word' id='word_1_36' title='bbox 1643 601 1702 640; x_wconf 76' lang='lat' dir='ltr'><strong>scm</strong></span> 
     </span>
     <span class='ocr_line' id='line_1_4' title="bbox 67 665 1473 741; baseline -0.001 -15"><span class='ocrx_word' id='word_1_37' title='bbox 67 671 101 726; x_wconf 89' lang='lat' dir='ltr'><strong>de</strong></span> <span class='ocrx_word' id='word_1_38' title='bbox 113 669 262 724; x_wconf 86' lang='lat' dir='ltr'><strong>commisso</strong></span> <span class='ocrx_word' id='word_1_39' title='bbox 270 667 414 722; x_wconf 89' lang='lat' dir='ltr'><strong>rationem.</strong></span> <span class='ocrx_word' id='word_1_40' title='bbox 426 665 565 741; x_wconf 77' lang='lat' dir='ltr'><strong>[Hieron]</strong></span> <span class='ocrx_word' id='word_1_41' title='bbox 578 667 723 725; x_wconf 88' lang='lat' dir='ltr'><strong>llomoistc</strong></span> <span class='ocrx_word' id='word_1_42' title='bbox 733 669 861 726; x_wconf 73' lang='lat' dir='ltr'><strong>Christus</strong></span> <span class='ocrx_word' id='word_1_43' title='bbox 910 669 1031 733; x_wconf 75' lang='lat' dir='ltr'><strong>stitutum,</strong></span> <span class='ocrx_word' id='word_1_44' title='bbox 1044 669 1116 722; x_wconf 88' lang='lat' dir='ltr'><strong>intra</strong></span> <span class='ocrx_word' id='word_1_45' title='bbox 1128 670 1156 723; x_wconf 86' lang='lat' dir='ltr'><strong>in</strong></span> <span class='ocrx_word' id='word_1_46' title='bbox 1168 669 1294 740; x_wconf 76' lang='lat' dir='ltr'><strong>paediam</strong></span> <span class='ocrx_word' id='word_1_47' title='bbox 1308 669 1409 725; x_wconf 87' lang='lat' dir='ltr'><strong>domini</strong></span> <span class='ocrx_word' id='word_1_48' title='bbox 1425 671 1473 726; x_wconf 90' lang='lat' dir='ltr'><strong>tui.</strong></span> 
     </span>
     <span class='ocr_line' id='line_1_5' title="bbox 67 747 1704 835; baseline 0.003 -18"><span class='ocrx_word' id='word_1_49' title='bbox 67 769 121 825; x_wconf 76' lang='lat' dir='ltr'><strong>est,</strong></span> <span class='ocrx_word' id='word_1_50' title='bbox 131 759 190 831; x_wconf 87' lang='lat' dir='ltr'><strong>qui,</strong></span> <span class='ocrx_word' id='word_1_51' title='bbox 199 765 263 832; x_wconf 86' lang='lat' dir='ltr'><strong>post</strong></span> <span class='ocrx_word' id='word_1_52' title='bbox 273 761 596 816; x_wconf 85' lang='lat' dir='ltr'><strong>resurrectionemcoelos</strong></span> <span class='ocrx_word' id='word_1_53' title='bbox 606 761 768 826; x_wconf 89' lang='lat' dir='ltr'><strong>ascendens,</strong></span> <span class='ocrx_word' id='word_1_54' title='bbox 779 777 861 816; x_wconf 85' lang='lat' dir='ltr'><strong>roca-</strong></span> <span class='ocrx_word' id='word_1_55' title='bbox 943 759 1087 818; x_wconf 81' lang='lat' dir='ltr'><strong>Admistus</strong></span> <span class='ocrx_word' id='word_1_56' title='bbox 1115 747 1210 818; x_wconf 83' lang='lat' dir='ltr'><strong>choris</strong></span> <span class='ocrx_word' id='word_1_57' title='bbox 1233 763 1374 835; x_wconf 73' lang='lat' dir='ltr'><strong>angelicis,</strong></span> <span class='ocrx_word' id='word_1_58' title='bbox 1396 765 1438 819; x_wconf 90' lang='lat' dir='ltr'><strong>sic</strong></span> <span class='ocrx_word' id='word_1_59' title='bbox 1458 765 1532 822; x_wconf 89' lang='lat' dir='ltr'><strong>intus</strong></span> <span class='ocrx_word' id='word_1_60' title='bbox 1554 765 1647 822; x_wconf 76' lang='lat' dir='ltr'><strong>lectam</strong></span> <span class='ocrx_word' id='word_1_61' title='bbox 1673 765 1704 822; x_wconf 80' lang='lat' dir='ltr'><strong>dt</strong></span> 
     </span>
     <span class='ocr_line' id='line_1_6' title="bbox 68 848 1706 926; baseline 0.004 -21"><span class='ocrx_word' id='word_1_62' title='bbox 68 851 104 905; x_wconf 92' lang='lat' dir='ltr'><strong>tis</strong></span> <span class='ocrx_word' id='word_1_63' title='bbox 119 848 266 921; x_wconf 86' lang='lat' dir='ltr'><strong>apostolis,</strong></span> <span class='ocrx_word' id='word_1_64' title='bbox 287 849 442 904; x_wconf 77' lang='lat' dir='ltr'><strong>doctrinam</strong></span> <span class='ocrx_word' id='word_1_65' title='bbox 464 849 651 920; x_wconf 74' lang='lat' dir='ltr'><strong>evangelicam</strong></span> <span class='ocrx_word' id='word_1_66' title='bbox 675 850 787 906; x_wconf 80' lang='lat' dir='ltr'><strong>tradidit</strong></span> <span class='ocrx_word' id='word_1_67' title='bbox 811 866 861 921; x_wconf 87' lang='lat' dir='ltr'><strong>pro</strong></span> <span class='ocrx_word' id='word_1_68' title='bbox 910 865 1034 916; x_wconf 88' lang='lat' dir='ltr'><strong>munere,</strong></span> <span class='ocrx_word' id='word_1_69' title='bbox 1044 853 1115 923; x_wconf 85' lang='lat' dir='ltr'><strong>quod</strong></span> <span class='ocrx_word' id='word_1_70' title='bbox 1129 870 1176 908; x_wconf 83' lang='lat' dir='ltr'><strong>nec</strong></span> <span class='ocrx_word' id='word_1_71' title='bbox 1190 857 1282 908; x_wconf 87' lang='lat' dir='ltr'><strong>oculus</strong></span> <span class='ocrx_word' id='word_1_72' title='bbox 1297 853 1373 920; x_wconf 83' lang='lat' dir='ltr'><strong>cidit,</strong></span> <span class='ocrx_word' id='word_1_73' title='bbox 1384 871 1431 909; x_wconf 90' lang='lat' dir='ltr'><strong>nec</strong></span> <span class='ocrx_word' id='word_1_74' title='bbox 1445 857 1519 912; x_wconf 86' lang='lat' dir='ltr'><strong>auris</strong></span> <span class='ocrx_word' id='word_1_75' title='bbox 1534 857 1648 926; x_wconf 85' lang='lat' dir='ltr'><strong>audiuit,</strong></span> <span class='ocrx_word' id='word_1_76' title='bbox 1661 873 1706 912; x_wconf 85' lang='lat' dir='ltr'><strong>nes</strong></span> 
     </span>
     <span class='ocr_line' id='line_1_7' title="bbox 68 941 1707 1022; baseline 0.004 -26"><span class='ocrx_word' id='word_1_77' title='bbox 68 942 263 1013; x_wconf 83' lang='lat' dir='ltr'><strong>accipientium</strong></span> <span class='ocrx_word' id='word_1_78' title='bbox 276 941 394 1008; x_wconf 76' lang='lat' dir='ltr'><strong>uirilius,</strong></span> <span class='ocrx_word' id='word_1_79' title='bbox 408 948 437 996; x_wconf 91' lang='lat' dir='ltr'><strong>et</strong></span> <span class='ocrx_word' id='word_1_80' title='bbox 451 941 534 997; x_wconf 85' lang='lat' dir='ltr'><strong>simili</strong></span> <span class='ocrx_word' id='word_1_81' title='bbox 548 942 648 1014; x_wconf 83' lang='lat' dir='ltr'><strong>gaudio</strong></span> <span class='ocrx_word' id='word_1_82' title='bbox 663 942 773 998; x_wconf 89' lang='lat' dir='ltr'><strong>tandem</strong></span> <span class='ocrx_word' id='word_1_83' title='bbox 790 943 861 998; x_wconf 88' lang='lat' dir='ltr'><strong>recl·</strong></span> <span class='ocrx_word' id='word_1_84' title='bbox 911 941 939 996; x_wconf 92' lang='lat' dir='ltr'><strong>in</strong></span> <span class='ocrx_word' id='word_1_85' title='bbox 960 959 1005 998; x_wconf 87' lang='lat' dir='ltr'><strong>car</strong></span> <span class='ocrx_word' id='word_1_86' title='bbox 1023 942 1137 1000; x_wconf 77' lang='lat' dir='ltr'><strong>hominis</strong></span> <span class='ocrx_word' id='word_1_87' title='bbox 1160 945 1279 1001; x_wconf 88' lang='lat' dir='ltr'><strong>ascendit</strong></span> <span class='ocrx_word' id='word_1_88' title='bbox 1305 945 1332 1019; x_wconf 86' lang='lat' dir='ltr'><strong>(l</strong></span> <span class='ocrx_word' id='word_1_89' title='bbox 1353 945 1415 1004; x_wconf 82' lang='lat' dir='ltr'><strong>Gar.</strong></span> <span class='ocrx_word' id='word_1_90' title='bbox 1432 963 1468 1015; x_wconf 88' lang='lat' dir='ltr'><strong>rr;</strong></span> <span class='ocrx_word' id='word_1_91' title='bbox 1492 948 1550 1006; x_wconf 87' lang='lat' dir='ltr'><strong>ltu.</strong></span> <span class='ocrx_word' id='word_1_92' title='bbox 1567 949 1652 1022; x_wconf 77' lang='lat' dir='ltr'><strong>tarr),</strong></span> <span class='ocrx_word' id='word_1_93' title='bbox 1676 957 1707 1003; x_wconf 90' lang='lat' dir='ltr'><strong>ut</strong></span> 
     </span>
     <span class='ocr_line' id='line_1_8' title="bbox 67 1026 1706 1112; baseline 0.004 -22"><span class='ocrx_word' id='word_1_94' title='bbox 67 1036 118 1107; x_wconf 89' lang='lat' dir='ltr'><strong>pit,</strong></span> <span class='ocrx_word' id='word_1_95' title='bbox 132 1043 162 1091; x_wconf 89' lang='lat' dir='ltr'><strong>et</strong></span> <span class='ocrx_word' id='word_1_96' title='bbox 176 1034 316 1107; x_wconf 84' lang='lat' dir='ltr'><strong>illum&#39;qui</strong></span> <span class='ocrx_word' id='word_1_97' title='bbox 327 1034 362 1090; x_wconf 90' lang='lat' dir='ltr'><strong>de</strong></span> <span class='ocrx_word' id='word_1_98' title='bbox 374 1034 496 1106; x_wconf 90' lang='lat' dir='ltr'><strong>quinque</strong></span> <span class='ocrx_word' id='word_1_99' title='bbox 510 1034 623 1090; x_wconf 83' lang='lat' dir='ltr'><strong>talentis</strong></span> <span class='ocrx_word' id='word_1_100' title='bbox 637 1033 702 1089; x_wconf 87' lang='lat' dir='ltr'><strong>lecit</strong></span> <span class='ocrx_word' id='word_1_101' title='bbox 712 1026 816 1101; x_wconf 87' lang='lat' dir='ltr'><strong>decem,</strong></span> <span class='ocrx_word' id='word_1_102' title='bbox 833 1040 861 1090; x_wconf 91' lang='lat' dir='ltr'><strong>et</strong></span> <span class='ocrx_word' id='word_1_103' title='bbox 908 1032 967 1102; x_wconf 82' lang='lat' dir='ltr'><strong>jam</strong></span> <span class='ocrx_word' id='word_1_104' title='bbox 981 1033 1088 1088; x_wconf 91' lang='lat' dir='ltr'><strong>nonsit</strong></span> <span class='ocrx_word' id='word_1_105' title='bbox 1108 1033 1181 1104; x_wconf 90' lang='lat' dir='ltr'><strong>quod</strong></span> <span class='ocrx_word' id='word_1_106' title='bbox 1209 1036 1331 1092; x_wconf 80' lang='lat' dir='ltr'><strong>exterius</strong></span> <span class='ocrx_word' id='word_1_107' title='bbox 1348 1035 1442 1094; x_wconf 88' lang='lat' dir='ltr'><strong>doleas</strong></span> <span class='ocrx_word' id='word_1_108' title='bbox 1465 1036 1500 1094; x_wconf 90' lang='lat' dir='ltr'><strong>de</strong></span> <span class='ocrx_word' id='word_1_109' title='bbox 1519 1041 1706 1112; x_wconf 87' lang='lat' dir='ltr'><strong>corruptione.</strong></span> 
     </span>
     <span class='ocr_line' id='line_1_9' title="bbox 68 1122 1724 1202; baseline 0.007 -20"><span class='ocrx_word' id='word_1_110' title='bbox 68 1126 145 1183; x_wconf 89' lang='lat' dir='ltr'><strong>illum</strong></span> <span class='ocrx_word' id='word_1_111' title='bbox 165 1128 214 1200; x_wconf 90' lang='lat' dir='ltr'><strong>qui</strong></span> <span class='ocrx_word' id='word_1_112' title='bbox 232 1127 267 1184; x_wconf 92' lang='lat' dir='ltr'><strong>de</strong></span> <span class='ocrx_word' id='word_1_113' title='bbox 286 1127 394 1183; x_wconf 85' lang='lat' dir='ltr'><strong>duobus</strong></span> <span class='ocrx_word' id='word_1_114' title='bbox 415 1133 544 1198; x_wconf 88' lang='lat' dir='ltr'><strong>quatuor,</strong></span> <span class='ocrx_word' id='word_1_115' title='bbox 558 1143 613 1182; x_wconf 90' lang='lat' dir='ltr'><strong>non</strong></span> <span class='ocrx_word' id='word_1_116' title='bbox 626 1127 805 1184; x_wconf 86' lang='lat' dir='ltr'><strong>considerans</strong></span> <span class='ocrx_word' id='word_1_117' title='bbox 819 1127 861 1182; x_wconf 86' lang='lat' dir='ltr'><strong>tu·</strong></span> <span class='ocrx_word' id='word_1_118' title='bbox 910 1122 1071 1188; x_wconf 66' lang='lat' dir='ltr'><strong>Praesenlits</strong></span> <span class='ocrx_word' id='word_1_119' title='bbox 1089 1125 1152 1182; x_wconf 71' lang='lat' dir='ltr'><strong>licei</strong></span> <span class='ocrx_word' id='word_1_120' title='bbox 1168 1143 1266 1199; x_wconf 72' lang='lat' dir='ltr'><strong>magna</strong></span> <span class='ocrx_word' id='word_1_121' title='bbox 1281 1128 1436 1194; x_wconf 69' lang='lat' dir='ltr'><strong>videantur,</strong></span> <span class='ocrx_word' id='word_1_122' title='bbox 1459 1129 1488 1185; x_wconf 79' lang='lat' dir='ltr'><strong>ill</strong></span> <span class='ocrx_word' id='word_1_123' title='bbox 1502 1133 1724 1202; x_wconf 80' lang='lat' dir='ltr'><strong>conparatione·</strong></span> 
     </span>
     <span class='ocr_line' id='line_1_10' title="bbox 69 1217 1707 1293; baseline 0.007 -21"><span class='ocrx_word' id='word_1_124' title='bbox 69 1231 160 1284; x_wconf 87' lang='lat' dir='ltr'><strong>crum,</strong></span> <span class='ocrx_word' id='word_1_125' title='bbox 174 1217 224 1273; x_wconf 87' lang='lat' dir='ltr'><strong>sed</strong></span> <span class='ocrx_word' id='word_1_126' title='bbox 236 1218 417 1274; x_wconf 78' lang='lat' dir='ltr'><strong>uoluntatem.</strong></span> <span class='ocrx_word' id='word_1_127' title='bbox 911 1223 1004 1272; x_wconf 86' lang='lat' dir='ltr'><strong>tamen</strong></span> <span class='ocrx_word' id='word_1_128' title='bbox 1016 1217 1171 1274; x_wconf 82' lang='lat' dir='ltr'><strong>futurorum</strong></span> <span class='ocrx_word' id='word_1_129' title='bbox 1187 1235 1270 1292; x_wconf 86' lang='lat' dir='ltr'><strong>parva</strong></span> <span class='ocrx_word' id='word_1_130' title='bbox 1286 1229 1351 1278; x_wconf 92' lang='lat' dir='ltr'><strong>suut</strong></span> <span class='ocrx_word' id='word_1_131' title='bbox 1364 1230 1392 1278; x_wconf 91' lang='lat' dir='ltr'><strong>et</strong></span> <span class='ocrx_word' id='word_1_132' title='bbox 1405 1238 1503 1293; x_wconf 90' lang='lat' dir='ltr'><strong>pauca,</strong></span> <span class='ocrx_word' id='word_1_133' title='bbox 1516 1239 1566 1281; x_wconf 89' lang='lat' dir='ltr'><strong>nec</strong></span> <span class='ocrx_word' id='word_1_134' title='bbox 1588 1226 1707 1283; x_wconf 82' lang='lat' dir='ltr'><strong>sinoad-</strong></span> 
     </span>
     <span class='ocr_line' id='line_1_11' title="bbox 411 1309 1706 1392; baseline 0.015 -38"><span class='ocrx_word' id='word_1_135' title='bbox 411 1329 457 1381; x_wconf 69' lang='lat'><strong>150</strong></span> <span class='ocrx_word' id='word_1_136' title='bbox 578 1331 626 1382; x_wconf 65' lang='lat'><strong>229</strong></span> <span class='ocrx_word' id='word_1_137' title='bbox 911 1309 1040 1365; x_wconf 82' lang='lat' dir='ltr'><strong>mistione</strong></span> <span class='ocrx_word' id='word_1_138' title='bbox 1059 1311 1176 1382; x_wconf 83' lang='lat' dir='ltr'><strong>alicujus</strong></span> <span class='ocrx_word' id='word_1_139' title='bbox 1202 1314 1343 1369; x_wconf 86' lang='lat' dir='ltr'><strong>molestiae.</strong></span> <span class='ocrx_word' id='word_1_140' title='bbox 1363 1313 1443 1381; x_wconf 79' lang='lat' dir='ltr'><strong>Quod</strong></span> <span class='ocrx_word' id='word_1_141' title='bbox 1461 1322 1504 1371; x_wconf 90' lang='lat' dir='ltr'><strong>est</strong></span> <span class='ocrx_word' id='word_1_142' title='bbox 1525 1317 1615 1388; x_wconf 84' lang='lat' dir='ltr'><strong>majus</strong></span> <span class='ocrx_word' id='word_1_143' title='bbox 1635 1332 1706 1392; x_wconf 75' lang='lat' dir='ltr'><strong>qau-</strong></span> 
     </span>
     <span class='ocr_line' id='line_1_12' title="bbox 309 1347 1397 1475; baseline 0.01 -24"><span class='ocrx_word' id='word_1_144' title='bbox 309 1351 373 1439; x_wconf 80' lang='lat' dir='ltr'><strong>M·</strong></span> <span class='ocrx_word' id='word_1_145' title='bbox 425 1408 442 1443; x_wconf 76' lang='lat' dir='ltr'>v</span> <span class='ocrx_word' id='word_1_146' title='bbox 490 1347 543 1438; x_wconf 80' lang='lat' dir='ltr'><strong>L·</strong></span> <span class='ocrx_word' id='word_1_147' title='bbox 910 1400 1247 1475; x_wconf 89' lang='lat' dir='ltr'><strong>diom,quamessecum</strong></span> <span class='ocrx_word' id='word_1_148' title='bbox 1264 1404 1397 1462; x_wconf 84' lang='lat' dir='ltr'><strong>Domino?</strong></span> 
     </span>
    </p>

    <p class='ocr_par' dir='ltr' id='par_1_3' title="bbox 62 1489 1706 1755">
     <span class='ocr_line' id='line_1_13' title="bbox 100 1489 1703 1572; baseline 0.006 -28"><span class='ocrx_word' id='word_1_149' title='bbox 100 1498 137 1554; x_wconf 79' lang='lat' dir='ltr'><strong>Er</strong></span> <span class='ocrx_word' id='word_1_150' title='bbox 152 1501 201 1555; x_wconf 64' lang='lat' dir='ltr'><strong>ooo·</strong></span> <span class='ocrx_word' id='word_1_151' title='bbox 220 1499 291 1556; x_wconf 63' lang='lat' dir='ltr'><strong>deors</strong></span> <span class='ocrx_word' id='word_1_152' title='bbox 303 1501 415 1571; x_wconf 71' lang='lat' dir='ltr'><strong>qoroqoo</strong></span> <span class='ocrx_word' id='word_1_153' title='bbox 429 1499 542 1564; x_wconf 72' lang='lat' dir='ltr'><strong>solonio,</strong></span> <span class='ocrx_word' id='word_1_154' title='bbox 558 1499 606 1553; x_wconf 67' lang='lat' dir='ltr'><strong>orie·</strong></span> <span class='ocrx_word' id='word_1_155' title='bbox 624 1508 712 1553; x_wconf 74' lang='lat' dir='ltr'><strong>oosom</strong></span> <span class='ocrx_word' id='word_1_156' title='bbox 734 1499 797 1561; x_wconf 70' lang='lat' dir='ltr'><strong>ooo,</strong></span> <span class='ocrx_word' id='word_1_157' title='bbox 812 1499 861 1554; x_wconf 65' lang='lat' dir='ltr'><strong>else·</strong></span> <span class='ocrx_word' id='word_1_158' title='bbox 945 1489 1061 1546; x_wconf 73' lang='lat' dir='ltr'><strong>Accessit</strong></span> <span class='ocrx_word' id='word_1_159' title='bbox 1073 1501 1160 1546; x_wconf 89' lang='lat' dir='ltr'><strong>autem</strong></span> <span class='ocrx_word' id='word_1_160' title='bbox 1174 1501 1200 1546; x_wconf 92' lang='lat' dir='ltr'><strong>et</strong></span> <span class='ocrx_word' id='word_1_161' title='bbox 1210 1492 1313 1564; x_wconf 84' lang='lat' dir='ltr'><strong>quidun</strong></span> <span class='ocrx_word' id='word_1_162' title='bbox 1332 1494 1434 1549; x_wconf 87' lang='lat' dir='ltr'><strong>talenta</strong></span> <span class='ocrx_word' id='word_1_163' title='bbox 1450 1506 1595 1566; x_wconf 84' lang='lat' dir='ltr'><strong>occeperat,</strong></span> <span class='ocrx_word' id='word_1_164' title='bbox 1608 1507 1633 1554; x_wconf 90' lang='lat' dir='ltr'><strong>et</strong></span> <span class='ocrx_word' id='word_1_165' title='bbox 1645 1500 1703 1572; x_wconf 78' lang='lat' dir='ltr'><strong>ait:</strong></span> 
     </span>
     <span class='ocr_line' id='line_1_14' title="bbox 65 1578 1706 1662; baseline 0.006 -28"><span class='ocrx_word' id='word_1_166' title='bbox 65 1609 124 1647; x_wconf 69' lang='lat' dir='ltr'><strong>mo</strong></span> <span class='ocrx_word' id='word_1_167' title='bbox 134 1608 229 1658; x_wconf 61' lang='lat' dir='ltr'><strong>onom,</strong></span> <span class='ocrx_word' id='word_1_168' title='bbox 241 1592 381 1662; x_wconf 66' lang='lat' dir='ltr'><strong>ooeeoeqoe</strong></span> <span class='ocrx_word' id='word_1_169' title='bbox 391 1587 534 1646; x_wconf 58' lang='lat' dir='ltr'><strong>„ermom</strong></span> <span class='ocrx_word' id='word_1_170' title='bbox 548 1593 683 1662; x_wconf 58' lang='lat' dir='ltr'><strong>propriam</strong></span> <span class='ocrx_word' id='word_1_171' title='bbox 694 1591 826 1655; x_wconf 63' lang='lat' dir='ltr'><strong>emerem,</strong></span> <span class='ocrx_word' id='word_1_172' title='bbox 835 1599 861 1646; x_wconf 75' lang='lat' dir='ltr'><strong>er</strong></span> <span class='ocrx_word' id='word_1_173' title='bbox 911 1578 1036 1648; x_wconf 88' lang='lat' dir='ltr'><strong>Domine,</strong></span> <span class='ocrx_word' id='word_1_174' title='bbox 1046 1582 1099 1638; x_wconf 89' lang='lat' dir='ltr'><strong>dno</strong></span> <span class='ocrx_word' id='word_1_175' title='bbox 1111 1583 1212 1638; x_wconf 87' lang='lat' dir='ltr'><strong>talenta</strong></span> <span class='ocrx_word' id='word_1_176' title='bbox 1224 1583 1288 1638; x_wconf 88' lang='lat' dir='ltr'><strong>milri</strong></span> <span class='ocrx_word' id='word_1_177' title='bbox 1303 1585 1449 1653; x_wconf 75' lang='lat' dir='ltr'><strong>tradidisti,</strong></span> <span class='ocrx_word' id='word_1_178' title='bbox 1459 1605 1517 1644; x_wconf 87' lang='lat' dir='ltr'><strong>cccc</strong></span> <span class='ocrx_word' id='word_1_179' title='bbox 1534 1589 1590 1644; x_wconf 85' lang='lat' dir='ltr'><strong>ulia</strong></span> <span class='ocrx_word' id='word_1_180' title='bbox 1600 1590 1652 1644; x_wconf 89' lang='lat' dir='ltr'><strong>duc</strong></span> <span class='ocrx_word' id='word_1_181' title='bbox 1663 1589 1706 1646; x_wconf 85' lang='lat' dir='ltr'><strong>lu·</strong></span> 
     </span>
     <span class='ocr_line' id='line_1_15' title="bbox 62 1675 1706 1755; baseline 0.009 -32"><span class='ocrx_word' id='word_1_182' title='bbox 62 1685 198 1755; x_wconf 53' lang='lat' dir='ltr'><strong>msam</strong></span> <span class='ocrx_word' id='word_1_183' title='bbox 211 1697 251 1740; x_wconf 90' lang='lat' dir='ltr'><strong>est</strong></span> <span class='ocrx_word' id='word_1_184' title='bbox 265 1687 367 1740; x_wconf 54' lang='lat' dir='ltr'><strong>,mm</strong></span> <span class='ocrx_word' id='word_1_185' title='bbox 910 1683 999 1729; x_wconf 82' lang='lat' dir='ltr'><strong>craten</strong></span> <span class='ocrx_word' id='word_1_186' title='bbox 1009 1691 1077 1732; x_wconf 84' lang='lat' dir='ltr'><strong>som.</strong></span> <span class='ocrx_word' id='word_1_187' title='bbox 1087 1675 1132 1730; x_wconf 87' lang='lat' dir='ltr'><strong>Ait</strong></span> <span class='ocrx_word' id='word_1_188' title='bbox 1142 1677 1182 1730; x_wconf 89' lang='lat' dir='ltr'><strong>illi</strong></span> <span class='ocrx_word' id='word_1_189' title='bbox 1193 1676 1315 1733; x_wconf 87' lang='lat' dir='ltr'><strong>daminus</strong></span> <span class='ocrx_word' id='word_1_190' title='bbox 1328 1678 1404 1749; x_wconf 84' lang='lat' dir='ltr'><strong>ejus:</strong></span> <span class='ocrx_word' id='word_1_191' title='bbox 1422 1679 1505 1753; x_wconf 83' lang='lat' dir='ltr'><strong>Ercqe,</strong></span> <span class='ocrx_word' id='word_1_192' title='bbox 1519 1698 1591 1738; x_wconf 87' lang='lat' dir='ltr'><strong>seruc</strong></span> <span class='ocrx_word' id='word_1_193' title='bbox 1605 1682 1669 1739; x_wconf 82' lang='lat' dir='ltr'><strong>lanc</strong></span> <span class='ocrx_word' id='word_1_194' title='bbox 1680 1692 1706 1738; x_wconf 87' lang='lat' dir='ltr'><strong>et</strong></span> 
     </span>
    </p>

    <p class='ocr_par' dir='ltr' id='par_1_4' title="bbox 63 1763 1708 2487">
     <span class='ocr_line' id='line_1_16' title="bbox 101 1763 1707 1851; baseline 0.008 -19"><span class='ocrx_word' id='word_1_195' title='bbox 101 1775 250 1851; x_wconf 66' lang='lat' dir='ltr'><strong>[Grecos]</strong></span> <span class='ocrx_word' id='word_1_196' title='bbox 261 1776 291 1830; x_wconf 94' lang='lat' dir='ltr'><strong>ln</strong></span> <span class='ocrx_word' id='word_1_197' title='bbox 304 1777 426 1849; x_wconf 89' lang='lat' dir='ltr'><strong>quinque</strong></span> <span class='ocrx_word' id='word_1_198' title='bbox 445 1778 556 1834; x_wconf 87' lang='lat' dir='ltr'><strong>talentis</strong></span> <span class='ocrx_word' id='word_1_199' title='bbox 565 1776 729 1847; x_wconf 79' lang='lat' dir='ltr'><strong>exprimitur</strong></span> <span class='ocrx_word' id='word_1_200' title='bbox 741 1777 860 1834; x_wconf 81' lang='lat' dir='ltr'><strong>exterio·</strong></span> <span class='ocrx_word' id='word_1_201' title='bbox 910 1763 1007 1835; x_wconf 53' lang='lat' dir='ltr'><strong>fideli&amp;</strong></span> <span class='ocrx_word' id='word_1_202' title='bbox 1021 1767 1083 1838; x_wconf 62' lang='lat' dir='ltr'><strong>‘luffa</strong></span> <span class='ocrx_word' id='word_1_203' title='bbox 1095 1783 1172 1837; x_wconf 64' lang='lat' dir='ltr'><strong>‘illm</strong></span> <span class='ocrx_word' id='word_1_204' title='bbox 1185 1785 1271 1839; x_wconf 62' lang='grc' dir='ltr'><strong>ΡΜ</strong></span> <span class='ocrx_word' id='word_1_205' title='bbox 1286 1768 1362 1840; x_wconf 57' lang='lat' dir='ltr'><strong>iiiiii</strong></span> <span class='ocrx_word' id='word_1_206' title='bbox 1377 1770 1474 1842; x_wconf 58' lang='lat' dir='ltr'><em>fidem·</em></span> <span class='ocrx_word' id='word_1_207' title='bbox 1487 1788 1569 1844; x_wconf 67' lang='lat' dir='ltr'><strong>”illm</strong></span> <span class='ocrx_word' id='word_1_208' title='bbox 1585 1775 1670 1829; x_wconf 56' lang='grc' dir='ltr'><strong>’ΝΜ</strong></span> <span class='ocrx_word' id='word_1_209' title='bbox 1682 1783 1707 1831; x_wconf 75' lang='lat'><strong>¹⁴</strong></span> 
     </span>
     <span class='ocr_line' id='line_1_17' title="bbox 64 1859 1520 1940; baseline 0.008 -33"><span class='ocrx_word' id='word_1_210' title='bbox 64 1881 126 1923; x_wconf 65' lang='lat' dir='ltr'><strong>mm</strong></span> <span class='ocrx_word' id='word_1_211' title='bbox 137 1866 267 1931; x_wconf 57' lang='lat' dir='ltr'><strong>eoseum,</strong></span> <span class='ocrx_word' id='word_1_212' title='bbox 279 1867 480 1924; x_wconf 58' lang='lat' dir='ltr'><strong>examinacione</strong></span> <span class='ocrx_word' id='word_1_213' title='bbox 492 1867 613 1939; x_wconf 71' lang='lat' dir='ltr'><strong>quinquo</strong></span> <span class='ocrx_word' id='word_1_214' title='bbox 628 1883 758 1924; x_wconf 69' lang='lat' dir='ltr'><strong>sensuum</strong></span> <span class='ocrx_word' id='word_1_215' title='bbox 769 1869 863 1940; x_wconf 63' lang='lat' dir='ltr'><strong>aequi.</strong></span> <span class='ocrx_word' id='word_1_216' title='bbox 877 1861 899 1917; x_wconf 87' lang='grc' dir='ltr'><strong>Β</strong></span> <span class='ocrx_word' id='word_1_217' title='bbox 913 1859 1084 1926; x_wconf 77' lang='lat' dir='ltr'><strong>constituam,</strong></span> <span class='ocrx_word' id='word_1_218' title='bbox 1095 1861 1168 1915; x_wconf 87' lang='lat' dir='ltr'><strong>intra</strong></span> <span class='ocrx_word' id='word_1_219' title='bbox 1183 1862 1210 1915; x_wconf 86' lang='lat' dir='ltr'><strong>in</strong></span> <span class='ocrx_word' id='word_1_220' title='bbox 1221 1861 1347 1933; x_wconf 76' lang='lat' dir='ltr'><strong>qualium</strong></span> <span class='ocrx_word' id='word_1_221' title='bbox 1358 1862 1459 1918; x_wconf 89' lang='lat' dir='ltr'><strong>domini</strong></span> <span class='ocrx_word' id='word_1_222' title='bbox 1472 1863 1520 1920; x_wconf 87' lang='lat' dir='ltr'><strong>lui.</strong></span> 
     </span>
     <span class='ocr_line' id='line_1_18' title="bbox 63 1949 1708 2032; baseline 0.01 -17"><span class='ocrx_word' id='word_1_223' title='bbox 63 1961 129 2016; x_wconf 89' lang='lat' dir='ltr'><strong>sita.</strong></span> <span class='ocrx_word' id='word_1_224' title='bbox 147 1958 179 2014; x_wconf 88' lang='lat' dir='ltr'><strong>ln</strong></span> <span class='ocrx_word' id='word_1_225' title='bbox 192 1959 301 2016; x_wconf 85' lang='lat' dir='ltr'><strong>duobus</strong></span> <span class='ocrx_word' id='word_1_226' title='bbox 317 1960 473 2017; x_wconf 87' lang='lat' dir='ltr'><strong>intellectus</strong></span> <span class='ocrx_word' id='word_1_227' title='bbox 484 1960 658 2031; x_wconf 85' lang='lat' dir='ltr'><strong>ctoperatio,</strong></span> <span class='ocrx_word' id='word_1_228' title='bbox 672 1977 759 2016; x_wconf 90' lang='lat' dir='ltr'><strong>unum</strong></span> <span class='ocrx_word' id='word_1_229' title='bbox 774 1961 861 2032; x_wconf 77' lang='lat' dir='ltr'><strong>signi·</strong></span> <span class='ocrx_word' id='word_1_230' title='bbox 946 1949 1032 2022; x_wconf 66' lang='lat' dir='ltr'><strong>Euge·</strong></span> <span class='ocrx_word' id='word_1_231' title='bbox 1051 1952 1104 2008; x_wconf 73' lang='lat'>¹¹00</span> <span class='ocrx_word' id='word_1_232' title='bbox 1126 1960 1179 2019; x_wconf 66' lang='lat'><strong>0⁵2.</strong></span> <span class='ocrx_word' id='word_1_233' title='bbox 1198 1953 1278 2021; x_wconf 65' lang='lat' dir='ltr'><strong>liene,</strong></span> <span class='ocrx_word' id='word_1_234' title='bbox 1297 1963 1325 2011; x_wconf 71' lang='lat'><strong>⁰1</strong></span> <span class='ocrx_word' id='word_1_235' title='bbox 1343 1961 1385 2013; x_wconf 67' lang='grc' dir='ltr'><strong>θὸῑ</strong></span> <span class='ocrx_word' id='word_1_236' title='bbox 1404 1959 1604 2030; x_wconf 63' lang='lat' dir='ltr'><strong>⁰⁰¹¹dl³1¹¹¹³15⁰</strong></span> <span class='ocrx_word' id='word_1_237' title='bbox 1627 1959 1708 2016; x_wconf 62' lang='lat' dir='ltr'><strong>blm·</strong></span> 
     </span>
     <span class='ocr_line' id='line_1_19' title="bbox 65 2041 1707 2121; baseline 0.001 -15"><span class='ocrx_word' id='word_1_238' title='bbox 65 2049 128 2106; x_wconf 78' lang='lat' dir='ltr'><strong>ucat</strong></span> <span class='ocrx_word' id='word_1_239' title='bbox 142 2049 323 2106; x_wconf 86' lang='lat' dir='ltr'><strong>intellectum.</strong></span> <span class='ocrx_word' id='word_1_240' title='bbox 342 2047 414 2104; x_wconf 85' lang='lat' dir='ltr'><strong>Ecce</strong></span> <span class='ocrx_word' id='word_1_241' title='bbox 436 2049 571 2106; x_wconf 89' lang='lat' dir='ltr'><strong>donorum</strong></span> <span class='ocrx_word' id='word_1_242' title='bbox 589 2048 689 2106; x_wconf 77' lang='lat' dir='ltr'><strong>divisio</strong></span> <span class='ocrx_word' id='word_1_243' title='bbox 718 2049 862 2120; x_wconf 82' lang='lat' dir='ltr'><strong>inaequalis</strong></span> <span class='ocrx_word' id='word_1_244' title='bbox 911 2041 1013 2100; x_wconf 80' lang='lat' dir='ltr'><strong>dicatis</strong></span> <span class='ocrx_word' id='word_1_245' title='bbox 1027 2045 1132 2102; x_wconf 91' lang='lat' dir='ltr'><strong>domini</strong></span> <span class='ocrx_word' id='word_1_246' title='bbox 1146 2061 1226 2102; x_wconf 85' lang='lat' dir='ltr'><strong>seruo</strong></span> <span class='ocrx_word' id='word_1_247' title='bbox 1239 2047 1311 2104; x_wconf 84' lang='lat' dir='ltr'><strong>bono</strong></span> <span class='ocrx_word' id='word_1_248' title='bbox 1326 2048 1379 2104; x_wconf 76' lang='lat' dir='ltr'><strong>silui</strong></span> <span class='ocrx_word' id='word_1_249' title='bbox 1393 2055 1421 2106; x_wconf 89' lang='lat' dir='ltr'><strong>et</strong></span> <span class='ocrx_word' id='word_1_250' title='bbox 1435 2048 1571 2121; x_wconf 81' lang='lat' dir='ltr'><strong>proximo,</strong></span> <span class='ocrx_word' id='word_1_251' title='bbox 1589 2065 1621 2106; x_wconf 88' lang='lat' dir='ltr'><strong>ac</strong></span> <span class='ocrx_word' id='word_1_252' title='bbox 1632 2049 1707 2108; x_wconf 88' lang='lat' dir='ltr'><strong>lideli</strong></span> 
     </span>
     <span class='ocr_line' id='line_1_20' title="bbox 64 2136 1203 2212; baseline 0.002 -16"><span class='ocrx_word' id='word_1_253' title='bbox 64 2148 106 2196; x_wconf 85' lang='lat' dir='ltr'><strong>est</strong></span> <span class='ocrx_word' id='word_1_254' title='bbox 119 2156 175 2212; x_wconf 91' lang='lat' dir='ltr'><strong>pro</strong></span> <span class='ocrx_word' id='word_1_255' title='bbox 189 2141 349 2198; x_wconf 80' lang='lat' dir='ltr'><strong>diuersitate</strong></span> <span class='ocrx_word' id='word_1_256' title='bbox 358 2140 562 2212; x_wconf 90' lang='lat' dir='ltr'><strong>accipientium.</strong></span> <span class='ocrx_word' id='word_1_257' title='bbox 576 2139 645 2196; x_wconf 87' lang='lat' dir='ltr'><strong>Nam</strong></span> <span class='ocrx_word' id='word_1_258' title='bbox 660 2142 724 2197; x_wconf 89' lang='lat' dir='ltr'><strong>licet</strong></span> <span class='ocrx_word' id='word_1_259' title='bbox 737 2141 862 2200; x_wconf 82' lang='lat' dir='ltr'><strong>dividens</strong></span> <span class='ocrx_word' id='word_1_260' title='bbox 913 2151 962 2207; x_wconf 74' lang='lat' dir='ltr'><strong>per</strong></span> <span class='ocrx_word' id='word_1_261' title='bbox 974 2137 1067 2192; x_wconf 76' lang='lat' dir='ltr'><strong>omnia</strong></span> <span class='ocrx_word' id='word_1_262' title='bbox 1081 2136 1203 2194; x_wconf 84' lang='lat' dir='ltr'><strong>domino.</strong></span> 
     </span>
     <span class='ocr_line' id='line_1_21' title="bbox 65 2226 1705 2306; baseline 0.007 -27"><span class='ocrx_word' id='word_1_263' title='bbox 65 2229 210 2302; x_wconf 73' lang='lat' dir='ltr'><strong>proiectus</strong></span> <span class='ocrx_word' id='word_1_264' title='bbox 233 2232 280 2299; x_wconf 78' lang='lat' dir='ltr'><strong>sit,</strong></span> <span class='ocrx_word' id='word_1_265' title='bbox 299 2230 328 2286; x_wconf 81' lang='lat' dir='ltr'><strong>io</strong></span> <span class='ocrx_word' id='word_1_266' title='bbox 348 2231 470 2304; x_wconf 83' lang='lat' dir='ltr'><strong>eoquod</strong></span> <span class='ocrx_word' id='word_1_267' title='bbox 489 2232 605 2289; x_wconf 76' lang='lat' dir='ltr'><strong>arbitrio</strong></span> <span class='ocrx_word' id='word_1_268' title='bbox 630 2241 727 2290; x_wconf 67' lang='lat' dir='ltr'><strong>nostro</strong></span> <span class='ocrx_word' id='word_1_269' title='bbox 747 2235 862 2292; x_wconf 72' lang='lat' dir='ltr'><strong>liberem</strong></span> <span class='ocrx_word' id='word_1_270' title='bbox 946 2226 1078 2283; x_wconf 78' lang='lat' dir='ltr'><strong>Accedent</strong></span> <span class='ocrx_word' id='word_1_271' title='bbox 1096 2238 1184 2284; x_wconf 75' lang='lat' dir='ltr'><strong>annm</strong></span> <span class='ocrx_word' id='word_1_272' title='bbox 1203 2236 1228 2285; x_wconf 94' lang='lat' dir='ltr'><strong>et</strong></span> <span class='ocrx_word' id='word_1_273' title='bbox 1247 2230 1292 2300; x_wconf 86' lang='lat' dir='ltr'><strong>qui</strong></span> <span class='ocrx_word' id='word_1_274' title='bbox 1310 2247 1393 2286; x_wconf 88' lang='lat' dir='ltr'><strong>unum</strong></span> <span class='ocrx_word' id='word_1_275' title='bbox 1415 2231 1545 2290; x_wconf 85' lang='lat' dir='ltr'><strong>talentum</strong></span> <span class='ocrx_word' id='word_1_276' title='bbox 1559 2244 1705 2306; x_wconf 77' lang='lat' dir='ltr'><strong>accepmm,</strong></span> 
     </span>
     <span class='ocr_line' id='line_1_22' title="bbox 63 2317 1707 2397; baseline 0.01 -31"><span class='ocrx_word' id='word_1_277' title='bbox 63 2321 200 2393; x_wconf 69' lang='lat' dir='ltr'><strong>opes-endi</strong></span> <span class='ocrx_word' id='word_1_278' title='bbox 215 2328 379 2394; x_wconf 65' lang='lat' dir='ltr'><strong>potestatem</strong></span> <span class='ocrx_word' id='word_1_279' title='bbox 406 2322 528 2394; x_wconf 70' lang='lat' dir='ltr'><strong>reliquie,</strong></span> <span class='ocrx_word' id='word_1_280' title='bbox 552 2339 661 2396; x_wconf 72' lang='lat' dir='ltr'><strong>eemper</strong></span> <span class='ocrx_word' id='word_1_281' title='bbox 676 2330 767 2380; x_wconf 72' lang='lat' dir='ltr'><strong>tameo</strong></span> <span class='ocrx_word' id='word_1_282' title='bbox 781 2341 862 2397; x_wconf 62' lang='lat' dir='ltr'><strong>pere.</strong></span> <span class='ocrx_word' id='word_1_283' title='bbox 912 2317 968 2372; x_wconf 87' lang='lat' dir='ltr'><strong>ait:</strong></span> <span class='ocrx_word' id='word_1_284' title='bbox 983 2317 1105 2384; x_wconf 84' lang='lat' dir='ltr'><strong>Domine,</strong></span> <span class='ocrx_word' id='word_1_285' title='bbox 1116 2320 1169 2374; x_wconf 87' lang='lat' dir='ltr'><strong>scio</strong></span> <span class='ocrx_word' id='word_1_286' title='bbox 1185 2321 1247 2392; x_wconf 84' lang='lat' dir='ltr'><strong>quic</strong></span> <span class='ocrx_word' id='word_1_287' title='bbox 1260 2320 1337 2376; x_wconf 79' lang='lat' dir='ltr'><strong>inmo</strong></span> <span class='ocrx_word' id='word_1_288' title='bbox 1356 2322 1440 2378; x_wconf 84' lang='lat' dir='ltr'><strong>durus</strong></span> <span class='ocrx_word' id='word_1_289' title='bbox 1455 2341 1494 2390; x_wconf 89' lang='lat' dir='ltr'><strong>cs,</strong></span> <span class='ocrx_word' id='word_1_290' title='bbox 1506 2326 1639 2380; x_wconf 81' lang='lat' dir='ltr'><strong>metiendi</strong></span> <span class='ocrx_word' id='word_1_291' title='bbox 1653 2343 1707 2382; x_wconf 88' lang='lat' dir='ltr'><strong>non</strong></span> 
     </span>
     <span class='ocr_line' id='line_1_23' title="bbox 64 2407 1705 2487; baseline 0.01 -31"><span class='ocrx_word' id='word_1_292' title='bbox 64 2414 622 2486; x_wconf 63' lang='lat' dir='ltr'><strong>{mestd310‚pfflulpolumusgmiam</strong></span> <span class='ocrx_word' id='word_1_293' title='bbox 638 2431 807 2487; x_wconf 67' lang='lat' dir='ltr'><strong>promovere,</strong></span> <span class='ocrx_word' id='word_1_294' title='bbox 911 2407 1061 2473; x_wconf 81' lang='lat' dir='ltr'><strong>seminasti,</strong></span> <span class='ocrx_word' id='word_1_295' title='bbox 1077 2417 1102 2462; x_wconf 75' lang='lat' dir='ltr'><strong>til</strong></span> <span class='ocrx_word' id='word_1_296' title='bbox 1123 2425 1265 2482; x_wconf 67' lang='lat' dir='ltr'><strong>Gonqreqass</strong></span> <span class='ocrx_word' id='word_1_297' title='bbox 1282 2410 1329 2465; x_wconf 78' lang='lat' dir='ltr'><strong>ttdt&#39;</strong></span> <span class='ocrx_word' id='word_1_298' title='bbox 1350 2428 1402 2467; x_wconf 80' lang='lat' dir='ltr'><strong>nott</strong></span> <span class='ocrx_word' id='word_1_299' title='bbox 1425 2416 1705 2484; x_wconf 59' lang='lat' dir='ltr'><strong>&amp;pardidii,eliimell0</strong></span> 
     </span>
    </p>

    <p class='ocr_par' dir='ltr' id='par_1_5' title="bbox 62 2495 1707 2760">
     <span class='ocr_line' id='line_1_24' title="bbox 98 2495 1706 2580; baseline 0.002 -20"><span class='ocrx_word' id='word_1_300' title='bbox 98 2505 176 2561; x_wconf 74' lang='lat' dir='ltr'><strong>Adiit</strong></span> <span class='ocrx_word' id='word_1_301' title='bbox 186 2509 452 2580; x_wconf 77' lang='lat' dir='ltr'><strong>csmmquiquinque</strong></span> <span class='ocrx_word' id='word_1_302' title='bbox 462 2507 719 2578; x_wconf 81' lang='lat' dir='ltr'><strong>taientuuccepcrat,</strong></span> <span class='ocrx_word' id='word_1_303' title='bbox 733 2518 863 2578; x_wconf 81' lang='lat' dir='ltr'><strong>etcpero.</strong></span> <span class='ocrx_word' id='word_1_304' title='bbox 912 2495 976 2564; x_wconf 80' lang='lat' dir='ltr'><strong>citt,</strong></span> <span class='ocrx_word' id='word_1_305' title='bbox 995 2505 1020 2552; x_wconf 91' lang='lat' dir='ltr'><strong>ct</strong></span> <span class='ocrx_word' id='word_1_306' title='bbox 1036 2497 1161 2553; x_wconf 80' lang='lat' dir='ltr'><strong>adscendi</strong></span> <span class='ocrx_word' id='word_1_307' title='bbox 1172 2499 1301 2556; x_wconf 85' lang='lat' dir='ltr'><strong>talentum</strong></span> <span class='ocrx_word' id='word_1_308' title='bbox 1318 2510 1392 2556; x_wconf 85' lang='lat' dir='ltr'><strong>tuum</strong></span> <span class='ocrx_word' id='word_1_309' title='bbox 1404 2502 1437 2575; x_wconf 68' lang='lat' dir='ltr'><strong>in}</strong></span> <span class='ocrx_word' id='word_1_310' title='bbox 1450 2511 1531 2560; x_wconf 86' lang='lat' dir='ltr'><strong>tersa.</strong></span> <span class='ocrx_word' id='word_1_311' title='bbox 1547 2501 1615 2560; x_wconf 79' lang='lat' dir='ltr'><strong>Ecce</strong></span> <span class='ocrx_word' id='word_1_312' title='bbox 1625 2505 1706 2564; x_wconf 72' lang='lat' dir='ltr'><strong>talo</strong></span> 
     </span>
     <span class='ocr_line' id='line_1_25' title="bbox 64 2589 1128 2673; baseline 0.01 -23"><span class='ocrx_word' id='word_1_313' title='bbox 64 2599 445 2665; x_wconf 56' lang='lat' dir='ltr'><strong>reseruassemus</strong></span> <span class='ocrx_word' id='word_1_314' title='bbox 468 2608 508 2654; x_wconf 75' lang='lat' dir='ltr'><strong>ot</strong></span> <span class='ocrx_word' id='word_1_315' title='bbox 525 2599 583 2655; x_wconf 75' lang='lat' dir='ltr'><strong>ato</strong></span> <span class='ocrx_word' id='word_1_316' title='bbox 594 2601 716 2673; x_wconf 65' lang='lat' dir='ltr'><strong>eunom</strong></span> <span class='ocrx_word' id='word_1_317' title='bbox 731 2598 862 2656; x_wconf 72' lang='lat' dir='ltr'><strong>sionna</strong></span> <span class='ocrx_word' id='word_1_318' title='bbox 911 2589 1128 2660; x_wconf 66' lang='lat' dir='ltr'><strong>molturam·</strong></span> 
     </span>
     <span class='ocr_line' id='line_1_26' title="bbox 62 2681 1707 2760; baseline 0.001 -16"><span class='ocrx_word' id='word_1_319' title='bbox 62 2697 88 2742; x_wconf 88' lang='lat' dir='ltr'><strong>et</strong></span> <span class='ocrx_word' id='word_1_320' title='bbox 100 2689 150 2760; x_wconf 89' lang='lat' dir='ltr'><strong>qui</strong></span> <span class='ocrx_word' id='word_1_321' title='bbox 162 2688 371 2760; x_wconf 83' lang='lat' dir='ltr'><strong>ducocceperat,</strong></span> <span class='ocrx_word' id='word_1_322' title='bbox 382 2690 501 2746; x_wconf 76' lang='lat' dir='ltr'><strong>iunctus</strong></span> <span class='ocrx_word' id='word_1_323' title='bbox 512 2699 552 2745; x_wconf 87' lang='lat' dir='ltr'><strong>cst</strong></span> <span class='ocrx_word' id='word_1_324' title='bbox 565 2689 622 2744; x_wconf 86' lang='lat' dir='ltr'><strong>alia</strong></span> <span class='ocrx_word' id='word_1_325' title='bbox 635 2689 700 2746; x_wconf 86' lang='lat' dir='ltr'><strong>dna.</strong></span> <span class='ocrx_word' id='word_1_326' title='bbox 946 2681 986 2736; x_wconf 76' lang='lat' dir='ltr'><strong>Ac</strong></span> <span class='ocrx_word' id='word_1_327' title='bbox 999 2682 1023 2738; x_wconf 84' lang='lat' dir='ltr'><strong>ai</strong></span> <span class='ocrx_word' id='word_1_328' title='bbox 1041 2683 1129 2739; x_wconf 88' lang='lat' dir='ltr'><strong>dicat:</strong></span> <span class='ocrx_word' id='word_1_329' title='bbox 1146 2681 1317 2740; x_wconf 89' lang='lat' dir='ltr'><strong>intellectum</strong></span> <span class='ocrx_word' id='word_1_330' title='bbox 1338 2684 1450 2755; x_wconf 86' lang='lat' dir='ltr'><strong>dedisti,</strong></span> <span class='ocrx_word' id='word_1_331' title='bbox 1467 2687 1634 2745; x_wconf 83' lang='lat' dir='ltr'><strong>intellectum</strong></span> <span class='ocrx_word' id='word_1_332' title='bbox 1655 2689 1707 2748; x_wconf 80' lang='lat' dir='ltr'><strong>lra-</strong></span> 
     </span>
    </p>

    <p class='ocr_par' dir='ltr' id='par_1_6' title="bbox 59 2771 1708 3957">
     <span class='ocr_line' id='line_1_27' title="bbox 97 2771 1707 2853; baseline 0.005 -23"><span class='ocrx_word' id='word_1_333' title='bbox 97 2780 180 2836; x_wconf 75' lang='lat' dir='ltr'><strong>Alsiit</strong></span> <span class='ocrx_word' id='word_1_334' title='bbox 202 2781 425 2853; x_wconf 74' lang='lat' dir='ltr'><strong>perexereitium</strong></span> <span class='ocrx_word' id='word_1_335' title='bbox 445 2783 541 2848; x_wconf 75' lang='lat' dir='ltr'><strong>erodii,</strong></span> <span class='ocrx_word' id='word_1_336' title='bbox 561 2782 610 2852; x_wconf 75' lang='lat' dir='ltr'><strong>qul</strong></span> <span class='ocrx_word' id='word_1_337' title='bbox 623 2797 723 2840; x_wconf 75' lang='lat' dir='ltr'><strong>senous</strong></span> <span class='ocrx_word' id='word_1_338' title='bbox 736 2791 862 2839; x_wconf 70' lang='lat' dir='ltr'><strong>terrenos</strong></span> <span class='ocrx_word' id='word_1_339' title='bbox 911 2772 973 2830; x_wconf 84' lang='lat' dir='ltr'><strong>heo.</strong></span> <span class='ocrx_word' id='word_1_340' title='bbox 993 2771 1216 2832; x_wconf 88' lang='lat' dir='ltr'><strong>lnlelicissimum</strong></span> <span class='ocrx_word' id='word_1_341' title='bbox 1236 2776 1340 2834; x_wconf 87' lang='lat' dir='ltr'><strong>habens</strong></span> <span class='ocrx_word' id='word_1_342' title='bbox 1361 2793 1376 2832; x_wconf 86' lang='lat' dir='ltr'><strong>a</strong></span> <span class='ocrx_word' id='word_1_343' title='bbox 1402 2778 1447 2836; x_wconf 90' lang='lat' dir='ltr'><strong>sui</strong></span> <span class='ocrx_word' id='word_1_344' title='bbox 1471 2781 1641 2837; x_wconf 88' lang='lat' dir='ltr'><strong>conscientia</strong></span> <span class='ocrx_word' id='word_1_345' title='bbox 1662 2791 1707 2839; x_wconf 87' lang='lat' dir='ltr'><strong>te·</strong></span> 
     </span>
     <span class='ocr_line' id='line_1_28' title="bbox 63 2865 1706 2946; baseline 0.001 -17"><span class='ocrx_word' id='word_1_346' title='bbox 63 2872 186 2943; x_wconf 85' lang='lat' dir='ltr'><strong>accepit,</strong></span> <span class='ocrx_word' id='word_1_347' title='bbox 206 2880 235 2930; x_wconf 90' lang='lat' dir='ltr'><strong>ct</strong></span> <span class='ocrx_word' id='word_1_348' title='bbox 251 2871 402 2946; x_wconf 82' lang='lat' dir='ltr'><strong>duplicavit</strong></span> <span class='ocrx_word' id='word_1_349' title='bbox 426 2874 481 2930; x_wconf 88' lang='lat' dir='ltr'><strong>sibi</strong></span> <span class='ocrx_word' id='word_1_350' title='bbox 502 2874 628 2930; x_wconf 83' lang='lat' dir='ltr'><strong>notitiam</strong></span> <span class='ocrx_word' id='word_1_351' title='bbox 642 2876 806 2940; x_wconf 71' lang='lat' dir='ltr'><strong>celestium,</strong></span> <span class='ocrx_word' id='word_1_352' title='bbox 827 2891 860 2930; x_wconf 81' lang='lat' dir='ltr'><strong>es</strong></span> <span class='ocrx_word' id='word_1_353' title='bbox 913 2865 1086 2932; x_wconf 87' lang='lat' dir='ltr'><strong>stimonium,</strong></span> <span class='ocrx_word' id='word_1_354' title='bbox 1095 2865 1262 2925; x_wconf 88' lang='lat' dir='ltr'><strong>cumdebuit</strong></span> <span class='ocrx_word' id='word_1_355' title='bbox 1271 2869 1433 2942; x_wconf 82' lang='lat' dir='ltr'><strong>simpliciter</strong></span> <span class='ocrx_word' id='word_1_356' title='bbox 1443 2871 1571 2927; x_wconf 88' lang='lat' dir='ltr'><strong>inertiam</strong></span> <span class='ocrx_word' id='word_1_357' title='bbox 1582 2873 1706 2930; x_wconf 87' lang='lat' dir='ltr'><strong>caullteri</strong></span> 
     </span>
     <span class='ocr_line' id='line_1_29' title="bbox 62 2959 1708 3050; baseline 0.001 -31"><span class='ocrx_word' id='word_1_358' title='bbox 62 2965 203 3022; x_wconf 74' lang='lat' dir='ltr'><strong>mentoris</strong></span> <span class='ocrx_word' id='word_1_359' title='bbox 217 2965 860 3050; x_wconf 52' lang='lat' dir='ltr'><strong>intelligenscreatorem.0oihujusmodisunt,</strong></span> <span class='ocrx_word' id='word_1_360' title='bbox 912 2965 940 3013; x_wconf 87' lang='lat' dir='ltr'><strong>ct</strong></span> <span class='ocrx_word' id='word_1_361' title='bbox 953 2972 1034 3014; x_wconf 88' lang='lat' dir='ltr'><strong>orare</strong></span> <span class='ocrx_word' id='word_1_362' title='bbox 1047 2959 1166 3024; x_wconf 86' lang='lat' dir='ltr'><strong>reniam,</strong></span> <span class='ocrx_word' id='word_1_363' title='bbox 1187 2959 1371 3016; x_wconf 87' lang='lat' dir='ltr'><strong>calumniatur</strong></span> <span class='ocrx_word' id='word_1_364' title='bbox 1391 2961 1495 3018; x_wconf 90' lang='lat' dir='ltr'><strong>domini</strong></span> <span class='ocrx_word' id='word_1_365' title='bbox 1515 2963 1657 3032; x_wconf 86' lang='lat' dir='ltr'><strong>duritiam,</strong></span> <span class='ocrx_word' id='word_1_366' title='bbox 1678 2971 1708 3020; x_wconf 92' lang='lat' dir='ltr'><strong>et</strong></span> 
     </span>
     <span class='ocr_line' id='line_1_30' title="bbox 62 3048 1707 3128; baseline 0.001 -17"><span class='ocrx_word' id='word_1_367' title='bbox 62 3057 194 3127; x_wconf 81' lang='lat' dir='ltr'><strong>quamuis</strong></span> <span class='ocrx_word' id='word_1_368' title='bbox 208 3064 355 3128; x_wconf 87' lang='lat' dir='ltr'><strong>penetrare</strong></span> <span class='ocrx_word' id='word_1_369' title='bbox 381 3056 499 3128; x_wconf 78' lang='lat' dir='ltr'><strong>mystica</strong></span> <span class='ocrx_word' id='word_1_370' title='bbox 521 3058 660 3123; x_wconf 88' lang='lat' dir='ltr'><strong>nesciunt,</strong></span> <span class='ocrx_word' id='word_1_371' title='bbox 675 3064 750 3114; x_wconf 84' lang='lat' dir='ltr'><strong>recte</strong></span> <span class='ocrx_word' id='word_1_372' title='bbox 770 3065 861 3112; x_wconf 83' lang='lat' dir='ltr'><strong>tamen</strong></span> <span class='ocrx_word' id='word_1_373' title='bbox 912 3048 975 3106; x_wconf 91' lang='lat' dir='ltr'><strong>idco</strong></span> <span class='ocrx_word' id='word_1_374' title='bbox 987 3049 1187 3122; x_wconf 88' lang='lat' dir='ltr'><strong>qundputahat</strong></span> <span class='ocrx_word' id='word_1_375' title='bbox 1205 3067 1256 3123; x_wconf 92' lang='lat' dir='ltr'><strong>pro</strong></span> <span class='ocrx_word' id='word_1_376' title='bbox 1275 3054 1454 3112; x_wconf 83' lang='lat' dir='ltr'><strong>excusatione</strong></span> <span class='ocrx_word' id='word_1_377' title='bbox 1472 3055 1565 3114; x_wconf 88' lang='lat' dir='ltr'><strong>dicere</strong></span> <span class='ocrx_word' id='word_1_378' title='bbox 1591 3059 1707 3116; x_wconf 85' lang='lat' dir='ltr'><strong>uertitur</strong></span> 
     </span>
     <span class='ocr_line' id='line_1_31' title="bbox 62 3140 1708 3227; baseline 0.002 -23"><span class='ocrx_word' id='word_1_379' title='bbox 62 3149 166 3205; x_wconf 87' lang='lat' dir='ltr'><strong>docent</strong></span> <span class='ocrx_word' id='word_1_380' title='bbox 176 3149 421 3227; x_wconf 71' lang='lat' dir='ltr'><strong>intentionepona.</strong></span> <span class='ocrx_word' id='word_1_381' title='bbox 432 3147 481 3205; x_wconf 92' lang='lat' dir='ltr'><strong>llle</strong></span> <span class='ocrx_word' id='word_1_382' title='bbox 491 3156 584 3206; x_wconf 87' lang='lat' dir='ltr'><strong>autem</strong></span> <span class='ocrx_word' id='word_1_383' title='bbox 595 3151 643 3221; x_wconf 95' lang='lat' dir='ltr'><strong>qui</strong></span> <span class='ocrx_word' id='word_1_384' title='bbox 658 3149 862 3221; x_wconf 88' lang='lat' dir='ltr'><strong>accepitscien·</strong></span> <span class='ocrx_word' id='word_1_385' title='bbox 912 3141 938 3197; x_wconf 81' lang='lat' dir='ltr'><strong>ei</strong></span> <span class='ocrx_word' id='word_1_386' title='bbox 951 3140 981 3196; x_wconf 86' lang='lat' dir='ltr'><strong>iu</strong></span> <span class='ocrx_word' id='word_1_387' title='bbox 990 3141 1109 3214; x_wconf 90' lang='lat' dir='ltr'><strong>culpam.</strong></span> <span class='ocrx_word' id='word_1_388' title='bbox 1122 3141 1314 3200; x_wconf 86' lang='lat' dir='ltr'><strong>Durumuocat</strong></span> <span class='ocrx_word' id='word_1_389' title='bbox 1328 3145 1480 3216; x_wconf 90' lang='lat' dir='ltr'><strong>dominum,</strong></span> <span class='ocrx_word' id='word_1_390' title='bbox 1493 3149 1557 3219; x_wconf 87' lang='lat' dir='ltr'><strong>quia</strong></span> <span class='ocrx_word' id='word_1_391' title='bbox 1567 3150 1652 3206; x_wconf 85' lang='lat' dir='ltr'><strong>ardua</strong></span> <span class='ocrx_word' id='word_1_392' title='bbox 1663 3158 1708 3208; x_wconf 90' lang='lat' dir='ltr'><strong>cst</strong></span> 
     </span>
     <span class='ocr_line' id='line_1_32' title="bbox 61 3233 1707 3319; baseline 0.005 -32"><span class='ocrx_word' id='word_1_393' title='bbox 61 3239 129 3294; x_wconf 76' lang='lat' dir='ltr'><strong>siam</strong></span> <span class='ocrx_word' id='word_1_394' title='bbox 143 3246 177 3295; x_wconf 81' lang='lat' dir='ltr'><strong>es</strong></span> <span class='ocrx_word' id='word_1_395' title='bbox 189 3253 302 3310; x_wconf 77' lang='lat' dir='ltr'><strong>operam</strong></span> <span class='ocrx_word' id='word_1_396' title='bbox 314 3236 486 3319; x_wconf 42' lang='lat' dir='ltr'><strong>peccantem,</strong></span> <span class='ocrx_word' id='word_1_397' title='bbox 503 3246 585 3311; x_wconf 79' lang='lat' dir='ltr'><strong>typos</strong></span> <span class='ocrx_word' id='word_1_398' title='bbox 599 3237 701 3296; x_wconf 76' lang='lat' dir='ltr'><strong>lutosae</strong></span> <span class='ocrx_word' id='word_1_399' title='bbox 714 3238 862 3296; x_wconf 56' lang='lat' dir='ltr'><strong>beatitud</strong></span> <span class='ocrx_word' id='word_1_400' title='bbox 912 3233 958 3288; x_wconf 83' lang='lat' dir='ltr'><strong>riu</strong></span> <span class='ocrx_word' id='word_1_401' title='bbox 975 3249 1037 3305; x_wconf 87' lang='lat' dir='ltr'><strong>quae</strong></span> <span class='ocrx_word' id='word_1_402' title='bbox 1050 3233 1125 3290; x_wconf 91' lang='lat' dir='ltr'><strong>ducit</strong></span> <span class='ocrx_word' id='word_1_403' title='bbox 1135 3235 1169 3292; x_wconf 92' lang='lat' dir='ltr'><strong>ad</strong></span> <span class='ocrx_word' id='word_1_404' title='bbox 1183 3236 1282 3292; x_wconf 88' lang='lat' dir='ltr'><strong>vitam:</strong></span> <span class='ocrx_word' id='word_1_405' title='bbox 1298 3245 1326 3292; x_wconf 90' lang='lat' dir='ltr'><strong>et</strong></span> <span class='ocrx_word' id='word_1_406' title='bbox 1345 3236 1409 3308; x_wconf 89' lang='lat' dir='ltr'><strong>quia</strong></span> <span class='ocrx_word' id='word_1_407' title='bbox 1423 3245 1526 3309; x_wconf 86' lang='lat' dir='ltr'><strong>quanto</strong></span> <span class='ocrx_word' id='word_1_408' title='bbox 1546 3241 1649 3312; x_wconf 79' lang='lat' dir='ltr'><strong>gradus</strong></span> <span class='ocrx_word' id='word_1_409' title='bbox 1666 3242 1707 3298; x_wconf 89' lang='lat' dir='ltr'><strong>al-</strong></span> 
     </span>
     <span class='ocr_line' id='line_1_33' title="bbox 60 3325 1705 3406; baseline 0.005 -27"><span class='ocrx_word' id='word_1_410' title='bbox 60 3334 105 3389; x_wconf 69' lang='lat' dir='ltr'><strong>ote</strong></span> <span class='ocrx_word' id='word_1_411' title='bbox 118 3331 268 3388; x_wconf 54' lang='lat' dir='ltr'><strong>mallens,</strong></span> <span class='ocrx_word' id='word_1_412' title='bbox 279 3331 330 3388; x_wconf 77' lang='lat' dir='ltr'><strong>vet</strong></span> <span class='ocrx_word' id='word_1_413' title='bbox 345 3331 374 3388; x_wconf 75' lang='lat' dir='ltr'><strong>in</strong></span> <span class='ocrx_word' id='word_1_414' title='bbox 392 3331 445 3388; x_wconf 77' lang='lat' dir='ltr'><strong>hoe</strong></span> <span class='ocrx_word' id='word_1_415' title='bbox 459 3333 515 3388; x_wconf 72' lang='lat' dir='ltr'><strong>alie</strong></span> <span class='ocrx_word' id='word_1_416' title='bbox 535 3336 657 3404; x_wconf 71' lang='lat' dir='ltr'><strong>quinquo</strong></span> <span class='ocrx_word' id='word_1_417' title='bbox 672 3339 720 3386; x_wconf 78' lang='lat' dir='ltr'><strong>aus</strong></span> <span class='ocrx_word' id='word_1_418' title='bbox 735 3331 789 3386; x_wconf 81' lang='lat' dir='ltr'><strong>alia</strong></span> <span class='ocrx_word' id='word_1_419' title='bbox 808 3329 864 3388; x_wconf 77' lang='lat' dir='ltr'><strong>(loo</strong></span> <span class='ocrx_word' id='word_1_420' title='bbox 913 3325 979 3390; x_wconf 91' lang='lat' dir='ltr'><strong>tior,</strong></span> <span class='ocrx_word' id='word_1_421' title='bbox 993 3332 1071 3382; x_wconf 90' lang='lat' dir='ltr'><strong>tanto</strong></span> <span class='ocrx_word' id='word_1_422' title='bbox 1086 3341 1168 3383; x_wconf 87' lang='lat' dir='ltr'><strong>casus</strong></span> <span class='ocrx_word' id='word_1_423' title='bbox 1186 3328 1306 3399; x_wconf 73' lang='lat' dir='ltr'><strong>grauior.</strong></span> <span class='ocrx_word' id='word_1_424' title='bbox 1331 3327 1472 3405; x_wconf 80' lang='lat' dir='ltr'><strong>[illerum]</strong></span> <span class='ocrx_word' id='word_1_425' title='bbox 1490 3330 1585 3400; x_wconf 43' lang='lat' dir='ltr'><strong>,lletin</strong></span> <span class='ocrx_word' id='word_1_426' title='bbox 1603 3333 1705 3406; x_wconf 86' lang='lat' dir='ltr'><strong>inquit,</strong></span> 
     </span>
     <span class='ocr_line' id='line_1_34' title="bbox 59 3416 1705 3498; baseline 0.001 -16"><span class='ocrx_word' id='word_1_427' title='bbox 59 3426 182 3482; x_wconf 76' lang='lat' dir='ltr'><strong>ueniunt</strong></span> <span class='ocrx_word' id='word_1_428' title='bbox 195 3425 225 3479; x_wconf 91' lang='lat' dir='ltr'><strong>in</strong></span> <span class='ocrx_word' id='word_1_429' title='bbox 237 3424 355 3490; x_wconf 88' lang='lat' dir='ltr'><strong>lucrum,</strong></span> <span class='ocrx_word' id='word_1_430' title='bbox 367 3425 431 3496; x_wconf 88' lang='lat' dir='ltr'><strong>quia</strong></span> <span class='ocrx_word' id='word_1_431' title='bbox 446 3432 504 3480; x_wconf 88' lang='lat' dir='ltr'><strong>tum</strong></span> <span class='ocrx_word' id='word_1_432' title='bbox 521 3425 631 3496; x_wconf 89' lang='lat' dir='ltr'><strong>utrique</strong></span> <span class='ocrx_word' id='word_1_433' title='bbox 641 3424 720 3482; x_wconf 78' lang='lat' dir='ltr'><strong>scum</strong></span> <span class='ocrx_word' id='word_1_434' title='bbox 732 3425 864 3496; x_wconf 77' lang='lat' dir='ltr'><strong>praedioa·</strong></span> <span class='ocrx_word' id='word_1_435' title='bbox 914 3416 958 3471; x_wconf 81' lang='lat' dir='ltr'><strong>uii</strong></span> <span class='ocrx_word' id='word_1_436' title='bbox 970 3434 1023 3473; x_wconf 90' lang='lat' dir='ltr'><strong>non</strong></span> <span class='ocrx_word' id='word_1_437' title='bbox 1039 3418 1188 3486; x_wconf 73' lang='lat' dir='ltr'><strong>seminasti,</strong></span> <span class='ocrx_word' id='word_1_438' title='bbox 1205 3421 1358 3491; x_wconf 78' lang='lat' dir='ltr'><strong>praecidens</strong></span> <span class='ocrx_word' id='word_1_439' title='bbox 1380 3421 1449 3478; x_wconf 86' lang='lat' dir='ltr'><strong>ialce</strong></span> <span class='ocrx_word' id='word_1_440' title='bbox 1466 3421 1563 3494; x_wconf 82' lang='lat' dir='ltr'><strong>judicii</strong></span> <span class='ocrx_word' id='word_1_441' title='bbox 1577 3425 1705 3498; x_wconf 74' lang='lat' dir='ltr'><strong>gentiles,</strong></span> 
     </span>
     <span class='ocr_line' id='line_1_35' title="bbox 60 3505 1706 3590; baseline 0.009 -32"><span class='ocrx_word' id='word_1_442' title='bbox 60 3516 101 3572; x_wconf 69' lang='lat' dir='ltr'><strong>oo</strong></span> <span class='ocrx_word' id='word_1_443' title='bbox 122 3514 309 3588; x_wconf 61' lang='lat' dir='ltr'><strong>impenditur,</strong></span> <span class='ocrx_word' id='word_1_444' title='bbox 328 3515 409 3587; x_wconf 68' lang='lat' dir='ltr'><strong>quaeq</strong></span> <span class='ocrx_word' id='word_1_445' title='bbox 428 3523 542 3588; x_wconf 51' lang='grc' dir='ltr'><strong>ωυρμ</strong></span> <span class='ocrx_word' id='word_1_446' title='bbox 559 3516 662 3572; x_wconf 73' lang='lat' dir='ltr'><strong>ratense</strong></span> <span class='ocrx_word' id='word_1_447' title='bbox 677 3515 862 3590; x_wconf 64' lang='lat' dir='ltr'><strong>geminantur,</strong></span> <span class='ocrx_word' id='word_1_448' title='bbox 912 3507 1014 3578; x_wconf 83' lang='lat' dir='ltr'><strong>quium</strong></span> <span class='ocrx_word' id='word_1_449' title='bbox 1025 3505 1196 3580; x_wconf 77' lang='lat' dir='ltr'><strong>Scriptorum</strong></span> <span class='ocrx_word' id='word_1_450' title='bbox 1210 3511 1277 3582; x_wconf 79' lang='lat' dir='ltr'><strong>legis</strong></span> <span class='ocrx_word' id='word_1_451' title='bbox 1287 3527 1344 3568; x_wconf 90' lang='lat' dir='ltr'><strong>non</strong></span> <span class='ocrx_word' id='word_1_452' title='bbox 1360 3514 1533 3572; x_wconf 72' lang='lat' dir='ltr'><strong>commisisti.</strong></span> <span class='ocrx_word' id='word_1_453' title='bbox 1547 3515 1706 3590; x_wconf 70' lang='lat' dir='ltr'><strong>Congregas</strong></span> 
     </span>
     <span class='ocr_line' id='line_1_36' title="bbox 59 3600 1706 3681; baseline 0.002 -20"><span class='ocrx_word' id='word_1_454' title='bbox 59 3605 115 3662; x_wconf 74' lang='lat' dir='ltr'><strong>alit</strong></span> <span class='ocrx_word' id='word_1_455' title='bbox 138 3622 265 3679; x_wconf 75' lang='lat' dir='ltr'><strong>musque</strong></span> <span class='ocrx_word' id='word_1_456' title='bbox 282 3606 429 3678; x_wconf 88' lang='lat' dir='ltr'><strong>utriusque</strong></span> <span class='ocrx_word' id='word_1_457' title='bbox 444 3622 528 3664; x_wconf 85' lang='lat' dir='ltr'><strong>sexus</strong></span> <span class='ocrx_word' id='word_1_458' title='bbox 540 3607 624 3663; x_wconf 81' lang='lat' dir='ltr'><strong>uerbo</strong></span> <span class='ocrx_word' id='word_1_459' title='bbox 637 3607 800 3680; x_wconf 84' lang='lat' dir='ltr'><strong>etesemplo</strong></span> <span class='ocrx_word' id='word_1_460' title='bbox 813 3609 865 3664; x_wconf 83' lang='lat' dir='ltr'><strong>do-</strong></span> <span class='ocrx_word' id='word_1_461' title='bbox 913 3600 997 3656; x_wconf 88' lang='lat' dir='ltr'><strong>etiam</strong></span> <span class='ocrx_word' id='word_1_462' title='bbox 1012 3600 1040 3656; x_wconf 90' lang='lat' dir='ltr'><strong>in</strong></span> <span class='ocrx_word' id='word_1_463' title='bbox 1057 3616 1141 3672; x_wconf 77' lang='lat' dir='ltr'><strong>regno</strong></span> <span class='ocrx_word' id='word_1_464' title='bbox 1155 3608 1203 3657; x_wconf 90' lang='lat' dir='ltr'><strong>tuo</strong></span> <span class='ocrx_word' id='word_1_465' title='bbox 1218 3603 1252 3658; x_wconf 93' lang='lat' dir='ltr'><strong>de</strong></span> <span class='ocrx_word' id='word_1_466' title='bbox 1270 3605 1409 3674; x_wconf 70' lang='lat' dir='ltr'><strong>gentibus,</strong></span> <span class='ocrx_word' id='word_1_467' title='bbox 1431 3606 1479 3662; x_wconf 78' lang='lat' dir='ltr'><strong>ulii</strong></span> <span class='ocrx_word' id='word_1_468' title='bbox 1495 3622 1588 3664; x_wconf 84' lang='lat' dir='ltr'><strong>semen</strong></span> <span class='ocrx_word' id='word_1_469' title='bbox 1606 3604 1706 3681; x_wconf 80' lang='lat' dir='ltr'><strong>praedi-</strong></span> 
     </span>
     <span class='ocr_line' id='line_1_37' title="bbox 61 3692 1706 3776; baseline 0.009 -33"><span class='ocrx_word' id='word_1_470' title='bbox 61 3704 180 3754; x_wconf 76' lang='lat' dir='ltr'><strong>esomm</strong></span> <span class='ocrx_word' id='word_1_471' title='bbox 195 3695 295 3754; x_wconf 71' lang='lat' dir='ltr'><strong>florem</strong></span> <span class='ocrx_word' id='word_1_472' title='bbox 315 3697 535 3771; x_wconf 64' lang='lat' dir='ltr'><strong>intelligentius</strong></span> <span class='ocrx_word' id='word_1_473' title='bbox 551 3698 720 3770; x_wconf 73' lang='lat' dir='ltr'><strong>operatione,</strong></span> <span class='ocrx_word' id='word_1_474' title='bbox 735 3699 781 3754; x_wconf 76' lang='lat' dir='ltr'><strong>elii</strong></span> <span class='ocrx_word' id='word_1_475' title='bbox 798 3715 863 3756; x_wconf 80' lang='lat' dir='ltr'><strong>ooo.</strong></span> <span class='ocrx_word' id='word_1_476' title='bbox 913 3692 1030 3750; x_wconf 87' lang='lat' dir='ltr'><strong>cationis</strong></span> <span class='ocrx_word' id='word_1_477' title='bbox 1045 3708 1100 3748; x_wconf 93' lang='lat' dir='ltr'><strong>non</strong></span> <span class='ocrx_word' id='word_1_478' title='bbox 1115 3693 1253 3765; x_wconf 83' lang='lat' dir='ltr'><strong>sparsisti.</strong></span> <span class='ocrx_word' id='word_1_479' title='bbox 1269 3693 1338 3752; x_wconf 87' lang='lat' dir='ltr'><strong>llirrc</strong></span> <span class='ocrx_word' id='word_1_480' title='bbox 1353 3696 1531 3771; x_wconf 76' lang='lat' dir='ltr'><strong>intelligimus</strong></span> <span class='ocrx_word' id='word_1_481' title='bbox 1544 3701 1625 3758; x_wconf 85' lang='lat' dir='ltr'><strong>etiam</strong></span> <span class='ocrx_word' id='word_1_482' title='bbox 1638 3718 1706 3776; x_wconf 74' lang='lat' dir='ltr'><strong>qen·</strong></span> 
     </span>
     <span class='ocr_line' id='line_1_38' title="bbox 59 3785 1706 3866; baseline 0.009 -29"><span class='ocrx_word' id='word_1_483' title='bbox 59 3805 146 3848; x_wconf 69' lang='lat' dir='ltr'><strong>nom</strong></span> <span class='ocrx_word' id='word_1_484' title='bbox 172 3789 362 3848; x_wconf 69' lang='lat' dir='ltr'><strong>moderamine</strong></span> <span class='ocrx_word' id='word_1_485' title='bbox 391 3796 419 3847; x_wconf 82' lang='lat' dir='ltr'><strong>es</strong></span> <span class='ocrx_word' id='word_1_486' title='bbox 437 3789 588 3847; x_wconf 64' lang='lat' dir='ltr'><strong>visibilium</strong></span> <span class='ocrx_word' id='word_1_487' title='bbox 615 3791 862 3863; x_wconf 68' lang='lat' dir='ltr'><strong>contemplatione,</strong></span> <span class='ocrx_word' id='word_1_488' title='bbox 913 3785 1003 3840; x_wconf 87' lang='lat' dir='ltr'><strong>tilium</strong></span> <span class='ocrx_word' id='word_1_489' title='bbox 1019 3793 1046 3840; x_wconf 91' lang='lat' dir='ltr'><strong>et</strong></span> <span class='ocrx_word' id='word_1_490' title='bbox 1064 3785 1286 3858; x_wconf 84' lang='lat' dir='ltr'><strong>philosophorum</strong></span> <span class='ocrx_word' id='word_1_491' title='bbox 1306 3788 1405 3844; x_wconf 89' lang='lat' dir='ltr'><strong>bonam</strong></span> <span class='ocrx_word' id='word_1_492' title='bbox 1421 3791 1504 3846; x_wconf 87' lang='lat' dir='ltr'><strong>uitam</strong></span> <span class='ocrx_word' id='word_1_493' title='bbox 1518 3793 1706 3866; x_wconf 82' lang='lat' dir='ltr'><strong>reciperelio·</strong></span> 
     </span>
     <span class='ocr_line' id='line_1_39' title="bbox 61 3876 1706 3957; baseline 0.004 -19"><span class='ocrx_word' id='word_1_494' title='bbox 61 3883 181 3954; x_wconf 76' lang='lat' dir='ltr'><strong>utrique</strong></span> <span class='ocrx_word' id='word_1_495' title='bbox 194 3897 334 3938; x_wconf 87' lang='lat' dir='ltr'><strong>summum</strong></span> <span class='ocrx_word' id='word_1_496' title='bbox 348 3882 626 3954; x_wconf 82' lang='lat' dir='ltr'><strong>bonumquaereutes.</strong></span> <span class='ocrx_word' id='word_1_497' title='bbox 913 3876 1030 3942; x_wconf 89' lang='lat' dir='ltr'><strong>minum,</strong></span> <span class='ocrx_word' id='word_1_498' title='bbox 1050 3884 1077 3933; x_wconf 91' lang='lat' dir='ltr'><strong>et</strong></span> <span class='ocrx_word' id='word_1_499' title='bbox 1103 3876 1138 3932; x_wconf 89' lang='lat' dir='ltr'><strong>ad</strong></span> <span class='ocrx_word' id='word_1_500' title='bbox 1156 3880 1387 3950; x_wconf 84' lang='lat' dir='ltr'><strong>comparationem</strong></span> <span class='ocrx_word' id='word_1_501' title='bbox 1401 3897 1497 3939; x_wconf 90' lang='lat' dir='ltr'><strong>eorum</strong></span> <span class='ocrx_word' id='word_1_502' title='bbox 1520 3886 1568 3957; x_wconf 91' lang='lat' dir='ltr'><strong>qui</strong></span> <span class='ocrx_word' id='word_1_503' title='bbox 1585 3888 1706 3944; x_wconf 90' lang='lat' dir='ltr'><strong>naturali</strong></span> 
     </span>
    </p>

    <p class='ocr_par' dir='ltr' id='par_1_7' title="bbox 59 3965 1706 4141">
     <span class='ocr_line' id='line_1_40' title="bbox 97 3965 1706 4048; baseline 0.005 -23"><span class='ocrx_word' id='word_1_504' title='bbox 97 3973 156 4040; x_wconf 80' lang='lat' dir='ltr'><strong>Qui</strong></span> <span class='ocrx_word' id='word_1_505' title='bbox 170 3971 609 4042; x_wconf 76' lang='lat' dir='ltr'><strong>cummanumocccpcrct,siiens</strong></span> <span class='ocrx_word' id='word_1_506' title='bbox 620 3970 689 4042; x_wconf 69' lang='lat' dir='ltr'><strong>ladit</strong></span> <span class='ocrx_word' id='word_1_507' title='bbox 704 3971 734 4027; x_wconf 90' lang='lat' dir='ltr'><strong>in</strong></span> <span class='ocrx_word' id='word_1_508' title='bbox 749 3982 864 4043; x_wconf 86' lang='lat' dir='ltr'><strong>terro‚et</strong></span> <span class='ocrx_word' id='word_1_509' title='bbox 914 3966 965 4038; x_wconf 74' lang='lat' dir='ltr'><strong>legi</strong></span> <span class='ocrx_word' id='word_1_510' title='bbox 985 3965 1119 4033; x_wconf 85' lang='lat' dir='ltr'><strong>seruiunt,</strong></span> <span class='ocrx_word' id='word_1_511' title='bbox 1137 3967 1314 4024; x_wconf 89' lang='lat' dir='ltr'><strong>condemnari</strong></span> <span class='ocrx_word' id='word_1_512' title='bbox 1332 3985 1380 4026; x_wconf 91' lang='lat' dir='ltr'><strong>eos</strong></span> <span class='ocrx_word' id='word_1_513' title='bbox 1404 3972 1450 4042; x_wconf 90' lang='lat' dir='ltr'><strong>qui</strong></span> <span class='ocrx_word' id='word_1_514' title='bbox 1467 3975 1597 4044; x_wconf 87' lang='lat' dir='ltr'><strong>scriptam</strong></span> <span class='ocrx_word' id='word_1_515' title='bbox 1619 3977 1706 4048; x_wconf 77' lang='lat' dir='ltr'><strong>ueqli·</strong></span> 
     </span>
     <span class='ocr_line' id='line_1_41' title="bbox 59 4055 1704 4141; baseline 0.009 -34"><span class='ocrx_word' id='word_1_516' title='bbox 59 4062 209 4122; x_wconf 60' lang='lat' dir='ltr'><strong>,emmo</strong></span> <span class='ocrx_word' id='word_1_517' title='bbox 219 4063 358 4134; x_wconf 52' lang='lat' dir='ltr'><strong>pecunioso</strong></span> <span class='ocrx_word' id='word_1_518' title='bbox 369 4063 470 4120; x_wconf 64' lang='lat' dir='ltr'><strong>comior·</strong></span> <span class='ocrx_word' id='word_1_519' title='bbox 479 4065 532 4119; x_wconf 67' lang='lat' dir='ltr'><strong>eos,</strong></span> <span class='ocrx_word' id='word_1_520' title='bbox 913 4067 990 4129; x_wconf 78' lang='lat' dir='ltr'><strong>qum.</strong></span> <span class='ocrx_word' id='word_1_521' title='bbox 1003 4055 1146 4131; x_wconf 74' lang='lat' dir='ltr'><strong>[Gnaeum]</strong></span> <span class='ocrx_word' id='word_1_522' title='bbox 1163 4055 1233 4113; x_wconf 84' lang='lat' dir='ltr'><strong>Sunt</strong></span> <span class='ocrx_word' id='word_1_523' title='bbox 1244 4059 1366 4131; x_wconf 86' lang='lat' dir='ltr'><strong>plerique</strong></span> <span class='ocrx_word' id='word_1_524' title='bbox 1380 4060 1451 4116; x_wconf 85' lang='lat' dir='ltr'><strong>intra</strong></span> <span class='ocrx_word' id='word_1_525' title='bbox 1463 4059 1623 4141; x_wconf 85' lang='lat' dir='ltr'><strong>Ecclesiam,</strong></span> <span class='ocrx_word' id='word_1_526' title='bbox 1633 4082 1704 4138; x_wconf 86' lang='lat' dir='ltr'><strong>quo·</strong></span> 
     </span>
    </p>

    <p class='ocr_par' dir='ltr' id='par_1_8' title="bbox 59 4151 1705 4621">
     <span class='ocr_line' id='line_1_42' title="bbox 95 4151 1705 4228; baseline 0.009 -24"><span class='ocrx_word' id='word_1_527' title='bbox 95 4154 228 4228; x_wconf 71' lang='lat' dir='ltr'><strong>Nequam</strong></span> <span class='ocrx_word' id='word_1_528' title='bbox 251 4170 348 4212; x_wconf 77' lang='lat' dir='ltr'><strong>servae</strong></span> <span class='ocrx_word' id='word_1_529' title='bbox 368 4155 397 4211; x_wconf 79' lang='lat' dir='ltr'><strong>in</strong></span> <span class='ocrx_word' id='word_1_530' title='bbox 416 4155 546 4227; x_wconf 75' lang='lat' dir='ltr'><strong>operibus</strong></span> <span class='ocrx_word' id='word_1_531' title='bbox 561 4155 678 4213; x_wconf 80' lang='lat' dir='ltr'><strong>terrenis</strong></span> <span class='ocrx_word' id='word_1_532' title='bbox 699 4156 792 4228; x_wconf 78' lang='lat' dir='ltr'><strong>posuit</strong></span> <span class='ocrx_word' id='word_1_533' title='bbox 814 4157 864 4214; x_wconf 80' lang='lat' dir='ltr'><strong>do-</strong></span> <span class='ocrx_word' id='word_1_534' title='bbox 913 4167 975 4206; x_wconf 89' lang='lat' dir='ltr'><strong>rum</strong></span> <span class='ocrx_word' id='word_1_535' title='bbox 985 4151 1074 4208; x_wconf 90' lang='lat' dir='ltr'><strong>malus</strong></span> <span class='ocrx_word' id='word_1_536' title='bbox 1085 4166 1181 4208; x_wconf 86' lang='lat' dir='ltr'><strong>seruus</strong></span> <span class='ocrx_word' id='word_1_537' title='bbox 1193 4151 1338 4224; x_wconf 76' lang='lat' dir='ltr'><strong>imaginem</strong></span> <span class='ocrx_word' id='word_1_538' title='bbox 1353 4161 1437 4220; x_wconf 90' lang='lat' dir='ltr'><strong>tonet,</strong></span> <span class='ocrx_word' id='word_1_539' title='bbox 1451 4157 1497 4228; x_wconf 91' lang='lat' dir='ltr'><strong>qul</strong></span> <span class='ocrx_word' id='word_1_540' title='bbox 1509 4157 1632 4216; x_wconf 86' lang='lat' dir='ltr'><strong>melioris</strong></span> <span class='ocrx_word' id='word_1_541' title='bbox 1640 4161 1705 4218; x_wconf 84' lang='lat' dir='ltr'><strong>uitat</strong></span> 
     </span>
     <span class='ocr_line' id='line_1_43' title="bbox 59 4243 1705 4322; baseline 0.012 -30"><span class='ocrx_word' id='word_1_542' title='bbox 59 4247 200 4313; x_wconf 55' lang='lat' dir='ltr'><strong>manaan,</strong></span> <span class='ocrx_word' id='word_1_543' title='bbox 210 4261 293 4318; x_wconf 77' lang='lat' dir='ltr'><strong>qoem</strong></span> <span class='ocrx_word' id='word_1_544' title='bbox 306 4245 379 4303; x_wconf 79' lang='lat' dir='ltr'><strong>neue</strong></span> <span class='ocrx_word' id='word_1_545' title='bbox 391 4247 417 4303; x_wconf 73' lang='lat' dir='ltr'><strong>ei</strong></span> <span class='ocrx_word' id='word_1_546' title='bbox 427 4246 512 4303; x_wconf 72' lang='lat' dir='ltr'><strong>dedis,</strong></span> <span class='ocrx_word' id='word_1_547' title='bbox 523 4246 593 4302; x_wconf 79' lang='lat' dir='ltr'><strong>Nem</strong></span> <span class='ocrx_word' id='word_1_548' title='bbox 602 4248 734 4304; x_wconf 70' lang='lat' dir='ltr'><strong>talentum</strong></span> <span class='ocrx_word' id='word_1_549' title='bbox 745 4250 863 4306; x_wconf 61' lang='lat' dir='ltr'><strong>orroeon.</strong></span> <span class='ocrx_word' id='word_1_550' title='bbox 913 4243 973 4299; x_wconf 87' lang='lat' dir='ltr'><strong>rias</strong></span> <span class='ocrx_word' id='word_1_551' title='bbox 983 4244 1093 4316; x_wconf 77' lang='lat' dir='ltr'><strong>aggredi</strong></span> <span class='ocrx_word' id='word_1_552' title='bbox 1105 4251 1238 4310; x_wconf 89' lang='lat' dir='ltr'><strong>metuunt,</strong></span> <span class='ocrx_word' id='word_1_553' title='bbox 1247 4255 1275 4301; x_wconf 91' lang='lat' dir='ltr'><strong>ct</strong></span> <span class='ocrx_word' id='word_1_554' title='bbox 1285 4252 1376 4302; x_wconf 89' lang='lat' dir='ltr'><strong>tamen</strong></span> <span class='ocrx_word' id='word_1_555' title='bbox 1383 4247 1477 4318; x_wconf 88' lang='lat' dir='ltr'><strong>jacere</strong></span> <span class='ocrx_word' id='word_1_556' title='bbox 1488 4249 1515 4303; x_wconf 90' lang='lat' dir='ltr'><strong>in</strong></span> <span class='ocrx_word' id='word_1_557' title='bbox 1527 4249 1569 4306; x_wconf 90' lang='lat' dir='ltr'><strong>sui</strong></span> <span class='ocrx_word' id='word_1_558' title='bbox 1583 4253 1705 4322; x_wconf 85' lang='lat' dir='ltr'><strong>torporis</strong></span> 
     </span>
     <span class='ocr_line' id='line_1_44' title="bbox 59 4335 1705 4411; baseline 0.006 -19"><span class='ocrx_word' id='word_1_559' title='bbox 59 4339 140 4402; x_wconf 86' lang='lat' dir='ltr'><strong>dere,</strong></span> <span class='ocrx_word' id='word_1_560' title='bbox 158 4345 206 4395; x_wconf 71' lang='lat' dir='ltr'><strong>rat</strong></span> <span class='ocrx_word' id='word_1_561' title='bbox 219 4353 268 4393; x_wconf 91' lang='lat' dir='ltr'><strong>cor</strong></span> <span class='ocrx_word' id='word_1_562' title='bbox 288 4353 429 4411; x_wconf 86' lang='lat' dir='ltr'><strong>nunquam</strong></span> <span class='ocrx_word' id='word_1_563' title='bbox 457 4355 474 4395; x_wconf 83' lang='lat' dir='ltr'><strong>a</strong></span> <span class='ocrx_word' id='word_1_564' title='bbox 495 4339 612 4396; x_wconf 80' lang='lat' dir='ltr'><strong>terrenis</strong></span> <span class='ocrx_word' id='word_1_565' title='bbox 640 4339 757 4400; x_wconf 80' lang='lat' dir='ltr'><strong>elevare,</strong></span> <span class='ocrx_word' id='word_1_566' title='bbox 786 4340 864 4400; x_wconf 64' lang='lat' dir='ltr'><strong>Ueste</strong></span> <span class='ocrx_word' id='word_1_567' title='bbox 913 4335 1023 4407; x_wconf 76' lang='lat' dir='ltr'><strong>ignaria</strong></span> <span class='ocrx_word' id='word_1_568' title='bbox 1048 4351 1104 4391; x_wconf 93' lang='lat' dir='ltr'><strong>non</strong></span> <span class='ocrx_word' id='word_1_569' title='bbox 1123 4337 1330 4408; x_wconf 87' lang='lat' dir='ltr'><strong>pertimescunt.</strong></span> <span class='ocrx_word' id='word_1_570' title='bbox 1350 4337 1473 4410; x_wconf 84' lang='lat' dir='ltr'><strong>Cumque</strong></span> <span class='ocrx_word' id='word_1_571' title='bbox 1492 4351 1649 4411; x_wconf 83' lang='lat' dir='ltr'><strong>peccatores</strong></span> <span class='ocrx_word' id='word_1_572' title='bbox 1672 4359 1705 4402; x_wconf 84' lang='lat' dir='ltr'><strong>se</strong></span> 
     </span>
     <span class='ocr_line' id='line_1_45' title="bbox 59 4427 1704 4506; baseline 0.004 -20"><span class='ocrx_word' id='word_1_573' title='bbox 59 4432 220 4502; x_wconf 79' lang='lat' dir='ltr'><strong>propbeta:</strong></span> <span class='ocrx_word' id='word_1_574' title='bbox 244 4429 380 4500; x_wconf 82' lang='lat' dir='ltr'><strong>Sapientes</strong></span> <span class='ocrx_word' id='word_1_575' title='bbox 397 4441 459 4487; x_wconf 84' lang='lat' dir='ltr'><strong>sunt</strong></span> <span class='ocrx_word' id='word_1_576' title='bbox 473 4440 503 4487; x_wconf 87' lang='lat' dir='ltr'><strong>ut</strong></span> <span class='ocrx_word' id='word_1_577' title='bbox 518 4432 618 4502; x_wconf 72' lang='lat' dir='ltr'><strong>[amant</strong></span> <span class='ocrx_word' id='word_1_578' title='bbox 633 4433 716 4501; x_wconf 86' lang='lat' dir='ltr'><strong>malo,</strong></span> <span class='ocrx_word' id='word_1_579' title='bbox 733 4433 795 4490; x_wconf 82' lang='lat' dir='ltr'><strong>lesse</strong></span> <span class='ocrx_word' id='word_1_580' title='bbox 813 4453 863 4492; x_wconf 80' lang='lat' dir='ltr'><strong>oo.</strong></span> <span class='ocrx_word' id='word_1_581' title='bbox 913 4427 1101 4495; x_wconf 87' lang='lat' dir='ltr'><strong>considerant,</strong></span> <span class='ocrx_word' id='word_1_582' title='bbox 1123 4429 1277 4486; x_wconf 88' lang='lat' dir='ltr'><strong>sanctitatis</strong></span> <span class='ocrx_word' id='word_1_583' title='bbox 1300 4431 1359 4486; x_wconf 84' lang='lat' dir='ltr'><strong>uias</strong></span> <span class='ocrx_word' id='word_1_584' title='bbox 1382 4431 1503 4504; x_wconf 88' lang='lat' dir='ltr'><strong>arripere</strong></span> <span class='ocrx_word' id='word_1_585' title='bbox 1515 4435 1661 4506; x_wconf 86' lang='lat' dir='ltr'><strong>trepidant,</strong></span> <span class='ocrx_word' id='word_1_586' title='bbox 1675 4445 1704 4494; x_wconf 87' lang='lat' dir='ltr'><strong>et</strong></span> 
     </span>
     <span class='ocr_line' id='line_1_46' title="bbox 60 4520 1619 4621; baseline 0.004 -44"><span class='ocrx_word' id='word_1_587' title='bbox 60 4531 115 4577; x_wconf 74' lang='lat' dir='ltr'><strong>um</strong></span> <span class='ocrx_word' id='word_1_588' title='bbox 130 4521 225 4592; x_wconf 71' lang='lat' dir='ltr'><strong>[acere</strong></span> <span class='ocrx_word' id='word_1_589' title='bbox 238 4522 357 4577; x_wconf 89' lang='lat' dir='ltr'><strong>nesciunt</strong></span> <span class='ocrx_word' id='word_1_590' title='bbox 369 4520 437 4594; x_wconf 74' lang='lat' dir='ltr'><strong>(der.</strong></span> <span class='ocrx_word' id='word_1_591' title='bbox 450 4522 499 4594; x_wconf 89' lang='lat' dir='ltr'><strong>rr).</strong></span> <span class='ocrx_word' id='word_1_592' title='bbox 879 4536 1055 4621; x_wconf 57' lang='lat' dir='ltr'><strong>„remanere</strong></span> <span class='ocrx_word' id='word_1_593' title='bbox 1070 4521 1098 4577; x_wconf 90' lang='lat' dir='ltr'><strong>in</strong></span> <span class='ocrx_word' id='word_1_594' title='bbox 1112 4522 1170 4578; x_wconf 91' lang='lat' dir='ltr'><strong>suis</strong></span> <span class='ocrx_word' id='word_1_595' title='bbox 1185 4521 1377 4593; x_wconf 81' lang='lat' dir='ltr'><strong>iniquitatibus</strong></span> <span class='ocrx_word' id='word_1_596' title='bbox 1389 4539 1445 4579; x_wconf 94' lang='lat' dir='ltr'><strong>non</strong></span> <span class='ocrx_word' id='word_1_597' title='bbox 1461 4523 1619 4584; x_wconf 75' lang='lat' dir='ltr'><strong>formidant.</strong></span> 
     </span>
    </p>

    <p class='ocr_par' dir='ltr' id='par_1_9' title="bbox 58 4611 1717 4786">
     <span class='ocr_line' id='line_1_47' title="bbox 96 4611 1704 4687; baseline 0.006 -19"><span class='ocrx_word' id='word_1_598' title='bbox 96 4612 171 4668; x_wconf 84' lang='lat' dir='ltr'><strong>Post</strong></span> <span class='ocrx_word' id='word_1_599' title='bbox 191 4611 304 4667; x_wconf 86' lang='lat' dir='ltr'><strong>multum</strong></span> <span class='ocrx_word' id='word_1_600' title='bbox 318 4630 379 4668; x_wconf 86' lang='lat' dir='ltr'><strong>aero</strong></span> <span class='ocrx_word' id='word_1_601' title='bbox 399 4613 522 4684; x_wconf 82' lang='lat' dir='ltr'><strong>temporis</strong></span> <span class='ocrx_word' id='word_1_602' title='bbox 542 4615 610 4670; x_wconf 85' lang='lat' dir='ltr'><strong>uenit</strong></span> <span class='ocrx_word' id='word_1_603' title='bbox 632 4614 756 4674; x_wconf 88' lang='lat' dir='ltr'><strong>dominus</strong></span> <span class='ocrx_word' id='word_1_604' title='bbox 773 4635 861 4675; x_wconf 76' lang='lat' dir='ltr'><strong>smac-</strong></span> <span class='ocrx_word' id='word_1_605' title='bbox 949 4611 1114 4684; x_wconf 55' lang='lat' dir='ltr'><strong>dependens</strong></span> <span class='ocrx_word' id='word_1_606' title='bbox 1130 4624 1217 4670; x_wconf 87' lang='lat' dir='ltr'><strong>autem</strong></span> <span class='ocrx_word' id='word_1_607' title='bbox 1235 4614 1358 4670; x_wconf 78' lang='lat' dir='ltr'><strong>domium</strong></span> <span class='ocrx_word' id='word_1_608' title='bbox 1371 4617 1446 4687; x_wconf 78' lang='lat' dir='ltr'><strong>ejus,</strong></span> <span class='ocrx_word' id='word_1_609' title='bbox 1468 4617 1536 4673; x_wconf 81' lang='lat' dir='ltr'><strong>dicit</strong></span> <span class='ocrx_word' id='word_1_610' title='bbox 1558 4620 1599 4674; x_wconf 84' lang='lat' dir='ltr'><strong>ei:</strong></span> <span class='ocrx_word' id='word_1_611' title='bbox 1625 4619 1704 4678; x_wconf 84' lang='lat' dir='ltr'><strong>Serre</strong></span> 
     </span>
     <span class='ocr_line' id='line_1_48' title="bbox 58 4703 1717 4786; baseline 0.007 -27"><span class='ocrx_word' id='word_1_612' title='bbox 58 4721 124 4759; x_wconf 75' lang='lat' dir='ltr'><strong>nm</strong></span> <span class='ocrx_word' id='word_1_613' title='bbox 134 4703 251 4759; x_wconf 84' lang='lat' dir='ltr'><strong>illorum</strong></span> <span class='ocrx_word' id='word_1_614' title='bbox 260 4713 285 4758; x_wconf 88' lang='lat' dir='ltr'><strong>et</strong></span> <span class='ocrx_word' id='word_1_615' title='bbox 298 4705 386 4774; x_wconf 84' lang='lat' dir='ltr'><strong>posuit</strong></span> <span class='ocrx_word' id='word_1_616' title='bbox 400 4705 529 4760; x_wconf 86' lang='lat' dir='ltr'><strong>rationem</strong></span> <span class='ocrx_word' id='word_1_617' title='bbox 545 4721 604 4759; x_wconf 87' lang='lat' dir='ltr'><strong>cnm</strong></span> <span class='ocrx_word' id='word_1_618' title='bbox 613 4705 662 4762; x_wconf 90' lang='lat' dir='ltr'><strong>eis.</strong></span> <span class='ocrx_word' id='word_1_619' title='bbox 914 4705 1022 4759; x_wconf 87' lang='lat' dir='ltr'><strong>mulcet</strong></span> <span class='ocrx_word' id='word_1_620' title='bbox 1040 4707 1123 4776; x_wconf 75' lang='lat' dir='ltr'><strong>piper,</strong></span> <span class='ocrx_word' id='word_1_621' title='bbox 1146 4706 1247 4762; x_wconf 76' lang='lat' dir='ltr'><strong>sciebas</strong></span> <span class='ocrx_word' id='word_1_622' title='bbox 1258 4709 1321 4778; x_wconf 86' lang='lat' dir='ltr'><strong>quia</strong></span> <span class='ocrx_word' id='word_1_623' title='bbox 1339 4717 1407 4764; x_wconf 88' lang='lat' dir='ltr'><strong>meto</strong></span> <span class='ocrx_word' id='word_1_624' title='bbox 1421 4709 1467 4764; x_wconf 84' lang='lat' dir='ltr'><strong>udi</strong></span> <span class='ocrx_word' id='word_1_625' title='bbox 1479 4728 1531 4766; x_wconf 91' lang='lat' dir='ltr'><strong>non</strong></span> <span class='ocrx_word' id='word_1_626' title='bbox 1542 4714 1658 4779; x_wconf 87' lang='lat' dir='ltr'><strong>sentino,</strong></span> <span class='ocrx_word' id='word_1_627' title='bbox 1677 4723 1717 4786; x_wconf 80' lang='lat' dir='ltr'><strong>et</strong></span> 
     </span>
    </p>

    <p class='ocr_par' dir='ltr' id='par_1_10' title="bbox 58 4793 1705 5151">
     <span class='ocr_line' id='line_1_49' title="bbox 96 4793 1705 4876; baseline 0.007 -26"><span class='ocrx_word' id='word_1_628' title='bbox 96 4793 163 4851; x_wconf 80' lang='lat' dir='ltr'><strong>Hoc</strong></span> <span class='ocrx_word' id='word_1_629' title='bbox 181 4794 210 4849; x_wconf 92' lang='lat' dir='ltr'><strong>in</strong></span> <span class='ocrx_word' id='word_1_630' title='bbox 225 4794 348 4851; x_wconf 74' lang='lat' dir='ltr'><strong>amando</strong></span> <span class='ocrx_word' id='word_1_631' title='bbox 368 4793 477 4851; x_wconf 72' lang='lat' dir='ltr'><strong>ltomini</strong></span> <span class='ocrx_word' id='word_1_632' title='bbox 489 4795 609 4854; x_wconf 82' lang='lat' dir='ltr'><strong>aduentu</strong></span> <span class='ocrx_word' id='word_1_633' title='bbox 629 4797 685 4854; x_wconf 90' lang='lat' dir='ltr'><strong>liet.</strong></span> <span class='ocrx_word' id='word_1_634' title='bbox 703 4796 732 4854; x_wconf 87' lang='lat' dir='ltr'><strong>Si</strong></span> <span class='ocrx_word' id='word_1_635' title='bbox 746 4800 863 4871; x_wconf 87' lang='lat' dir='ltr'><strong>apostoli</strong></span> <span class='ocrx_word' id='word_1_636' title='bbox 914 4812 1041 4869; x_wconf 80' lang='lat' dir='ltr'><strong>ccnqreqo</strong></span> <span class='ocrx_word' id='word_1_637' title='bbox 1055 4796 1099 4852; x_wconf 86' lang='lat' dir='ltr'><strong>uli</strong></span> <span class='ocrx_word' id='word_1_638' title='bbox 1113 4815 1165 4853; x_wconf 90' lang='lat' dir='ltr'><strong>non</strong></span> <span class='ocrx_word' id='word_1_639' title='bbox 1180 4800 1277 4868; x_wconf 86' lang='lat' dir='ltr'><strong>sparsi.</strong></span> <span class='ocrx_word' id='word_1_640' title='bbox 1298 4799 1419 4870; x_wconf 81' lang='lat' dir='ltr'><strong>oportuit</strong></span> <span class='ocrx_word' id='word_1_641' title='bbox 1433 4820 1494 4876; x_wconf 81' lang='lat' dir='ltr'><strong>erqo</strong></span> <span class='ocrx_word' id='word_1_642' title='bbox 1509 4813 1532 4859; x_wconf 88' lang='lat' dir='ltr'><strong>tc</strong></span> <span class='ocrx_word' id='word_1_643' title='bbox 1543 4807 1705 4868; x_wconf 78' lang='lat' dir='ltr'><strong>committere</strong></span> 
     </span>
     <span class='ocr_line' id='line_1_50' title="bbox 58 4888 1703 4971; baseline 0.007 -27"><span class='ocrx_word' id='word_1_644' title='bbox 58 4888 207 4944; x_wconf 84' lang='lat' dir='ltr'><strong>reddituri</strong></span> <span class='ocrx_word' id='word_1_645' title='bbox 220 4895 286 4944; x_wconf 93' lang='lat' dir='ltr'><strong>sunt</strong></span> <span class='ocrx_word' id='word_1_646' title='bbox 299 4891 446 4956; x_wconf 88' lang='lat' dir='ltr'><strong>rationem,</strong></span> <span class='ocrx_word' id='word_1_647' title='bbox 459 4899 488 4946; x_wconf 90' lang='lat' dir='ltr'><strong>et</strong></span> <span class='ocrx_word' id='word_1_648' title='bbox 500 4891 552 4946; x_wconf 88' lang='lat' dir='ltr'><strong>sub</strong></span> <span class='ocrx_word' id='word_1_649' title='bbox 566 4899 641 4948; x_wconf 90' lang='lat' dir='ltr'><strong>metu</strong></span> <span class='ocrx_word' id='word_1_650' title='bbox 651 4892 755 4962; x_wconf 80' lang='lat' dir='ltr'><strong>judicis</strong></span> <span class='ocrx_word' id='word_1_651' title='bbox 769 4910 863 4951; x_wconf 88' lang='lat' dir='ltr'><strong>resur·</strong></span> <span class='ocrx_word' id='word_1_652' title='bbox 914 4891 1051 4960; x_wconf 84' lang='lat' dir='ltr'><strong>pecuniam</strong></span> <span class='ocrx_word' id='word_1_653' title='bbox 1057 4907 1141 4945; x_wconf 79' lang='lat' dir='ltr'><strong>oseam</strong></span> <span class='ocrx_word' id='word_1_654' title='bbox 1153 4893 1337 4952; x_wconf 85' lang='lat' dir='ltr'><strong>nummulariis</strong></span> <span class='ocrx_word' id='word_1_655' title='bbox 1351 4904 1377 4950; x_wconf 89' lang='lat' dir='ltr'><strong>et</strong></span> <span class='ocrx_word' id='word_1_656' title='bbox 1385 4897 1487 4953; x_wconf 86' lang='lat' dir='ltr'><strong>ueniens</strong></span> <span class='ocrx_word' id='word_1_657' title='bbox 1495 4915 1541 4971; x_wconf 85' lang='lat' dir='ltr'><strong>cqc</strong></span> <span class='ocrx_word' id='word_1_658' title='bbox 1551 4902 1703 4970; x_wconf 83' lang='lat' dir='ltr'><strong>recepissem</strong></span> 
     </span>
     <span class='ocr_line' id='line_1_51' title="bbox 59 4977 1415 5054; baseline 0.007 -18"><span class='ocrx_word' id='word_1_659' title='bbox 59 4978 188 5044; x_wconf 88' lang='lat' dir='ltr'><strong>recturi,</strong></span> <span class='ocrx_word' id='word_1_660' title='bbox 203 4979 270 5051; x_wconf 90' lang='lat' dir='ltr'><strong>quid</strong></span> <span class='ocrx_word' id='word_1_661' title='bbox 291 4979 360 5036; x_wconf 85' lang='lat' dir='ltr'><strong>nosl</strong></span> <span class='ocrx_word' id='word_1_662' title='bbox 383 4977 558 5053; x_wconf 69' lang='lat' dir='ltr'><strong>Singulorum</strong></span> <span class='ocrx_word' id='word_1_663' title='bbox 579 4981 760 5040; x_wconf 87' lang='lat' dir='ltr'><strong>discutientur</strong></span> <span class='ocrx_word' id='word_1_664' title='bbox 774 4995 862 5052; x_wconf 86' lang='lat' dir='ltr'><strong>actus,</strong></span> <span class='ocrx_word' id='word_1_665' title='bbox 915 4984 1004 5054; x_wconf 82' lang='lat' dir='ltr'><strong>utiquc</strong></span> <span class='ocrx_word' id='word_1_666' title='bbox 1017 4981 1086 5054; x_wconf 74' lang='lat' dir='ltr'><strong>thd</strong></span> <span class='ocrx_word' id='word_1_667' title='bbox 1102 4999 1187 5038; x_wconf 70' lang='lat' dir='ltr'><strong>rreum</strong></span> <span class='ocrx_word' id='word_1_668' title='bbox 1198 4994 1236 5040; x_wconf 83' lang='lat' dir='ltr'><strong>est</strong></span> <span class='ocrx_word' id='word_1_669' title='bbox 1247 5002 1306 5040; x_wconf 84' lang='lat' dir='ltr'><strong>cum</strong></span> <span class='ocrx_word' id='word_1_670' title='bbox 1322 5003 1415 5045; x_wconf 86' lang='lat' dir='ltr'><strong>usura.</strong></span> 
     </span>
     <span class='ocr_line' id='line_1_52' title="bbox 60 5071 1705 5151; baseline 0.01 -24"><span class='ocrx_word' id='word_1_671' title='bbox 60 5080 223 5128; x_wconf 68' lang='lat' dir='ltr'><strong>manante</strong></span> <span class='ocrx_word' id='word_1_672' title='bbox 234 5072 278 5127; x_wconf 86' lang='lat' dir='ltr'><strong>rel</strong></span> <span class='ocrx_word' id='word_1_673' title='bbox 292 5079 440 5128; x_wconf 80' lang='lat' dir='ltr'><strong>excusante</strong></span> <span class='ocrx_word' id='word_1_674' title='bbox 450 5073 620 5129; x_wconf 87' lang='lat' dir='ltr'><strong>conscientia</strong></span> <span class='ocrx_word' id='word_1_675' title='bbox 631 5091 863 5150; x_wconf 88' lang='lat' dir='ltr'><strong>unumquemque.</strong></span> <span class='ocrx_word' id='word_1_676' title='bbox 950 5071 1052 5130; x_wconf 75' lang='lat' dir='ltr'><strong>Serum</strong></span> <span class='ocrx_word' id='word_1_677' title='bbox 1077 5075 1165 5130; x_wconf 90' lang='lat' dir='ltr'><strong>malas</strong></span> <span class='ocrx_word' id='word_1_678' title='bbox 1187 5077 1348 5146; x_wconf 73' lang='lat' dir='ltr'><strong>appellatur,</strong></span> <span class='ocrx_word' id='word_1_679' title='bbox 1364 5080 1428 5151; x_wconf 65' lang='lat' dir='ltr'><strong>quia</strong></span> <span class='ocrx_word' id='word_1_680' title='bbox 1449 5080 1615 5136; x_wconf 64' lang='lat' dir='ltr'><strong>calumniam</strong></span> <span class='ocrx_word' id='word_1_681' title='bbox 1638 5081 1705 5140; x_wconf 77' lang='lat' dir='ltr'><strong>facil</strong></span> 
     </span>
    </p>

    <p class='ocr_par' dir='ltr' id='par_1_11' title="bbox 60 5161 1705 5520">
     <span class='ocr_line' id='line_1_53' title="bbox 99 5161 1704 5245; baseline 0.009 -28"><span class='ocrx_word' id='word_1_682' title='bbox 99 5161 139 5217; x_wconf 80' lang='lat' dir='ltr'><strong>Et</strong></span> <span class='ocrx_word' id='word_1_683' title='bbox 156 5161 284 5218; x_wconf 85' lang='lat' dir='ltr'><strong>accedens</strong></span> <span class='ocrx_word' id='word_1_684' title='bbox 298 5163 344 5235; x_wconf 86' lang='lat' dir='ltr'><strong>qui</strong></span> <span class='ocrx_word' id='word_1_685' title='bbox 356 5164 469 5235; x_wconf 82' lang='lat' dir='ltr'><strong>quinque</strong></span> <span class='ocrx_word' id='word_1_686' title='bbox 488 5165 590 5220; x_wconf 81' lang='lat' dir='ltr'><strong>taleme</strong></span> <span class='ocrx_word' id='word_1_687' title='bbox 605 5177 750 5237; x_wconf 84' lang='lat' dir='ltr'><strong>occeperat,</strong></span> <span class='ocrx_word' id='word_1_688' title='bbox 769 5169 865 5224; x_wconf 75' lang='lat' dir='ltr'><strong>obtulit</strong></span> <span class='ocrx_word' id='word_1_689' title='bbox 914 5164 1026 5220; x_wconf 90' lang='lat' dir='ltr'><strong>domino</strong></span> <span class='ocrx_word' id='word_1_690' title='bbox 1046 5180 1111 5229; x_wconf 91' lang='lat' dir='ltr'><strong>suo,</strong></span> <span class='ocrx_word' id='word_1_691' title='bbox 1131 5165 1158 5219; x_wconf 92' lang='lat' dir='ltr'><strong>in</strong></span> <span class='ocrx_word' id='word_1_692' title='bbox 1181 5182 1235 5236; x_wconf 92' lang='lat' dir='ltr'><strong>quo</strong></span> <span class='ocrx_word' id='word_1_693' title='bbox 1250 5169 1379 5242; x_wconf 84' lang='lat' dir='ltr'><strong>superbia</strong></span> <span class='ocrx_word' id='word_1_694' title='bbox 1393 5179 1517 5227; x_wconf 88' lang='lat' dir='ltr'><strong>notatur.</strong></span> <span class='ocrx_word' id='word_1_695' title='bbox 1532 5171 1624 5244; x_wconf 79' lang='lat' dir='ltr'><strong>Piger,</strong></span> <span class='ocrx_word' id='word_1_696' title='bbox 1639 5177 1704 5245; x_wconf 85' lang='lat' dir='ltr'><strong>quia</strong></span> 
     </span>
     <span class='ocr_line' id='line_1_54' title="bbox 60 5251 1704 5338; baseline 0.005 -28"><span class='ocrx_word' id='word_1_697' title='bbox 60 5251 375 5325; x_wconf 80' lang='lat' dir='ltr'><strong>aliaquinqstetclenta,</strong></span> <span class='ocrx_word' id='word_1_698' title='bbox 387 5252 624 5322; x_wconf 71' lang='lat' dir='ltr'><strong>dicenstflomine,</strong></span> <span class='ocrx_word' id='word_1_699' title='bbox 639 5256 865 5329; x_wconf 87' lang='lat' dir='ltr'><strong>quinquetalenta</strong></span> <span class='ocrx_word' id='word_1_700' title='bbox 885 5327 890 5338; x_wconf 39' lang='grc' dir='ltr'><strong><em>Ι</em></strong></span> <span class='ocrx_word' id='word_1_701' title='bbox 914 5258 1047 5312; x_wconf 90' lang='lat' dir='ltr'><strong>talentum</strong></span> <span class='ocrx_word' id='word_1_702' title='bbox 1066 5272 1120 5311; x_wconf 94' lang='lat' dir='ltr'><strong>non</strong></span> <span class='ocrx_word' id='word_1_703' title='bbox 1140 5255 1304 5327; x_wconf 86' lang='lat' dir='ltr'><strong>duplicauit,</strong></span> <span class='ocrx_word' id='word_1_704' title='bbox 1326 5260 1354 5314; x_wconf 91' lang='lat' dir='ltr'><strong>in</strong></span> <span class='ocrx_word' id='word_1_705' title='bbox 1375 5277 1431 5331; x_wconf 92' lang='lat' dir='ltr'><strong>quo</strong></span> <span class='ocrx_word' id='word_1_706' title='bbox 1449 5271 1595 5322; x_wconf 83' lang='lat' dir='ltr'><strong>accusatur</strong></span> <span class='ocrx_word' id='word_1_707' title='bbox 1617 5264 1704 5336; x_wconf 82' lang='lat' dir='ltr'><strong>negli-</strong></span> 
     </span>
     <span class='ocr_line' id='line_1_55' title="bbox 61 5343 1705 5430; baseline 0.01 -32"><span class='ocrx_word' id='word_1_708' title='bbox 61 5344 212 5400; x_wconf 85' lang='lat' dir='ltr'><strong>tradidistl</strong></span> <span class='ocrx_word' id='word_1_709' title='bbox 238 5343 313 5413; x_wconf 82' lang='lat' dir='ltr'><strong>milri,</strong></span> <span class='ocrx_word' id='word_1_710' title='bbox 339 5353 365 5399; x_wconf 89' lang='lat' dir='ltr'><strong>ct</strong></span> <span class='ocrx_word' id='word_1_711' title='bbox 386 5361 445 5400; x_wconf 89' lang='lat' dir='ltr'><strong>ecce</strong></span> <span class='ocrx_word' id='word_1_712' title='bbox 462 5345 518 5400; x_wconf 87' lang='lat' dir='ltr'><strong>alia</strong></span> <span class='ocrx_word' id='word_1_713' title='bbox 536 5349 649 5420; x_wconf 87' lang='lat' dir='ltr'><strong>quinque</strong></span> <span class='ocrx_word' id='word_1_714' title='bbox 666 5349 864 5430; x_wconf 62' lang='lat' dir='ltr'><strong>superlucratus</strong></span> <span class='ocrx_word' id='word_1_715' title='bbox 915 5349 1022 5421; x_wconf 64' lang='lat' dir='ltr'><strong>gentian</strong></span> <span class='ocrx_word' id='word_1_716' title='bbox 1040 5345 1070 5402; x_wconf 87' lang='lat' dir='ltr'><strong>Si</strong></span> <span class='ocrx_word' id='word_1_717' title='bbox 1084 5355 1175 5404; x_wconf 90' lang='lat' dir='ltr'><strong>autem</strong></span> <span class='ocrx_word' id='word_1_718' title='bbox 1188 5349 1329 5406; x_wconf 90' lang='lat' dir='ltr'><strong>dominum</strong></span> <span class='ocrx_word' id='word_1_719' title='bbox 1348 5353 1447 5408; x_wconf 88' lang='lat' dir='ltr'><strong>durum</strong></span> <span class='ocrx_word' id='word_1_720' title='bbox 1462 5361 1618 5412; x_wconf 85' lang='lat' dir='ltr'><strong>exactorem</strong></span> <span class='ocrx_word' id='word_1_721' title='bbox 1634 5357 1705 5414; x_wconf 88' lang='lat' dir='ltr'><strong>scie·</strong></span> 
     </span>
     <span class='ocr_line' id='line_1_56' title="bbox 60 5441 1705 5520; baseline 0.009 -28"><span class='ocrx_word' id='word_1_722' title='bbox 60 5455 138 5493; x_wconf 77' lang='lat' dir='ltr'><strong>sum.</strong></span> <span class='ocrx_word' id='word_1_723' title='bbox 912 5447 970 5507; x_wconf 82' lang='lat' dir='ltr'><strong>nat,</strong></span> <span class='ocrx_word' id='word_1_724' title='bbox 982 5457 1032 5497; x_wconf 90' lang='lat' dir='ltr'><strong>cur</strong></span> <span class='ocrx_word' id='word_1_725' title='bbox 1041 5457 1097 5497; x_wconf 89' lang='lat' dir='ltr'><strong>non</strong></span> <span class='ocrx_word' id='word_1_726' title='bbox 1110 5441 1223 5498; x_wconf 81' lang='lat' dir='ltr'><strong>servivit</strong></span> <span class='ocrx_word' id='word_1_727' title='bbox 1237 5443 1261 5498; x_wconf 90' lang='lat' dir='ltr'><strong>ei</strong></span> <span class='ocrx_word' id='word_1_728' title='bbox 1276 5444 1311 5499; x_wconf 88' lang='lat' dir='ltr'><strong>ad</strong></span> <span class='ocrx_word' id='word_1_729' title='bbox 1327 5444 1452 5512; x_wconf 90' lang='lat' dir='ltr'><strong>lucrum,</strong></span> <span class='ocrx_word' id='word_1_730' title='bbox 1468 5445 1502 5503; x_wconf 90' lang='lat' dir='ltr'><strong>de</strong></span> <span class='ocrx_word' id='word_1_731' title='bbox 1515 5463 1549 5504; x_wconf 89' lang='lat' dir='ltr'><strong>eo</strong></span> <span class='ocrx_word' id='word_1_732' title='bbox 1562 5450 1635 5520; x_wconf 91' lang='lat' dir='ltr'><strong>quod</strong></span> <span class='ocrx_word' id='word_1_733' title='bbox 1649 5450 1705 5507; x_wconf 83' lang='lat' dir='ltr'><strong>aiut</strong></span> 
     </span>
    </p>

    <p class='ocr_par' dir='ltr' id='par_1_12' title="bbox 99 5524 1704 5611">
     <span class='ocr_line' id='line_1_57' title="bbox 99 5524 1704 5611; baseline 0.011 -30"><span class='ocrx_word' id='word_1_734' title='bbox 99 5524 252 5584; x_wconf 77' lang='lat' dir='ltr'><strong>Accedent</strong></span> <span class='ocrx_word' id='word_1_735' title='bbox 264 5526 294 5582; x_wconf 86' lang='lat' dir='ltr'><strong>in</strong></span> <span class='ocrx_word' id='word_1_736' title='bbox 309 5527 448 5584; x_wconf 87' lang='lat' dir='ltr'><strong>reddendo</strong></span> <span class='ocrx_word' id='word_1_737' title='bbox 462 5537 567 5600; x_wconf 77' lang='lat' dir='ltr'><strong>gratam</strong></span> <span class='ocrx_word' id='word_1_738' title='bbox 591 5531 735 5597; x_wconf 89' lang='lat' dir='ltr'><strong>rationem,</strong></span> <span class='ocrx_word' id='word_1_739' title='bbox 756 5532 866 5589; x_wconf 83' lang='lat' dir='ltr'><strong>ollerret</strong></span> <span class='ocrx_word' id='word_1_740' title='bbox 914 5534 988 5590; x_wconf 88' lang='lat' dir='ltr'><strong>dedit</strong></span> <span class='ocrx_word' id='word_1_741' title='bbox 1012 5533 1046 5589; x_wconf 88' lang='lat' dir='ltr'><strong>ad</strong></span> <span class='ocrx_word' id='word_1_742' title='bbox 1067 5535 1250 5605; x_wconf 79' lang='lat' dir='ltr'><strong>erogandum?</strong></span> <span class='ocrx_word' id='word_1_743' title='bbox 1269 5531 1322 5590; x_wconf 90' lang='lat' dir='ltr'><strong>Ubi</strong></span> <span class='ocrx_word' id='word_1_744' title='bbox 1345 5537 1477 5608; x_wconf 86' lang='lat' dir='ltr'><strong>scriptum</strong></span> <span class='ocrx_word' id='word_1_745' title='bbox 1500 5551 1544 5596; x_wconf 85' lang='lat' dir='ltr'><strong>est</strong></span> <span class='ocrx_word' id='word_1_746' title='bbox 1565 5543 1704 5611; x_wconf 86' lang='lat' dir='ltr'><strong>pecuniam</strong></span> 
     </span>
    </p>
   </div>
   <div class='ocr_carea' id='block_1_3' title="bbox 60 5615 1707 5890">
    <p class='ocr_par' dir='ltr' id='par_1_13' title="bbox 60 5615 1707 5890">
     <span class='ocr_line' id='line_1_58' title="bbox 60 5615 1704 5713; baseline 0.01 -38"><span class='ocrx_word' id='word_1_747' title='bbox 60 5615 193 5675; x_wconf 68' lang='lat' dir='ltr'><strong>bomine</strong></span> <span class='ocrx_word' id='word_1_748' title='bbox 205 5625 340 5690; x_wconf 88' lang='lat' dir='ltr'><strong>quotquot</strong></span> <span class='ocrx_word' id='word_1_749' title='bbox 359 5619 393 5675; x_wconf 85' lang='lat' dir='ltr'><strong>ab</strong></span> <span class='ocrx_word' id='word_1_750' title='bbox 407 5634 503 5676; x_wconf 90' lang='lat' dir='ltr'><strong>errore</strong></span> <span class='ocrx_word' id='word_1_751' title='bbox 518 5623 663 5687; x_wconf 83' lang='lat' dir='ltr'><strong>conuertit,</strong></span> <span class='ocrx_word' id='word_1_752' title='bbox 677 5623 866 5680; x_wconf 88' lang='lat' dir='ltr'><strong>testimonium</strong></span> <span class='ocrx_word' id='word_1_753' title='bbox 915 5639 1018 5687; x_wconf 88' lang='lat' dir='ltr'><strong>meam,</strong></span> <span class='ocrx_word' id='word_1_754' title='bbox 1033 5621 1143 5680; x_wconf 80' lang='lat' dir='ltr'><strong>Grecos</strong></span> <span class='ocrx_word' id='word_1_755' title='bbox 1162 5639 1252 5686; x_wconf 89' lang='lat' dir='ltr'><strong>sermo</strong></span> <span class='ocrx_word' id='word_1_756' title='bbox 1268 5625 1403 5697; x_wconf 75' lang='lat' dir='ltr'><strong>signillcat</strong></span> <span class='ocrx_word' id='word_1_757' title='bbox 1417 5631 1555 5699; x_wconf 87' lang='lat' dir='ltr'><strong>pecuniam</strong></span> <span class='ocrx_word' id='word_1_758' title='bbox 1565 5639 1590 5686; x_wconf 87' lang='lat' dir='ltr'><strong>ct</strong></span> <span class='ocrx_word' id='word_1_759' title='bbox 1609 5649 1704 5713; x_wconf 77' lang='lat' dir='ltr'><strong>arqen-</strong></span> 
     </span>
     <span class='ocr_line' id='line_1_59' title="bbox 60 5707 1707 5796; baseline 0.009 -31"><span class='ocrx_word' id='word_1_760' title='bbox 60 5707 237 5781; x_wconf 75' lang='lat' dir='ltr'><strong>perhibente</strong></span> <span class='ocrx_word' id='word_1_761' title='bbox 247 5710 415 5767; x_wconf 86' lang='lat' dir='ltr'><strong>conscientia</strong></span> <span class='ocrx_word' id='word_1_762' title='bbox 427 5714 500 5783; x_wconf 89' lang='lat' dir='ltr'><strong>quod</strong></span> <span class='ocrx_word' id='word_1_763' title='bbox 517 5727 566 5783; x_wconf 90' lang='lat' dir='ltr'><strong>per</strong></span> <span class='ocrx_word' id='word_1_764' title='bbox 578 5715 693 5785; x_wconf 78' lang='lat' dir='ltr'><strong>qratiam</strong></span> <span class='ocrx_word' id='word_1_765' title='bbox 711 5715 764 5771; x_wconf 87' lang='lat' dir='ltr'><strong>sibi</strong></span> <span class='ocrx_word' id='word_1_766' title='bbox 774 5715 866 5772; x_wconf 87' lang='lat' dir='ltr'><strong>datam</strong></span> <span class='ocrx_word' id='word_1_767' title='bbox 916 5721 983 5772; x_wconf 88' lang='lat' dir='ltr'><strong>tum.</strong></span> <span class='ocrx_word' id='word_1_768' title='bbox 1011 5711 1088 5770; x_wconf 85' lang='lat' dir='ltr'><strong>Unde</strong></span> <span class='ocrx_word' id='word_1_769' title='bbox 1113 5714 1197 5772; x_wconf 90' lang='lat' dir='ltr'><strong>illud:</strong></span> <span class='ocrx_word' id='word_1_770' title='bbox 1219 5714 1332 5788; x_wconf 82' lang='lat' dir='ltr'><strong>Eloquia</strong></span> <span class='ocrx_word' id='word_1_771' title='bbox 1357 5718 1465 5776; x_wconf 82' lang='lat' dir='ltr'><strong>Domini</strong></span> <span class='ocrx_word' id='word_1_772' title='bbox 1484 5719 1587 5796; x_wconf 81' lang='lat' dir='ltr'><strong>eloquia</strong></span> <span class='ocrx_word' id='word_1_773' title='bbox 1610 5735 1707 5795; x_wconf 82' lang='lat' dir='ltr'><strong>costa,</strong></span> 
     </span>
     <span class='ocr_line' id='line_1_60' title="bbox 60 5801 1703 5890; baseline 0.009 -32"><span class='ocrx_word' id='word_1_774' title='bbox 60 5817 140 5872; x_wconf 82' lang='lat' dir='ltr'><strong>quos</strong></span> <span class='ocrx_word' id='word_1_775' title='bbox 159 5803 261 5874; x_wconf 84' lang='lat' dir='ltr'><strong>putuit,</strong></span> <span class='ocrx_word' id='word_1_776' title='bbox 277 5801 421 5861; x_wconf 76' lang='lat' dir='ltr'><strong>lucrifecit.</strong></span> <span class='ocrx_word' id='word_1_777' title='bbox 916 5817 1054 5878; x_wconf 79' lang='lat' dir='ltr'><strong>arqentnm</strong></span> <span class='ocrx_word' id='word_1_778' title='bbox 1069 5807 1129 5880; x_wconf 84' lang='lat' dir='ltr'><strong>iqne</strong></span> <span class='ocrx_word' id='word_1_779' title='bbox 1153 5811 1350 5876; x_wconf 77' lang='lat' dir='ltr'><strong>examinutum,</strong></span> <span class='ocrx_word' id='word_1_780' title='bbox 1366 5812 1505 5882; x_wconf 83' lang='lat' dir='ltr'><strong>prolatum</strong></span> <span class='ocrx_word' id='word_1_781' title='bbox 1530 5827 1570 5872; x_wconf 88' lang='lat' dir='ltr'><strong>ter</strong></span> <span class='ocrx_word' id='word_1_782' title='bbox 1584 5813 1703 5890; x_wconf 61' lang='lat' dir='ltr'><strong>perrel,</strong></span> 
     </span>
    </p>
   </div>
   <div class='ocr_carea' id='block_1_4' title="bbox 0 0 1988 6324">
    <p class='ocr_par' dir='ltr' id='par_1_14' title="bbox 0 0 1988 6324">
     <span class='ocr_line' id='line_1_61' title="bbox 0 0 1988 6324; baseline 0 0"><span class='ocrx_word' id='word_1_783' title='bbox 0 0 1988 6324; x_wconf 95' lang='lat' dir='ltr'><strong> </strong></span> 
     </span>
    </p>
   </div>
  </div>
 </body>
</html>
