3967 6334
156 313 211 371 sot

636 302 907 365 subtumulatur!
925 299 1017 358 biubi
1036 300 1137 360 octo.
1155 334 1190 343 -
1204 299 1269 360 Lm.
1290 301 1335 362 m.

1747 307 1802 366 802

157 432 217 488 dus
225 433 394 484 assumeret:
409 422 600 498 culpamenlm
619 429 702 495 atque
721 421 871 487 inscitiam,
885 437 955 493 ιιιο-
968 423 993 482 Α
1006 425 1068 472 cato
1091 417 1184 470 mandi
1207 416 1299 491 (ioan.
1326 433 1346 482 ι,
1372 417 1429 492 29).
1449 417 1520 486 Quid
1543 425 1585 475 est
1610 421 1683 492 quod
1705 424 1801 483 toliere

157 522 239 579 niam
252 519 309 576 Deo
322 518 436 575 minime
460 515 663 587 competebant,
675 513 830 570 abdicarit:
842 527 956 568 carnem

158 596 291 671 nostram
312 610 396 667 etiam
418 623 541 680 parram,
564 607 679 678 reliquis
702 621 766 663 cum
791 603 955 677 defectibus,

156 703 294 776 quoniam
307 697 488 770 redemptioni
502 695 675 770 prolaturam
688 695 812 766 putabat,
826 686 955 764 assump·

156 795 209 851 sit.
225 790 303 860 Quod
313 791 409 860 utique
425 787 577 858 Scripturis
594 786 681 858 magis
694 790 839 849 consonat,
867 783 957 838 homi·

156 899 284 955 numque
297 879 589 944 moribusconcordat,
605 879 658 934 boc
667 888 774 933 naturae
786 877 885 948 placet,
910 889 957 930 ra·

156 977 255 1047 tioque
282 973 390 1046 prebat.
406 971 483 1028 Licet
503 971 576 1028 enim
587 971 640 1028 hoc
649 969 729 1027 iacile
742 968 853 1026 Christo
862 967 954 1033 luerit,

156 1074 193 1120 nt
210 1063 473 1136 sicntsediscipulis
483 1063 511 1118 in
524 1061 610 1119 Coena
621 1061 855 1120 sacramentaliter
865 1060 957 1132 peroi-

156 1156 302 1229 piendum,
316 1162 407 1212 totum
422 1163 450 1212 ct
467 1155 685 1228 integrum,licet
707 1153 882 1219 moriturum,
898 1153 956 1210 sin·

156 1250 234 1320 gulis
246 1247 386 1315 exhibuit3
402 1247 441 1302 ita
459 1246 572 1319 triginta
580 1261 713 1302 annorum
723 1243 882 1316 magnitudo
889 1258 956 1299 ren-

156 1341 214 1397 tris
228 1341 258 1396 in
273 1347 351 1398 arcto
363 1338 651 1410 comprehenderetur,
672 1345 748 1393 tanto
759 1337 854 1408 utique
868 1336 954 1390 mira·

155 1433 255 1499 bilius,
269 1441 373 1505 quanto
383 1433 484 1489 rationi
496 1433 622 1489 humanm
640 1430 952 1503 incomprehensibilius.

155 1523 286 1582 Attamen
301 1525 362 1582 heri
375 1540 432 1581 non
445 1525 578 1597 oportuit,
600 1538 689 1596 nenne
703 1521 769 1587 dici,
790 1537 826 1579 ne
846 1521 955 1578 hareti-

1007 515 1119 578 peceata
1142 506 1236 578 Agnus
1263 506 1312 563 Uei
1330 507 1449 572 dicitur,
1474 507 1529 566 nisi
1551 509 1624 579 qttod
1649 513 1801 570 secundum

1006 596 1080 667 quod
1102 605 1146 652 εει
1159 597 1254 668 dgnus
1277 605 1388 669 peecata
1402 598 1493 654 toliitl
1509 598 1575 670 quid
1597 606 1640 657 est
1655 603 1801 660 secondum

1006 687 1075 761 guod
1096 697 1135 776 qs
1154 689 1257 762 Agnos,
1279 691 1334 746 nisi
1358 691 1509 747 secundum
1524 692 1653 762 quodest
1674 693 1801 752 immola-

1006 781 1075 837 tus?
1090 797 1176 853 quare
1193 797 1249 837 non
1265 783 1353 839 solum
1371 782 1454 848 Ueus,
1470 783 1519 840 sed
1531 795 1558 842 et
1572 785 1655 841 homo
1666 784 1722 842 beo
1734 787 1800 859 jun-

1007 880 1067 928 ειιιε
1082 879 1196 944 peccata
1209 872 1279 929 tollit
1293 892 1301 940 ;
1317 873 1375 945 ipsc
1389 874 1462 932 enim
1478 877 1612 948 sanguine
1625 893 1676 934 suo
1690 894 1742 935 nos
1756 894 1801 936 re-

1007 961 1107 1032 demit;
1130 965 1230 1036 ianuas
1254 966 1317 1024 coeii
1340 966 1466 1038 aperuit;
1490 983 1582 1025 nonne
1605 969 1678 1026 enim
1700 978 1800 1028 natura

1006 1070 1068 1126 quae
1081 1059 1242 1130 sanguinem
1258 1053 1309 1130 pro'
1326 1059 1407 1116 nobis
1426 1058 1507 1129 ludit,
1520 1075 1553 1116 ea
1567 1078 1677 1134 quoque
1689 1080 1741 1121 nos
1756 1081 1800 1121 re-

1006 1149 1107 1205 demit?
1128 1167 1189 1222 qum
1202 1157 1293 1207 autem
1308 1152 1434 1220 redemit,
1452 1168 1544 1210 nonne
1561 1154 1657 1211 eadem
1671 1158 1741 1212 coelo
1756 1157 1800 1212 in-

1005 1239 1096 1304 ducet,
1113 1241 1256 1296 mediatrix
1268 1241 1316 1298 Uci
1330 1249 1358 1298 et
1369 1243 1530 1300 hominuml
1542 1246 1673 1317 quoniam
1685 1264 1754 1320 quos
1764 1249 1800 1305 dc

1005 1337 1080 1388 terra
1102 1332 1198 1399 trahit,
1215 1333 1293 1391 coelis
1307 1334 1528 1410 erjungendos
1539 1338 1668 1395 inducere
1682 1343 1797 1413 satagit:

1005 1439 1069 1480 vere
1084 1426 1222 1496 paschalis
1236 1425 1341 1498 Agnus,
1361 1442 1455 1486 avora
1469 1430 1551 1502 hujus
1569 1432 1664 1488 nrttndi
1679 1432 1799 1507 AEgypto

1005 1515 1134 1582 educens,
1161 1531 1253 1574 reram
1267 1518 1295 1574 in
1310 1527 1410 1576 terram
1426 1523 1660 1593 repromissionis,
1681 1542 1741 1597 quae
1755 1526 1799 1582 ri·

155 1628 259 1670 eorum
272 1622 385 1670 uersuta
395 1615 572 1685 perversitas,
582 1618 692 1684 reperto
701 1611 873 1678 fulcimento,
884 1611 955 1668 diiii·
1004 1610 1126 1665 rentium
1149 1619 1206 1677 εει,
1228 1611 1374 1672 reducens.
1398 1613 1475 1672 Unde
1495 1623 1687 1687 paternarum
1707 1630 1799 1677 creata

157 1705 262 1762 cilhme
274 1706 463 1772 subrueretur,
478 1706 613 1762 mentiens
623 1705 716 1760 omnia
738 1720 800 1778 qum
813 1705 882 1763 tides
892 1719 954 1762 cer·
1005 1713 1067 1770 qum
1093 1701 1207 1772 patitur,
1235 1711 1340 1760 naturae
1363 1704 1498 1772 creatrici,
1524 1723 1585 1779 qnae¹
1608 1725 1665 1766 non
1686 1711 1798 1782 patitur,

156 1797 269 1854 pissime
282 1798 393 1863 asgup,
404 1813 461 1853 „011
476 1796 627 1854 secundum
638 1797 782 1853 veritatem
793 1797 845 1863 rep,
862 1798 955 1855 gedue
971 1784 1093 1858 Bonita,
1117 1793 1236 1864 pretinm
1253 1801 1355 1852 nostrae
1373 1795 1452 1854 offert
1473 1797 1679 1872 redemptionis,
1700 1807 1799 1860 merito

156 1892 320 1962 putabatur,
335 1899 363 1948 et
382 1897 461 1948 extra
474 1889 625 1964 apparebat
646 1889 832 1962 intelligenda.
847 1889 917 1946 Nam
930 1891 954 1948 si
1004 1884 1099 1940 valens
1113 1893 1226 1955 peecata
1241 1886 1420 1944 dimmittere.
1444 1887 1522 1947 Unde
1543 1891 1675 1950 miraculo
1690 1895 1799 1970 paraly-

157 1999 217 2040 non
238 1998 377 2056 protero,
391 1997 488 2041 rerum
502 1990 533 2038 ut
547 1982 704 2054 putabatur,
715 1983 847 2054 parvulus
858 1983 955 2042 innen-
1004 1975 1053 2032 tici
1072 1977 1215 2048 proprium
1232 1979 1353 2036 tollentis
1373 1983 1536 2053 grabatum,
1561 1986 1679 2040 conticit
1698 1984 1799 2044 Filium

157 2092 203 2141 ro,
215 2076 348 2148 parvulus
362 2075 597 2148 natus,parrulus
610 2074 955 2146 cmrisseatqueadrobur
1004 2069 1135 2138 hominis.
1155 2081 1267 2143 peccata
1281 2089 1363 2147 posse
1386 2076 1534 2134 dimittere.
1558 2078 1694 2146 Quoniam
1717 2097 1798 2155 super

157 2185 249 2240 usque
259 2169 339 2225 uirile
353 2167 518 2241 quibusdam
532 2167 663 2239 gradibus
678 2167 839 2238 peruenisse
852 2167 954 2225 intelli·
1004 2176 1085 2234 quem
1100 2158 1219 2237 Spiritus
1231 2172 1343 2222 sanctus
1360 2166 1390 2223 in
1400 2169 1533 2225 columbae
1542 2172 1633 2241 specie
1645 2172 1797 2241 deseendit,

157 2262 243 2332 gitur,
256 2276 306 2317 cur
318 2274 374 2316 non
385 2259 499 2316 baresis
512 2259 596 2315 simili
606 2259 713 2314 ratione
721 2258 795 2314 dicat
803 2259 877 2330 quod
884 2259 954 2316 mira
1004 2251 1093 2308 liceat
1103 2255 1274 2327 qaibnptizot
1284 2255 1375 2330 (Joon.
1387 2273 1408 2325 Ι,
1420 2260 1476 2332 55).
1489 2259 1578 2335 Super
1585 2278 1667 2334 quem
1678 2262 1799 2336 Spiritus

156 2351 353 2423 lecerit,quod
363 2352 432 2406 mira
444 2351 555 2417 dixerit,
567 2349 642 2422 quod
656 2348 816 2413 crucifixus,
828 2359 953 2408 mortuns
1004 2352 1117 2402 sanetus
1138 2345 1291 2415 descendit,
1309 2349 1364 2407 nisi
1385 2366 1469 2422 super
1486 2351 1626 2411 Christum
1646 2357 1797 2414 secundum

157 2443 207 2508 sit,
219 2442 293 2515 quod
305 2443 431 2514 sepultus
443 2441 637 2507 resurrexerit,
649 2442 767 2514 denique
777 2442 852 2515 qnod
862 2444 953 2500 incar.
1003 2434 1201 2496 humanitatem
1212 2457 1220 2508 ;
1231 2456 1296 2496 nam
1304 2440 1441 2498 divinitati
1451 2443 1479 2500 id
1489 2445 1600 2502 minime
1613 2450 1799 2518 congruebat?

157 2543 242 2590 natus
257 2533 302 2596 sit,
313 2539 440 2604 putatum
451 2540 505 2598 est,
516 2539 544 2589 ct
557 2541 667 2590 nonest
683 2532 800 2588 rerum?
1003 2527 1132 2588 Christus
1145 2547 1211 2604 ergo
1224 2533 1375 2591 secuudum
1389 2536 1585 2594 humanitatem
1595 2540 1726 2612 baptizat.

195 2623 307 2680 Rationi
328 2640 394 2697 ergo
423 2632 452 2681 et
478 2624 635 2680 auctoritati
656 2625 870 2692 consentientes,
896 2626 953 2684 imo
1039 2619 1169 2694 Sedquid
1180 2625 1382 2697 salientium,
1397 2629 1452 2684 nisi
1464 2641 1723 2702 aquaesaeramento
1734 2652 1799 2707 pec-

157 2717 304 2774 catholicae
317 2716 380 2774 fidei
395 2730 449 2788 qua
459 2714 594 2773 Catholici
612 2731 708 2774 sumus
728 2717 840 2775 obriare
858 2719 954 2775 timen-
1003 2722 1066 2772 cata
1083 2717 1194 2773 delere?
1213 2717 1341 2776 Christus
1353 2737 1419 2794 ergo
1434 2723 1585 2780 secumdum
1600 2726 1798 2786 humanitatem

156 2815 212 2877 tes,
229 2808 347 2866 fatemur
358 2824 392 2865 ac
410 2808 565 2866 certissime
578 2809 729 2866 asserimus
746 2807 892 2866 Dominum
905 2827 954 2867 no-
1002 2815 1117 2879 pcccata
1131 2809 1203 2868 delet
1215 2810 1299 2884 (190).
1309 2809 1376 2868 Nam
1388 2829 1472 2885 super
1482 2815 1559 2870 illum
1569 2831 1649 2887 quern
1662 2817 1718 2888 jnm
1732 2834 1799 2889 prae·

157 2910 247 2958 strum
260 2919 311 2975 pro
320 2903 473 2975 capacitate
484 2903 555 2958 uteri
569 2903 797 2974 parvulnmmore
805 2904 953 2962 nobisusi-
1003 2899 1122 2958 diximus
1143 2901 1244 2968 locum,
1269 2903 1316 2961 ubi
1339 2906 1458 2962 dimittit
1485 2906 1537 2962 115⁶
1556 2911 1657 2982 estqui
1678 2911 1797 2979 Militat

155 3005 219 3053 tarn
231 2998 362 3063 crevisse,
377 3011 410 3053 ac
424 2995 558 3052 inuitato
570 3004 665 3052 natum
677 3011 953 3072 essezeunnnnque
1004 2989 1094 3060 (toan.
1113 3006 1132 3060 ι,
1148 2992 1212 3065 55),
1228 2994 1342 3066 tegendo
1360 2996 1467 3054 iuvenis
1485 2997 1673 3056 othoninum
1689 3001 1795 3068 iesum.

155 3089 237 3161 virgo
250 3089 386 3161 compte,
397 3088 475 3160 virgo
489 3089 614 3160 p0p011t3
628 3089 730 3160 qnippe
744 3090 875 3160 quoniam
888 3092 953 3149 aps„
1003 3082 1085 3137 simul
1095 3098 1158 3138 cum
1170 3094 1342 3142 sacramento
1355 3088 1482 3160 baptismi
1492 3089 1566 3160 quod
1577 3091 1712 3150 ministris
1724 3109 1798 3149 eont-

155 3197 214 3252 qne
239 3182 338 3238 ardore
356 3181 478 3253 peperit3
493 3183 595 3238 vinnan
614 3182 749 3239 mitissimi
759 3183 950 3251 obumbrante,
1002 3174 1098 3242 misit,
1123 3177 1296 3234 commisisse
1316 3179 1400 3234 etiam
1420 3180 1543 3252 potuisse
1557 3181 1687 3254 baptismi
1706 3184 1797 3242 othca-

157 3273 189 3328 in
198 3275 325 3330 castitate
334 3274 474 3346 concepit;
485 3273 690 3330 eademvirtute
710 3286 849 3348 operante,
867 3277 952 3335 illaesa
1002 3267 1083 3334 (iiim,
1100 3284 1160 3341 quae
1170 3278 1212 3328 esi
1226 3270 1338 3327 tbOlili0
1351 3272 1455 3344 peccabi
1467 3291 1475 3342 ;
1489 3289 1573 3345 quam
1583 3284 1673 3332 lamen
1688 3277 1739 3333 Sibi
1752 3295 1797 3335 rt·

156 3365 274 3436 peperit,
287 3365 549 3436 thuemclaustra
561 3366 952 3442 virginitatigimegmgpggg.
1001 3360 1118 3418 libuisse
1143 3362 1249 3419 maiuli.
1275 3361 1353 3432 Quod
1379 3364 1403 3420 Si
1429 3362 1562 3424 Dominus
1585 3366 1666 3425 JeSUS
1690 3375 1796 3426 laniant

156 3465 269 3529 parunt,
283 3458 391 3531 integra
404 3473 516 3530 quoque
525 3459 680 3516 ediderunt.
1001 3460 1165 3524 potestatem
1182 3454 1319 3514 ministris
1333 3455 1422 3527 potuit
1435 3456 1573 3524 conferre,
1590 3465 1620 3513 ut
1636 3475 1692 3516 non
1706 3462 1794 3517 solum

191 3546 246 3605 Sed
257 3550 385 3621 princeps
396 3565 445 3621 per
454 3557 562 3621 porram
580 3551 702 3607 clausam
716 3550 824 3627 (Euan,
833 3567 908 3619 xmp,
920 3554 950 3629 2)
1001 3545 1181 3616 baptizarent,
1193 3547 1379 3604 verumetiam
1390 3556 1503 3619 peccata
1517 3549 1655 3619 delerent;
1669 3551 1731 3623 quis
1746 3567 1796 3608 au·

154 3641 188 3696 in
207 3651 367 3714 perpetuum
382 3641 576 3714 procedensde
588 3644 709 3701 thalamo
722 3662 773 3702 nnn
784 3645 812 3701 in
824 3649 951 3705 eumdem
1000 3638 1064 3694 deat
1079 3654 1181 3711 negare
1201 3647 1329 3696 naturam
1344 3640 1374 3696 in
1393 3632 1515 3709 Christo,
1533 3643 1617 3699 etiam
1634 3643 1801 3711 humanam,

155 3735 320 3802 thalamum,
344 3751 400 3808 qno
413 3736 540 3808 ingressu
553 3752 622 3793 usus
641 3737 702 3794 esti
727 3737 752 3795 si
767 3718 950 3796 substantiam
1001 3733 1102 3790 habere
1124 3740 1287 3806 potestatem
1299 3733 1454 3790 dimittendi
1468 3736 1598 3807 peccata?
1619 3735 1736 3804 Quodsi
1752 3740 1795 3794 vi·

155 3827 279 3884 nominis
291 3829 413 3894 arendo,
429 3828 554 3900 pensan
572 3837 649 3886 utero
674 3828 768 3897 exivit,
788 3831 817 3886 tn
840 3838 949 3888 nerum
1000 3827 1047 3882 tiis
1065 3833 1175 3898 purgat,
1195 3824 1343 3882 virtutibus
1356 3841 1466 3898 quoque
1480 3826 1609 3892 illustrat,
1631 3829 1731 3900 outone
1749 3847 1794 3884 ‹o-

155 3935 215 3975 non
230 3919 360 3989 intrarit;
385 3920 409 3977 si
433 3919 616 3978 substantiam
637 3920 686 3978 Uei
700 3923 857 3989 considero,
874 3923 950 3979 iilam
1001 3917 1111 3974 candeas
1122 3919 1151 3972 in
1161 3918 1244 3973 altam
1257 3917 1408 3972 deditdonn
1419 3917 1568 3973 bominibus
1581 3917 1689 3992 (optes.
1704 3936 1741 3986 ιι,
1752 3921 1792 3992 8).

155 4013 311 4069 neclocum
327 4012 445 4085 ingredi,
460 4013 581 4068 necloeo
593 4012 687 4083 egredi
707 4011 795 4079 decet,
819 4014 948 4085 quoniam
1001 4010 1072 4078 Quid
1084 4016 1126 4067 est
1137 4011 1289 4067 ascendens
1304 4009 1388 4078 dedit,
1407 4011 1460 4066 nisi
1474 4011 1547 4082 quod
1566 4011 1794 4083 substantiaque

154 4118 215 4159 non
228 4113 272 4160 est
282 4103 359 4160 locus
371 4099 681 4159 undedesitbominus:
696 4102 893 4174 quippsFilius
900 4103 949 4161 Uei
1000 4104 1123 4162 ascendit
1137 4119 1170 4162 ea
1184 4103 1257 4160 dona
1273 4102 1435 4160 distribuit?
1447 4119 1507 4175 quae
1526 4109 1617 4160 autem
1633 4103 1723 4160 donat
1739 4120 1793 4160 uno

154 4204 186 4251 et
202 4195 281 4268 123
292 4204 373 4252 antea
386 4195 490 4252 exstitit
506 4195 536 4251 in
549 4202 627 4252 utero
650 4194 789 4268 Virginis3
809 4196 858 4254 sed
872 4205 949 4268 post·
1000 4197 1111 4254 nomine
1130 4195 1252 4268 intellige
1269 4195 1377 4252 omnia:
1394 4195 1485 4261 iidem,
1500 4193 1618 4260 reniam,
1639 4194 1792 4267 intelligen-

156 4288 271 4343 modum
281 4286 481 4365 ibidemaliter
496 4302 559 4344 esse
569 4286 662 4359 coepit,
678 4287 759 4345 aliter
778 4289 872 4362 utique
892 4305 948 4346 non
999 4289 1077 4354 tiam,
1091 4289 1261 4360 religionem.

155 4396 211 4436 usu
221 4379 409 4448 habitationis,
422 4394 517 4436 rerum
529 4379 653 4470 unitione
661 4380 764 4440 carnis·

430 4490 544 4549 CAPUT
560 4492 678 4550 xxtui.

187 4563 281 4619 Utram
294 4563 521 4634 proponentibus
534 4564 621 4631 Ιιιιιιι,
638 4566 677 4621 oei
687 4565 717 4621 in
729 4565 834 4622 bomine
843 4565 916 4623 Uetto

442 4655 505 4725 iecit
517 4656 659 4712 miracula.

192 4744 254 4819 lpse
274 4755 386 4819 propter
407 4747 551 4814 homines,
576 4748 685 4819 quando
706 4750 843 4821 oportuit,
866 4758 948 4823 prout

152 4839 288 4910 oportuit,
299 4841 407 4896 beatam
420 4841 505 4896 ritum
522 4840 602 4897 nobis
620 4843 773 4914 proposuit.
790 4841 893 4900 Verum
912 4859 949 4901 ne

154 4933 219 4988 solo
231 4933 354 5003 exemplo
373 4933 524 5004 prodesset,
543 4933 623 4990 bona
634 4934 697 4990 vitm
709 4951 744 4990 ex
757 4935 817 5006 ipsa
832 4935 948 4991 authen·

154 5023 240 5079 ticam
254 5024 408 5080 doctrinam
421 5024 531 5096 adjecit.
551 5023 585 5081 Et
595 5027 725 5098 quoniam
743 5042 814 5084 nova
826 5033 855 5083 et
867 5027 948 5083 inau-

155 5116 216 5172 dita
229 5116 385 5185 inducebat,
396 5117 550 5175 mirandam
562 5118 717 5176 doctrinam
729 5119 870 5178 miraculis
880 5133 947 5177 con·

1000 4387 1007 4425 ¹·
1035 4377 1090 4436 Sed
1112 4379 1268 4436 humanitas
1280 4393 1341 4450 qum
1352 4376 1429 4450 justa
1442 4378 1500 4436 suis
1514 4376 1631 4434 feliciter
1646 4378 1792 4451 captivatis

960 4473 1081 4536 uetiam
1103 4473 1133 4528 in
1151 4480 1225 4527 terra
1244 4470 1402 4536 distribuit,
1418 4471 1489 4527 sicut
1505 4484 1677 4544 consequens
1689 4477 1745 4538 est,
1761 4473 1791 4529 in

998 4566 1067 4622 ooelo
1079 4565 1260 4621 aeternabona
1273 4563 1417 4632 retribuit3
1433 4563 1589 4620 humanitas
1599 4565 1709 4638 quippe,
1721 4582 1791 4638 quo-

997 4658 1071 4713 niam
1080 4655 1173 4714 Deitas
1182 4672 1243 4728 quae
1256 4656 1357 4728 ubique
1368 4665 1421 4722 est,
1435 4672 1573 4730 nusquam
1586 4657 1680 4714 venire
1688 4665 1789 4732 potest,

998 4749 1058 4821 ipsa
1067 4757 1182 4806 ventura
1195 4756 1238 4806 εει
1246 4749 1371 4820 judicare
1381 4749 1459 4806 visos
1469 4765 1502 4806 ac
1512 4758 1645 4815 mortuos,
1657 4752 1789 4824 quoidam

997 4841 1079 4897 Pater
1090 4857 1143 4897 nott
1150 4841 1430 4913 judicatquempoom,
1439 4841 1484 4897 red
1494 4843 1707 4914 omaejudr'cinm
1717 4843 1789 4900 dedit

996 4932 1079 4998 Filio,
1095 4934 1158 5006 quia
1172 4931 1259 4989 Filiae
1272 4932 1385 4988 bominis
1399 4945 1439 4990 eet
1451 4932 1543 5008 (ioan.
1553 4952 1580 5002 ι,
1589 4935 1646 5008 22).
1661 4934 1800 5005 Christus¹

996 5040 1072 5100 ergo,
1083 5025 1148 5097 quia
1161 5023 1247 5083 Filius
1258 5025 1376 5085 hominis
1386 5032 1439 5092 εει,
1453 5025 1482 5082 id
1495 5027 1576 5084 estin
1588 5034 1686 5082 natura
1699 5027 1797 5083 homi--

996 5118 1051 5184 nis,
1059 5116 1233 5190 judicaturus
1242 5125 1295 5176 est.
1310 5117 1382 5186 Quid
1391 5126 1435 5176 cst
1449 5118 1718 5189 autemjudt'cotnrus
1733 5121 1802 5200 nisi¹

155 5207 295 5268 llrmabat.

996 5211 1144 5283 unicuique
1158 5211 1235 5282 juxta
1255 5226 1337 5283 opera
1352 5210 1528 5269 redditurus?
1546 5210 1703 5268 humanitas
1721 5225 1802 5283 ergo,

193 5300 268 5374 (189)
287 5299 341 5359 Sed
366 5303 510 5360 scientiam
537 5319 619 5376 quam
643 5303 673 5360 in
698 5303 810 5361 homine
835 5303 946 5366 Christo
996 5303 1109 5370 Christi,
1129 5303 1259 5360 bonosio
1277 5303 1348 5361 coelo
1366 5303 1497 5360 beatitate
1514 5301 1637 5371 donabit,
1655 5285 1800 5359 ιιιιιεειιιἰ

155 5394 271 5448 multam
279 5396 416 5461 novimus,
424 5411 491 5452 num
498 5395 524 5453 ei
532 5412 593 5467 quae
601 5397 629 5452 in
637 5397 779 5453 divinitate
785 5403 829 5453 cst
837 5413 947 5468 aquare
996 5394 1105 5451 inicrno
1115 5395 1174 5452 sine
1184 5395 1238 5451 linc
1249 5395 1338 5452 tradet
1347 5394 1521 5451 cruciandos.
1536 5392 1615 5461 Quod
1628 5394 1652 5450 si
1667 5331 1801 5498 bominisi

155 5483 307 5541 demmusi
318 5483 394 5553 item,
408 5486 542 5540 miracula
555 5501 616 5556 quae
630 5483 770 5542 Christum
782 5485 881 5544 iecisse
894 5487 947 5544 du·
996 5486 1149 5544 substantia
1159 5486 1217 5544 haec
1231 5493 1285 5541 tam
1297 5500 1393 5558 magna
1407 5491 1508 5558 potest,
1520 5491 1621 5556 quanto
1631 5483 1718 5556 magis
1730 5485 1784 5539 mi-

154 5574 233 5631 bium
254 5591 310 5632 non
333 5586 386 5642 est,
407 5585 499 5633 unum
513 5576 579 5634 iecit
598 5577 681 5634 bomo
700 5593 736 5634 an
757 5576 830 5636 Deus
850 5579 877 5634 in
895 5579 945 5635 ho·
995 5578 1089 5634 racula
1102 5577 1211 5650 potest?
1236 5576 1314 5636 Unde
1339 5578 1435 5649 paucis
1455 5575 1572 5648 panibus
1595 5580 1624 5630 et
1645 5574 1785 5646 pisciculis

154 5668 242 5734 mine,
267 5675 338 5726 teste
359 5669 529 5743 Evangelio:
554 5669 645 5740 denas
666 5667 715 5726 Dei
735 5668 781 5742 qut
801 5670 871 5727 tollit
883 5687 942 5742 pec·
995 5672 1110 5728 multam
1122 5672 1264 5729 hominum
1277 5670 1478 5729 multitudinem
1494 5667 1603 5726 satiarit
1614 5665 1723 5740 (blattis.
1737 5681 1785 5733 rr,

191 5759 269 5838 (¹89)
286 5761 393 5836 blagist.
410 5777 451 5830 ιιι,
470 5761 535 5819 dist.
551 5761 596 5818 ld.
650 5769 653 5774 '
1032 5758 1106 5838 (ibit)
1124 5763 1271 5824 lnClossa.
