3967 6334
273 309 324 368 tsi
754 307 941 368 zacnnnrn
959 267 1261 370 cunrsorournnr
1280 306 1434 368 rrrscour
1669 303 1676 356 i
1821 321 1858 380 g,

272 429 333 478 erat
347 419 421 477 illius
441 420 586 493 gebenna,
604 421 702 479 ridens
722 424 917 496 magistrorum
936 425 1066 499 bypocri-
1079 431 1103 489 Α
1116 427 1234 500 accepit,
1249 434 1276 484 et
1289 425 1336 499 qui
1348 423 1409 490 dat,
1424 429 1501 480 recte
1512 423 1650 481 decimare
1667 424 1768 486 dicitur.
1783 427 1859 499 Scribe

273 515 326 568 sim
343 529 427 586 opere
439 514 638 572 destruentium
649 517 723 587 quod
732 517 877 584 docebant,
889 519 1065 576 reverteban-
1114 526 1142 575 et
1155 517 1284 575 Pbarisaei
1294 517 1407 574 minima
1416 516 1491 572 olera
1499 516 1680 584 decimabant,
1691 519 1836 583 ntdicerelur
1849 549 1860 590 ῃ

272 617 319 661 tur
333 606 368 662 ad
382 606 523 673 uomitum,
537 614 565 663 et
578 609 688 679 gentilis
702 608 801 676 lactus,
813 611 891 682 quasi
901 611 1066 682 praevarica·
1114 610 1287 668 ridentibus:
1305 608 1447 676 Quomodo
1470 607 1591 664 omnium
1611 606 1727 667 decimas
1747 612 1814 682 dant,
1827 626 1860 692 poi

272 711 317 759 tor
331 700 435 771 majore
448 715 530 772 prena
539 700 641 773 dignus
655 709 726 758 erat.
741 701 844 758 Filiam
860 704 982 776 gebenna
997 705 1065 761 dicit
1114 703 1196 758 etiam
1210 702 1314 757 olerum
1322 699 1441 756 decimas
1450 699 1516 756 dare
1529 713 1585 754 non
1599 697 1860 788 negliguntistbrrorl

272 792 338 862 quia
354 793 545 864 unusquisque
559 793 640 863 cujus
656 810 740 866 opera
753 796 825 868 agit,
847 797 908 868 ejus
927 796 999 854 illius
1014 813 1064 870 ap·
1115 793 1163 850 Vel
1176 795 1204 850 iu
1216 792 1269 849 boc
1283 792 1405 848 avaritiae
1421 798 1586 863 arguuntur,
1601 790 1673 863 quod
1684 791 1792 852 studiose
1801 800 1860 858 etiae

273 882 402 955 pellatur.
429 883 516 956 buplo
540 883 632 942 tacitis
646 901 729 951 erim,
745 887 877 944 subaudis
899 889 954 944 dici
978 889 1065 944 illium
1116 885 1209 940 uilium
1222 885 1327 941 olerum
1344 883 1466 939 decimas
1476 882 1600 953 exigant,
1612 891 1640 938 et
1651 881 1808 953 judiciunin
1820 891 1861 950 dis·

274 975 403 1048 gehennae
416 991 499 1047 guam
519 992 589 1044 ros,
605 981 816 1052 quorumjcutpa
838 981 898 1052 ipse
920 981 1065 1038 revertitur
1114 977 1266 1048 captatione
1280 974 1463 1050 [discretione]
1485 976 1655 1047 negotiorum
1672 976 1861 1041 misericordian-

273 1067 308 1124 ad
322 1068 468 1126 vomitum.
1115 1083 1168 1140 que
1185 1069 1213 1124 in
1226 1083 1374 1142 pauperes,
1389 1067 1505 1126 etiidcm
1519 1082 1581 1123 curn
1595 1067 1733 1126 charitatis
1753 1071 1861 1135 adectuin

313 1158 444 1216 Venetis
458 1159 538 1216 dacer
551 1162 624 1241 gnei,
640 1161 976 1235 quidieitirtouicrngue
986 1164 1065 1234 juro·
1114 1159 1219 1227 Deum,
1240 1176 1302 1233 que
1324 1175 1422 1233 magna
1452 1167 1517 1217 sunt
1540 1160 1753 1233 praetermittant.
1780 1163 1860 1228 &inu

272 1253 339 1308 uerit
355 1268 401 1325 per
416 1253 540 1324 templum
550 1244 640 1335 ,snilrit
653 1263 703 1310 est.
720 1255 773 1322 Qui
786 1263 874 1309 eutem
885 1255 1016 1325 juraverit
1037 1256 1065 1310 in
1114 1252 1224 1324 quidem
1238 1251 1358 1312 decimas
1371 1252 1462 1310 oderri
1477 1251 1533 1310 lieo
1547 1262 1658 1325 propter
1672 1255 1818 1324 sacerdotes,
1828 1263 1860 1332 pt

273 1361 340 1401 aare
361 1347 450 1418 tempii
472 1345 557 1402 debet.
581 1346 665 1401 Stulti
678 1354 704 1401 et
717 1348 799 1413 coeci,
810 1345 873 1419 qnid
887 1348 957 1402 eninr
976 1348 1065 1418 molas
1115 1346 1269 1419 spiritualia
1286 1346 1387 1403 debent
1409 1346 1687 1418 ministrarcrpopulo
1700 1345 1813 1420 {Carrei
1824 1351 1862 1412 Sel

271 1441 326 1494 eati
340 1455 456 1504 aarum,
472 1456 507 1493 on
520 1439 645 1509 templum
656 1438 726 1512 quod
739 1441 891 1512 sanctificor
906 1445 1016 1498 cerami
1029 1440 1066 1496 lit
1115 1439 1206 1495 adbuc
1225 1438 1305 1495 bodie
1328 1439 1503 1504 sacerdotes,
1528 1437 1552 1494 si
1574 1439 1691 1510 populus
1705 1438 1809 1498 decbnu
1823 1460 1862 1502 nor

271 1531 420 1601 mareque
441 1531 573 1600 juraverit
598 1533 626 1587 in
645 1533 727 1587 ultori
748 1533 815 1589 nibil
836 1542 887 1592 ert.
911 1535 1066 1608 Quicunque
1115 1529 1463 1599 oderat,'murmurant;si
1475 1536 1632 1602 peccantem
1641 1531 1764 1602 populun
1772 1533 1861 1602 rideant,

272 1632 360 1678 autem
376 1624 508 1694 juraverit
522 1626 549 1680 in
559 1623 647 1692 dono,
662 1626 731 1698 quod
745 1637 785 1682 ert
800 1645 879 1699 super
898 1627 965 1685 titos
979 1628 1063 1684 debet.
1116 1637 1171 1678 non
1185 1630 1369 1679 murmurant.
1379 1621 1478 1678 Dicens
1492 1621 1625 1679 Dominus
1633 1622 1769 1693 judicium,
1787 1628 1863 1684 rultut

272 1716 362 1782 Ceri,
377 1716 440 1789 qaid
452 1719 522 1772 enim
542 1719 630 1789 majus
644 1722 701 1776 esti
719 1719 817 1775 donum
835 1738 871 1776 an
890 1721 975 1776 altore
996 1719 1066 1793 quod
1115 1729 1212 1772 omnes
1223 1714 1297 1786 juste
1314 1713 1458 1785 judicent3
1473 1713 1569 1772 dicens
1588 1715 1803 1784 elementior,
1815 1736 1864 1791 pre-

273 1810 424 1880 roeetificot
437 1808 556 1867 donarat
574 1812 628 1879 Qui
637 1828 700 1884 ergo
711 1813 789 1883 jorot
799 1814 828 1868 in
841 1814 934 1880 uitari,
945 1815 1023 1886 jaret
1037 1818 1066 1871 irr
1081 1775 1104 1838 Β
1117 1806 1218 1864 ditati!
1233 1805 1360 1863 omnibus
1378 1805 1615 1862 commilitium
1632 1807 1745 1876 bonam
1762 1808 1816 1866 ΜΒ
1829 1827 1863 1866 at·

271 1917 302 1956 eo
316 1910 341 1956 et
360 1901 390 1956 in
406 1901 526 1958 omnibus
541 1919 600 1975 que
614 1919 692 1973 super
705 1904 773 1959 iliad
787 1913 858 1961 rant.
880 1904 916 1960 lit
931 1909 977 1978 qui
985 1908 1066 1979 jurn-
1116 1904 1171 1954 itm
1185 1897 1328 1954 charitatis
1342 1897 1471 1968 operibus
1489 1897 1613 1954 ornanda
1626 1903 1680 1954 est.
1697 1895 1796 1974 [lirun]
1810 1900 1862 1968 liar,

272 1993 339 2048 rerit
354 1994 381 2047 ia
403 1993 509 2064 templo,
520 1993 598 2064 jurat
611 1994 639 2049 ia
652 1995 719 2061 ilio,
737 2004 763 2050 et
774 1996 802 2049 in
816 2012 845 2050 eo
857 1999 902 2068 qui
921 1997 1024 2054 bubitot
1036 2000 1066 2055 ia
1116 1991 1220 2062 inquil,
1237 1990 1357 2061 ῠβθῐῑῑῑῑῑ
1375 1988 1578 2062 principaliter,
1593 1988 1694 2056 fatere,
1712 1999 1737 2047 tl
1749 1991 1863 2066 decasty-

271 2084 339 2154 ipro.
357 2082 448 2155 litqui
456 2085 533 2153 J'urnt
556 2085 584 2139 in
600 2085 674 2152 creto,
685 2086 802 2157 juratio
817 2086 910 2144 tirone
924 2089 973 2145 Dei
991 2101 1017 2147 et
1038 2091 1065 2147 in
1116 2096 1167 2138 ¹¹³⁵
1186 2081 1324 2138 fluctuum
1346 2087 1426 2137 ²0¹?ae
1455 2095 1512 2137 ¹1⁰ss
1531 2081 1668 2137 θῐῦῑῑῑθῐθ·
1686 2078 1743 2137 Νθΰ
1764 2097 1817 2154 titt
1831 2101 1865 2156 ptr

271 2192 302 2231 eo
311 2177 356 2247 goi
374 2175 445 2232 sedet
457 2191 612 2246 supereum.
1116 2171 1315 2246 eleemosynam
1331 2172 1432 2249 emitur
1441 2171 1589 2243 impunitas
1602 2173 1631 2228 in
1641 2171 1776 2243 iniquitate
1782 2189 1864 2232 manen·

307 2267 359 2336 Qui
373 2269 448 2340 jurat
466 2269 495 2324 in
513 2271 595 2326 altari
609 2271 681 2327 sicut
695 2286 729 2328 er
753 2273 814 2344 ipso
829 2274 970 2331 derivatur
987 2275 1066 2332 obla·
1116 2265 1201 2324 tibus.

271 2371 363 2418 torum
383 2359 580 2427 sanctificatio,
597 2362 636 2418 ita
651 2362 733 2418 etiam
751 2363 936 2433 juramentum
960 2374 1066 2437 spectat
1437 2375 1481 2464 M
1538 2356 1584 2407 ²³⁵

273 2454 308 2510 ad
323 2453 396 2510 dona
409 2470 471 2527 que
484 2471 567 2526 super
583 2454 650 2510 illud
663 2455 825 2513 oderantur.
844 2456 896 2524 Qui
909 2473 975 2514 roro
988 2459 1065 2529 jurat
1488 2438 1501 2462 ⁹
1553 2431 1570 2468 ¹

273 2545 302 2602 in
317 2547 432 2618 templo,
449 2548 612 2619 astringitur
629 2558 802 2606 sacramento
816 2557 844 2606 et
857 2549 1024 2608 continentis
1038 2559 1070 2607 et·

272 2640 411 2704 contenti,
426 2639 661 2696 etsanctilicantis
675 2649 703 2697 et
716 2642 888 2698 sarrctiilcati.
899 2640 1002 2698 iurans
1016 2657 1065 2698 au·

273 2739 329 2790 tear
353 2732 382 2786 in
396 2732 481 2797 coelo,
505 2747 554 2804 per
573 2732 724 2805 subjectam
745 2743 900 2791 creaturam
923 2735 1020 2807 jurat,
1037 2743 1065 2792 et

273 2839 323 2896 per
336 2822 506 2880 divinitatem
523 2825 711 2895 presidentem
725 2832 867 2882 creaturae.
882 2825 984 2898 'lypice
993 2833 1064 2883 tern-

273 2915 349 2986 plum
364 2923 393 2971 et
406 2915 493 2972 altare
506 2915 635 2972 cbristus
645 2923 698 2980 cst,
712 2931 810 2972 aurum
824 2928 852 2974 et
866 2918 967 2974 donum
980 2959 988 2983 ,
1004 2919 1061 2974 lau·

273 3006 323 3064 des
335 3017 364 3064 et
374 3006 508 3064 sacrificia
521 3022 583 3078 qnae
595 3005 652 3064 lieo
671 3007 834 3065 offeruntur.
850 3009 910 3065 lion
928 3011 1001 3066 enirn
1019 3011 1064 3068 ille

273 3115 324 3172 per
341 3101 413 3165 bac,
433 3100 481 3158 sed
497 3100 556 3156 baec
576 3114 626 3170 per
647 3100 724 3157 illum
749 3101 963 3158 sanctiticantur.
988 3101 1065 3176 [llrr-

273 3191 351 3268 ιοιι]
366 3191 530 3250 Sacerdotes
551 3191 708 3249 iudaeorum
721 3193 813 3250 omnia
836 3193 957 3250 avaritia
979 3208 1063 3250 causa

273 3286 417 3352 iacientes,
432 3286 507 3358 impii
527 3295 680 3359 arguuntur
695 3286 857 3359 iniquitatis.
869 3285 899 3343 Si
914 3287 977 3358 quis
989 3287 1064 3344 eninr

273 3379 303 3436 in
321 3380 412 3452 aliqua
430 3393 515 3435 causa
531 3380 660 3452 ambigua
670 3382 725 3450 'per
738 3380 870 3450 templum
885 3379 1023 3450 jurasset,
1037 3387 1065 3436 et

272 3476 369 3543 postea
382 3470 527 3526 convictus
538 3479 612 3526 esset
623 3470 770 3534 mendacii,
786 3485 842 3525 non
857 3471 999 3528 tenebatur
1009 3472 1065 3527 cri-

273 3564 348 3620 mine
362 3578 436 3619 reus.
455 3559 483 3616 Si
495 3569 586 3618 autem
601 3563 771 3634 perjurasset
783 3565 811 3619 in
826 3562 895 3619 aurci
907 3571 935 3619 et
948 3565 1064 3636 pecunia

273 3671 336 3727 qum
359 3654 552 3712 sacerdotibus
573 3655 602 3709 ln
626 3657 729 3726 templo
742 3655 917 3724 offerebatur,
938 3657 1065 3713 dicebant

273 3747 338 3819 quia
352 3746 443 3810 debet,
457 3745 591 3802 subaudis
600 3747 899 3817 tenerejurarnentum,
911 3755 938 3804 et
948 3764 1066 3820 proper·

270 3839 347 3909 Jurio
361 3838 453 3894 statim
470 3837 498 3893 id
513 3838 543 3893 iu
562 3853 617 3910 quo
637 3839 797 3910 juraverat,
812 3841 960 3914 cogebatur
977 3845 1066 3901 ersol·

273 3946 346 3988 rere.
363 3929 497 3995 Rursum,
512 3931 536 3988 si
550 3931 718 4002 perjurasset
731 3933 760 3987 in
775 3933 871 4000 altari,
886 3951 943 3991 non
953 3937 1066 3994 teneba-

273 4033 320 4078 tur
334 4039 398 4080 reus
412 4023 537 4094 perjurii.
555 4023 705 4082 sinautem
719 4027 887 4098 perjurasset
900 4029 930 4084 in
942 4029 1065 4087 donosel
1451 4071 1499 4124 aab
1622 4069 1669 4120 135

273 4118 304 4173 in
323 4116 526 4183 oblationibus,
550 4117 604 4172 boc
619 4117 719 4182 est,in
733 4118 866 4175 bostiaet
884 4123 990 4178 caeteris
1004 4137 1065 4192 quae
1109 4105 1111 4110 ⁵
1353 4093 1416 4182 M·
1468 4150 1484 4187 v
1533 4089 1585 4176 L·

273 4209 427 4266 offeruntur
439 4208 494 4266 Deo
508 4225 592 4281 super
606 4211 709 4277 altare,
730 4210 789 4267 baec
807 4212 1008 4271 studiosissime
1021 4230 1065 4271 re·
1156 4220 1200 4275 l'oe
1224 4219 1296 4275 solis
1317 4217 1418 4274 Scribe
1446 4224 1473 4272 et
1498 4214 1632 4271 Plrnriroei
1660 4210 1805 4285 hypocrite,
1820 4205 1863 4276 iii*

273 4304 411 4376 petebant.
430 4300 553 4376 [Curre]
569 4302 674 4358 llurnrn
687 4319 806 4375 namque
826 4312 854 4360 et
874 4306 946 4361 dona
964 4307 1065 4378 quibus
1115 4310 1249 4365 mandetis
1259 4308 1328 4382 quod
1341 4308 1439 4380 deforis
1453 4315 1491 4362 est
1505 4306 1596 4361 culicis
1611 4313 1636 4361 et
1651 4299 1803 4376 paropsidis,
1814 4297 1863 4349 irtst

272 4397 466 4469 pascebantur,
483 4397 620 4454 sanctiora
632 4396 759 4452 dicebant
768 4413 829 4453 esse
841 4414 923 4470 quarn
934 4401 1064 4471 templum
1116 4411 1203 4458 uatem
1212 4402 1281 4472 pleni
1290 4402 1354 4457 estis
1366 4400 1461 4471 rupino
1474 4408 1499 4455 et
1513 4394 1694 4453 immunditia.
1706 4392 1863 4448 Plurirrttr·

273 4496 302 4543 et
314 4488 413 4551 altare,
433 4493 464 4540 ut
478 4485 603 4542 homines
613 4485 741 4541 offerrent
755 4484 868 4560 [essent]
885 4489 1065 4561 promptiores
1081 4513 1103 4568 D
1117 4513 1159 4560 ce,
1174 4494 1271 4550 mnndi
1280 4495 1353 4565 prius
1372 4491 1441 4565 qood
1459 4493 1530 4548 intur
1543 4499 1581 4547 eat
1596 4489 1690 4545 calicis
1703 4495 1727 4542 et
1740 4479 1863 4556 paropsidis·

275 4579 309 4633 ad
321 4577 393 4633 dona
407 4590 489 4647 quarn
512 4573 548 4629 ad
562 4590 668 4646 preces.
690 4573 747 4631 lloc
764 4576 867 4631 iaciunt
885 4579 974 4634 adbuc
995 4579 1063 4638 insi·
1114 4597 1143 4643 „r
1158 4589 1206 4659 fiat
1221 4595 1246 4642 er
1258 4584 1295 4652 id,
1307 4584 1376 4658 qnod
1386 4583 1486 4656 deforis
1501 4592 1550 4650 eet,
1563 4579 1702 4638 mundum.

274 4669 382 4741 pientes
395 4666 555 4723 Christiani.
571 4665 600 4721 Si
614 4666 705 4737 aliqua
719 4668 791 4723 eniru
802 4668 883 4724 luerit
894 4685 994 4752 causa,
1004 4687 1063 4726 mo-
1150 4676 1288 4754 [llrrnon.]
1304 4677 1423 4734 Diversis
1436 4677 1526 4734 verbis
1536 4675 1632 4732 eodem
1647 4687 1729 4731 sensu
1739 4675 1862 4742 quosupm

273 4759 366 4818 (litum
380 4759 489 4816 Vidtllff
507 4757 598 4814 ficere
612 4758 659 4829 (1¹¹i
671 4758 746 4828 iurat
768 4775 818 4830 per
831 4759 931 4830 ”immi
946 4764 994 4834 (1¹¹1
1014 4779 1064 4819 θυ-
1114 4772 1204 4844 arguit
1213 4785 1261 4826 eos
1276 4768 1458 4824 simulationis
1472 4773 1500 4823 ct
1514 4764 1665 4831 mendacii,
1681 4759 1752 4835 quod
1764 4755 1823 4814 alind
1838 4753 1863 4807 ir

274 4861 328 4908 teru
341 4851 418 4922 jurat
441 4865 491 4920 per
514 4848 703 4919 drangulum,
724 4851 813 4920 majus
831 4853 933 4924 aliquid
956 4855 1064 4911 videtur
1113 4873 1247 4939 quantur,
1271 4871 1299 4921 et
1321 4864 1396 4919 aliud
1419 4863 1449 4918 in
1467 4863 1550 4919 corde
1569 4861 1701 4917 habeant.
1724 4845 1862 4934 [caralit

274 4942 379 5008 lacere,
394 4941 475 5014 (lum
486 4940 558 4998 ⁰0⁰³
574 4948 687 4996 Simius
705 4943 741 4998 ⁸1²
759 4952 870 5017 propter
893 4945 1061 5019 Scriptum,
1113 4959 1241 5032 quoniam
1255 4958 1283 5012 in
1297 4958 1387 5027 specie
1400 4955 1494 5013 calicis
1510 4962 1537 5010 et
1550 4952 1706 5026 paropsidis
1719 4947 1823 5006 bomlncs
1833 4939 1861 4994 li·

273 5043 303 5092 θῑ
314 5051 371 5093 ¹¹⁰ss
385 5033 537 5107 scriviirae
550 5043 663 5108 propter
680 5033 777 5091 ΜΨ·
1113 5052 1161 5115 cit,
1176 5049 1366 5106 rnaniiestatur
1377 5064 1410 5105 ex
1420 5065 1453 5105 eo
1462 5048 1535 5120 prod
1551 5047 1640 5113 addit,
1650 5048 1722 5101 intur
1735 5049 1809 5097 ouen
1818 5033 1861 5090 eor

521 5161 565 5251 Μ
620 5146 668 5196 ast
701 5165 733 5253 L
790 5147 835 5198 litt
1112 5142 1182 5212 pieri
1196 5143 1299 5212 rupino.
1316 5139 1439 5213 [Reate]
1454 5140 1493 5194 dc
1508 5139 1532 5196 si
1550 5137 1644 5194 dicat:
1667 5134 1775 5192 Frustra
1789 5123 1862 5186 sarci

572 5225 584 5251 ⁰
635 5223 653 5260 V
741 5228 754 5254 '
1114 5242 1196 5291 tatenr
1209 5232 1378 5306 praetenditis
1395 5231 1538 5297 exterius,
1562 5230 1636 5288 velut
1656 5230 1681 5286 si
1701 5226 1760 5300 quis
1778 5221 1861 5278 calicem

1151 2501 1236 2560 bocer
1256 2503 1334 2569 eoeei,
1355 2511 1505 2558 acusantes
1521 2503 1650 2568 euticem,
1670 2503 1787 2559 camelum
1802 2515 1864 2559 satra

1114 2596 1264 2668 glutientes.

1151 2686 1289 2764 [Hieron]
1304 2685 1444 2744 camelum
1459 2685 1580 2759 intellige
1596 2685 1800 2758 magnitudinem
1816 2703 1863 2758 pra·

1114 2790 1269 2855 ceptorum,
1282 2780 1417 2852 judicium
1431 2779 1537 2837 scilicet
1551 2787 1578 2836 et
1591 2778 1805 2844 misericordiam,
1815 2778 1864 2833 etl·

1114 2873 1175 2932 dern
1199 2872 1413 2932 et.charitatem
1428 2871 1485 2929 liei.
1510 2869 1632 2928 Culicem
1658 2878 1761 2937 autem,
1777 2869 1864 2927 decimu

1114 2968 1231 3025 menthae
1244 2974 1272 3023 et
1287 2967 1379 3024 anethi
1395 2973 1423 3023 et
1437 2965 1538 3038 cymini
1552 2972 1580 3022 et
1602 2972 1673 3020 rutae
1686 2971 1713 3021 et
1734 2963 1863 3034 religuonm

1113 3061 1208 3118 rilium
1220 3061 1336 3116 olerum.
1349 3057 1453 3115 Sensus
1467 3065 1523 3114 est:
1544 3055 1597 3113 Per
1618 3056 1670 3113 boc
1689 3055 1753 3112 estis
1768 3055 1820 3111 mci
1831 3054 1864 3109 ln·

1114 3250 1172 3308 est,
1189 3243 1327 3316 inquiritis
1344 3243 1415 3299 sicut
1424 3242 1467 3298 lac
1480 3242 1587 3298 colatur
1596 3281 1605 3307 ‚
1614 3239 1735 3297 decimas
1749 3239 1817 3296 etian
1825 3237 1865 3292 len

1113 3337 1222 3401 barum,
1237 3343 1264 3393 et
1276 3335 1400 3408 glutitis,
1420 3333 1447 3390 id
1472 3339 1515 3391 est
1535 3331 1718 3401 absconditis,
1739 3331 1801 3389 sicut
1819 3327 1864 3383 illul

1113 3429 1187 3501 quod
1196 3427 1311 3500 'glutitur
1326 3426 1515 3496 absconditur,
1526 3426 1632 3497 maiora
1641 3431 1777 3497 praecepta.
1787 3419 1863 3476 tura:

1113 3521 1236 3579 Culicem
1248 3520 1356 3588 colare,
1369 3525 1412 3576 est
1426 3517 1567 3574 minimam
1582 3516 1814 3590 transgressionem
1824 3519 1864 3568 aa

1114 3613 1191 3670 diose
1204 3614 1301 3670 citare.
1316 3610 1365 3668 Est
1377 3611 1450 3668 enim
1461 3611 1540 3668 culex
1555 3611 1671 3666 nrinirua
1690 3607 1809 3665 muscula.
1820 3618 1862 3678 qua

1115 3705 1208 3764 subtili
1226 3705 1396 3762 excolatione
1411 3702 1566 3760 excluditur
1579 3716 1594 3756 a
1610 3701 1726 3772 liquore.
1736 3697 1822 3768 Etonia
1833 3709 1864 3750 ca·

1114 3799 1202 3854 melus
1214 3811 1342 3869 magnum
1353 3796 1454 3852 animal
1469 3802 1510 3852 est
1520 3802 1602 3866 atque
1617 3793 1753 3858 deiorrne,
1763 3788 1863 3846 camelum

1115 3890 1243 3956 devorat,
1267 3889 1315 3962 qui
1333 3903 1458 3960 magnam
1481 3886 1733 3959 prevaricationem
1753 3882 1819 3938 iaclle
1836 3881 1864 3934 ir·

1114 3985 1211 4040 currit.

314 5311 361 5368 '¹0
373 5313 444 5368 ”⁰⁶5¹
458 5311 560 5370 ΜΨ
571 5321 597 5366 ‘¹
609 5310 744 5371 Phasim
754 5315 915 5387 hypocrite,
934 5318 979 5388 qui
992 5318 1064 5372 deci·
1112 5323 1225 5381 mundet
1237 5324 1373 5390 caterius,
1386 5325 1461 5380 intus
1472 5331 1562 5380 auum
1574 5322 1712 5394 relinquat
1720 5317 1809 5376 sortita,
1818 5321 1861 5364 mn

274 5407 355 5459 motis
369 5407 501 5462 mitum
515 5419 540 5464 et
554 5411 677 5465 mitam
697 5419 723 5465 et
737 5410 870 5481 cymmrun
884 5416 909 5462 et
930 5417 1017 5462 rutum
1038 5417 1063 5464 et
1112 5417 1254 5486 usuarius
1269 5416 1305 5474 sit
1320 5416 1443 5472 interior.
1468 5414 1545 5473 Pleni
1559 5421 1623 5472 sunt
1641 5414 1712 5471 calix
1728 5419 1754 5470 et
1769 5401 1860 5481 percpi!

270 5515 350 5552 mm
364 5501 439 5564 ΜΝ,
453 5509 479 5554 ti
492 5501 638 5572 “lissinis
648 5519 707 5573 Μ
719 5502 843 5573 praviora
854 5509 916 5554 “mi
926 5498 1001 5572 lesit,
1016 5501 1064 5568 ἐν·
1113 5508 1209 5578 rapina
1222 5515 1249 5563 et
1262 5507 1452 5575 immunditia,
1465 5510 1529 5580 quia
1542 5509 1614 5581 quod
1629 5507 1723 5564 bibitis
1736 5511 1761 5562 et
1776 5495 1861 5557 nandr-

273 5589 372 5645 dicium
393 5601 419 5647 et
439 5592 647 5650 misericerdiam
658 5604 684 5650 et
699 5594 778 5666 fidem
796 5603 821 5647 et
832 5590 989 5647 cbomtotem
1002 5590 1061 5648 liei.
1113 5602 1195 5665 catis,
1211 5599 1272 5656 aliis
1286 5600 1418 5667 aufertis,
1433 5609 1461 5658 et
1475 5617 1523 5673 per
1532 5601 1585 5658 boc
1594 5609 1676 5673 potus
1686 5607 1713 5655 et
1722 5597 1860 5653 cibusrester

275 5680 342 5738 linc
351 5685 469 5754 oportuit
479 5684 576 5754 locere,
588 5694 614 5741 et
625 5687 676 5742 ilia
688 5704 741 5741 non
755 5687 884 5741 omittere.
1114 5690 1312 5769 immunditiam
1330 5690 1432 5748 babent
1452 5700 1637 5764 peccatorum,
1667 5689 1791 5745 Praebet
1806 5689 1860 5738 cust

311 5772 368 5831 iliis
386 5775 501 5832 rerbum
517 5775 673 5846 desirantir,
694 5777 875 5846 dubiumst,
891 5790 955 5832 narn
967 5783 996 5833 et
1015 5777 1063 5849 qui
1115 5778 1207 5850 idest,
1223 5765 1384 5852 indiscrete,
1402 5780 1501 5838 muodo
1511 5783 1585 5853 priua
1598 5781 1673 5856 quod
1686 5789 1732 5836 tue
1752 5769 1860 5848 ipsiorrd

1076 3165 1176 3224 fices,
1197 3151 1225 3206 id
1238 3159 1279 3207 cst
1292 3149 1438 3221 improvidi
1462 3147 1607 3214 ductores,
1624 3147 1689 3220 quia
1706 3146 1833 3210 excolatis,
1845 3143 1864 3198 il
1927 3169 1928 3180 ,
