3967 6334
33 304 117 365 {2¹3
511 311 572 371 biii.
592 312 637 369 Dii
655 312 768 371 ustus
786 311 820 369 tit
840 310 958 371 ADfflN.
981 311 1051 370 SUA
1069 310 1203 371 sestis,
1600 309 1670 369 tert

33 436 144 491 mum,
161 436 211 493 pro
230 430 349 493 quatuor
370 422 466 494 viginti
489 426 590 481 marcis
604 426 719 498 argenti,
740 433 768 483 et
782 425 836 481 alia
849 433 873 488 A
886 432 971 495 portae
1000 424 1150 481 parisiensi
1177 438 1273 481 versus
1300 420 1329 479 S.
1354 420 1529 489 liederieum‚
1555 423 1673 483 emimus

32 529 147 587 magna
163 516 233 572 sicut
254 516 362 571 dicebat
380 516 554 574 denariorum
572 520 696 590 pecunia.
716 518 772 575 Nos
786 535 836 575 ao·
886 517 960 574 mille
971 516 1076 582 solidis,
1092 515 1222 588 quoniam
1233 530 1295 571 cnm
1306 513 1463 585 frequenter
1479 516 1674 573 interessemus

32 612 101 661 tem
121 617 151 665 et
164 608 257 665 viliam
277 608 373 680 viginti
397 610 484 667 libras
503 619 550 666 aut
569 612 631 682 ptus
645 613 788 678 valentem,
807 620 837 668 et
886 610 1003 680 negotiis
1015 610 1170 681 reginmar
1180 616 1207 665 ct
1220 622 1305 679 equos
1315 614 1437 671 nostros,
1459 607 1507 663 sed
1522 616 1549 665 et
1564 623 1675 666 succes·

35 695 125 767 ipsos
138 698 233 755 decem
250 699 354 756 solidos
372 714 471 771 magno
493 711 614 773 sumpto,
641 701 766 759 videlicet
783 701 836 759 tria
886 716 964 757 sores
985 708 1099 757 nostros
1129 700 1228 757 ibidem
1243 699 1396 777 ,bonotius
1416 700 1549 771 hospitari
1563 698 1674 771 dignum

36 785 136 843 millia
157 788 307 845 solidorum
326 789 464 845 reddendo
481 789 608 847 liattbaeo
619 792 654 849 de
668 790 837 849 lioatemau·
885 791 1024 847 duximus.
1040 790 1079 849 De
1092 800 1172 867 porta
1181 806 1246 847 vero
1256 789 1416 854 Parisiensi,
1427 806 1488 862 quae
1501 790 1605 847 solebat
1614 788 1675 847 red·

34 880 189 945 reneiaco,
202 880 249 953 qui
267 896 327 938 eam
342 897 477 952 occupare
490 883 607 939 libenter
620 883 773 955 protudaeo
784 899 837 941 suo
885 885 951 941 dere
966 899 1017 939 ιιι.
1035 884 1130 949 libras,
1144 881 1341 955 quinquaginta
1357 882 1438 937 nobis
1453 882 1551 948 reddit,
1567 882 1613 938 ubi
1633 880 1677 939 in·

34 971 142 1038 veltet,
159 973 247 1045 ipsios
259 989 324 1030 vero
336 973 422 1031 iudei
436 976 516 1031 uxori
529 976 622 1032 decem
637 976 733 1043 libras,
747 984 775 1033 et
787 977 837 1033 de·
886 983 1056 1033 crementum
1070 982 1115 1032 est
1127 974 1238 1047 triginta
1253 982 1281 1031 et
1295 980 1359 1029 oeta
1369 974 1500 1031 librarum

34 1077 108 1119 cem
119 1066 228 1122 modios
237 1065 368 1123 fruenti
383 1066 538 1132 reddentes.
553 1068 793 1125 retraximoseoe:
808 1074 838 1127 et
1131 1134 1134 1141 ⁴
1200 1064 1313 1123 CAPUT
1327 1063 1360 1127 ll.

33 1152 75 1208 de
92 1154 192 1211 mecm
202 1156 264 1212 aliis
277 1157 306 1213 in
322 1157 511 1214 emendatione
524 1158 595 1214 vitta
608 1159 789 1215 ministerium
802 1158 837 1215 il·
1166 1156 1206 1214 De
1219 1156 1393 1213 Tremdticco.

34 1245 91 1301 bad
105 1248 169 1305 sine
186 1250 329 1307 exactione
344 1250 460 1307 fecimus
471 1251 650 1321 augmentari.
665 1250 735 1308 Cum
754 1250 838 1321 igitur
922 1246 990 1303 Cum
1003 1245 1098 1305 eadem
1116 1245 1180 1305 vilia
1195 1248 1288 1305 moltis
1301 1248 1420 1320 angariis
1430 1264 1445 1303 a
1455 1248 1554 1306 comite
1565 1248 1677 1307 Domui-

34 1343 158 1392 eonstet
178 1334 280 1393 sactum
300 1336 334 1393 de
354 1338 447 1393 decem
466 1336 563 1404 ludaei,
585 1337 716 1394 etdecem
732 1336 840 1393 noviter
886 1339 1008 1405 martini,
1019 1337 1146 1397 videlieet
1163 1340 1305 1397 exactione
1322 1340 1413 1405 tallia,
1430 1338 1559 1397 frumenti
1572 1340 1678 1399 aeiliret

34 1427 233 1496 augmentatis
253 1428 471 1499 uniuscujusque
496 1429 561 1484 anni
584 1427 768 1493 hebdomade,
797 1428 838 1485 vi·
887 1429 1008 1502 quinque
1022 1431 1186 1497 modiorum,
1202 1448 1271 1503 quos
1288 1433 1313 1489 ei
1328 1448 1378 1505 pro
1392 1448 1460 1505 paee
1474 1449 1677 1502 concesseram,

32 1516 115 1583 ginti
131 1516 282 1573 solidorum
302 1527 489 1590 augmentum,
508 1520 706 1592 quinquaginta
722 1520 791 1577 duas
805 1519 839 1577 li·
888 1535 950 1576 cttm
963 1518 1024 1592 ipse
1036 1521 1139 1576 talliam
1153 1536 1203 1592 pro
1214 1523 1410 1579 voluntatesua
1420 1522 1510 1581 iacere
1520 1523 1680 1583 consuevis-

32 1604 114 1664 bras
136 1608 269 1688 eliciunt,
290 1608 325 1666 de
344 1610 408 1665 villa
425 1611 492 1667 ve'ro
505 1612 609 1683 viginti.
625 1610 731 1669 Census
747 1619 839 1669 autem
889 1620 947 1681 set;
963 1612 1105 1669 exactione
1118 1612 1245 1676 arietum,
1261 1620 1288 1669 et
1298 1612 1456 1685 hospitandi
1469 1613 1497 1669 in
1511 1615 1574 1671 villa
1586 1614 1679 1671 multis

33 1700 173 1766 ejusdem
187 1700 260 1757 vitiae
281 1702 308 1757 in
327 1703 433 1759 oetavis
451 1700 479 1758 S.
497 1702 618 1775 Dionysii
641 1701 785 1759 duodecim
805 1701 839 1756 li·
888 1704 997 1760 vicibus
1020 1703 1048 1758 in
1073 1718 1145 1759 anno
1173 1702 1207 1759 de
1229 1704 1396 1760 rusticorum
1415 1706 1580 1777 sumptibus.
1603 1704 1680 1763 lianc

32 1790 124 1857 bras,
140 1794 190 1864 qni
209 1793 291 1850 modo
305 1802 415 1851 constat
427 1794 524 1865 viginti
542 1801 570 1851 et
583 1796 655 1865 plus,
670 1796 743 1852 uude
758 1794 840 1865 hujus
854 1766 875 1823 Β
890 1810 984 1867 paoem
1000 1810 1051 1866 pro
1065 1794 1245 1853 bisomnibus
1255 1810 1317 1851 cum
1333 1798 1432 1856 comite
1442 1797 1568 1863 lecimus,
1578 1805 1608 1853 ut
1622 1804 1680 1855 tota

33 1884 83 1937 rei
101 1884 266 1941 inerementi
281 1886 358 1942 libre
368 1896 440 1947 octo.
455 1896 482 1942 et
498 1896 560 1941 octo
573 1886 607 1942 de
618 1886 735 1957 quadam
746 1887 839 1953 domo,
889 1886 953 1942 villa
971 1884 999 1940 in
1022 1901 1088 1957 pace
1108 1884 1188 1941 trebie
1202 1895 1354 1942 remaneret
1374 1886 1479 1959 absque
1494 1890 1637 1945 exactione
1652 1894 1681 1943 et

34 1990 133 2043 quam
149 1977 321 2034 constituens
334 1976 361 2033 in
374 1978 488 2033 macello
500 1979 637 2049 emptione
646 1978 790 2049 cujusdam
800 1979 841 2033 al·
889 1976 1087 2034 cmsuctudine
1100 1976 1202 2047 aliqua,
1217 1986 1243 2031 et
1252 1992 1304 2033 nos
1315 1992 1364 2049 pro
1377 1978 1437 2048 ejus
1450 1978 1571 2035 hominio
1586 1978 1680 2035 decem

33 2068 135 2122 terius
145 2067 254 2132 domus,
267 2068 363 2126 usibus
378 2070 548 2135 semideum,
568 2068 685 2127 fratrum
699 2070 840 2127 inssrman-
890 2070 975 2126 libras
989 2070 1105 2141 singulis
1120 2068 1200 2125 annis
1212 2068 1246 2124 be
1261 2069 1401 2141 marsupio
1416 2077 1512 2126 nostro
1531 2070 1559 2126 in
1574 2070 1680 2127 oetavis

33 2157 117 2216 tium
132 2161 328 2217 sustentationi
346 2162 523 2217 contulimus.
551 2159 619 2219 Sunt
641 2162 725 2234 igitur
744 2171 841 2234 quater
892 2159 920 2216 S.
938 2159 1060 2233 Dionysii
1073 2160 1097 2216 ei
1113 2158 1252 2218 daremus.
1271 2158 1327 2215 Nos
1348 2167 1436 2215 autem
1451 2161 1573 2217 eamdem
1588 2160 1680 2216 villam

33 2250 147 2321 viginti
166 2260 194 2307 et
215 2251 320 2309 decem.
342 2251 380 2309 De
406 2253 521 2325 pedagio
543 2269 608 2309 vero
629 2254 723 2326 viginti
746 2254 839 2323 libras,
891 2252 995 2309 abhoc
1016 2252 1146 2307 libentius
1166 2250 1372 2318 aedificavimus,
1386 2259 1413 2308 et
1432 2252 1459 2307 in
1475 2252 1586 2307 introitu
1610 2252 1682 2309 villae

33 2355 112 2395 cum
126 2343 205 2413 prius
219 2350 312 2399 essent
323 2343 504 2416 qnadraginta
527 2344 669 2401 librarum.
680 2342 736 2401 Nos
750 2352 842 2399 numm
891 2359 989 2399 novam
1004 2342 1109 2401 coriam
1124 2358 1185 2398 cum
1201 2342 1332 2413 granchia
1352 2357 1421 2397 nova
1435 2342 1502 2413 erigi
1518 2342 1643 2409 fecimus,
1654 2352 1682 2399 et

33 2432 113 2488 inde
128 2450 202 2505 sepe
217 2434 362 2491 babuimus
372 2435 511 2506 sexaginta
522 2443 550 2490 et
560 2434 666 2503 decem;
682 2450 743 2489 cum
755 2434 842 2489 multo
891 2443 922 2491 ut
931 2437 960 2490 in
967 2451 1000 2491 ea
1013 2434 1102 2506 campi
1117 2449 1182 2507 pars
1196 2434 1367 2499 universalis,
1382 2441 1409 2488 et
1419 2442 1537 2505 quatuor
1549 2450 1682 2490 carruca-

33 2527 123 2597 pius,
140 2528 194 2583 nisi
214 2528 348 2599 rapinam,
373 2537 401 2585 et
422 2528 525 2599 rapinae
538 2527 840 2591 anathematizaremus,
892 2542 963 2590 rum,
979 2526 1008 2580 in
1027 2526 1204 2591 attererem,
1225 2540 1285 2595 quae
1300 2524 1327 2579 in
1342 2524 1492 2595 municipio
1500 2532 1552 2592 cst,
1571 2525 1683 2581 decima

34 2614 131 2671 facite
147 2632 312 2687 unoquoque
325 2632 398 2673 anno
413 2618 674 2687 habetepossemus.
892 2626 1028 2674 terramm
1046 2624 1253 2688 reponerentur,
1270 2623 1297 2672 et
1312 2617 1338 2671 in
1355 2616 1684 2688 utraqueosibusnostris

81 2704 125 2761 De
142 2705 247 2761 indicto
265 2722 340 2771 vero,
361 2707 434 2779 quod
456 2708 584 2764 dominus
598 2706 754 2767 bodonicus
765 2716 843 2781 pater
893 2708 1026 2765 stramina
1040 2713 1255 2765 reservarentur.
1272 2705 1380 2763 Etcum
1396 2707 1539 2765 decadem
1557 2709 1622 2764 villa
1636 2717 1683 2763 art

33 2796 132 2852 beato
148 2798 278 2871 Dionysio
291 2799 376 2864 dedit,
392 2807 529 2856 trecentos
544 2800 646 2857 solidos
656 2799 747 2872 quiete
756 2809 783 2857 et
795 2817 843 2873 pa·
893 2800 938 2854 vix
961 2806 1010 2853 aut
1024 2811 1165 2869 nunquam
1183 2804 1280 2868 quater
1293 2797 1389 2869 viginti
1408 2804 1435 2855 et
1456 2798 1550 2855 decem
1576 2800 1683 2855 modios

34 2890 140 2953 eitiee,
153 2892 395 2965 trigintaquinque
410 2893 444 2949 de
455 2909 539 2949 censu
556 2880 697 2949 stallorum
710 2894 843 2964 pistorum
892 2902 1064 2943 annonarum
1083 2887 1147 2942 olim
1165 2884 1266 2943 habere
1281 2902 1434 2958 possemus,
1459 2886 1492 2942 ad
1512 2887 1564 2943 boe
1592 2888 1683 2960 ipsum

34 2985 68 3038 in
88 2992 209 3043 mnam
224 3000 293 3055 quos
314 2987 343 3041 yn
357 2987 426 3043 [0510
437 2987 578 3042 beatorum
592 2987 780 3057 apostotorum
793 2985 844 3042 pe.
893 2992 951 3033 rem
966 2975 1129 3032 deduximus
1143 2974 1216 3046 quod
1232 2975 1363 3033 ducentos
1376 2977 1482 3034 modios
1491 2978 1583 3034 decem
1594 2980 1685 3037 minus

32 3077 79 3130 tri
94 3084 126 3130 et
141 3074 218 3132 Pauli
233 3076 374 3133 refectioni
390 3076 516 3133 Fratrum
537 3077 733 3148 apposuimus:
750 3077 842 3135 decem
856 3104 879 3161 c
894 3065 957 3121 1¹¹⁶ss
970 3080 985 3119 ³
998 3064 1100 3135 milwe
1110 3072 1205 3120 ¹¹⁰Sli⁰
1227 3064 1375 3123 b³b0ffl¹¹⁵²
1390 3075 1467 3121 effla
1489 3067 1541 3122 ¹¹⁰0
1551 3066 1623 3137 ‘liffld
1636 3082 1682 3123 ὅθ’·

34 3169 158 3225 solidos
179 3169 213 3225 de
231 3168 348 3225 Girardo
365 3176 463 3243 nepote
484 3183 556 3234 meo,
570 3169 691 3241 quinque
713 3169 842 3226 dedomo
894 3158 1010 3225 minant,
1026 3166 1054 3213 et
1066 3155 1139 3229 quod
1152 3156 1277 3213 bubulcis
1291 3164 1319 3213 et
1332 3158 1422 3213 bubus
1430 3158 1562 3231 quidquid
1571 3174 1684 3216 neeesse

31 3274 112 3320 sua.
140 3265 170 3313 et
185 3260 304 3330 quinque
329 3258 363 3315 dc
384 3258 509 3315 theloneo
531 3260 670 3330 garantiae.
694 3258 732 3314 De
745 3258 842 3331 plateis
892 3250 977 3307 inerit
990 3246 1212 3314 amministrant‚'
1222 3254 1250 3304 et
1261 3248 1385 3304 carrucis
1394 3249 1480 3305 boves
1489 3256 1517 3304 et
1529 3249 1685 3307 necessaria

32 3350 732 3422 donatusGuiltelmicormeilensis‚quamegoemi
745 3360 844 3423 quater
892 3344 985 3400 omnia
1011 3342 1196 3415 suppeditant
1219 3349 1332 3413 Ρῑῠβῑθῐ
1353 3340 1427 3412 blod
1448 3340 1522 3396 furni
1548 3341 1685 3397 reddiitm

31 3444 151 3515 viginti
167 3444 260 3507 libras.
270 3458 383 3501 censum
390 3443 545 3514 quindecim
556 3444 705 3499 solidorum
713 3443 843 3504 denibus
892 3434 1003 3491 babent.
1020 3433 1075 3491 N⁰⁵
1090 3450 1154 3491 lew
1167 3449 1280 3491 censum
1296 3440 1421 3488 ¹¹⁰⁵ifi¹¹¹¹
1431 3442 1457 3489 ⁸¹
1471 3439 1684 3501 leniamffl'ii'm·

31 3535 255 3599 mamanibus,
270 3535 383 3607 reliquia
397 3535 503 3591 duabus
526 3536 696 3592 vacantibus.
716 3532 748 3591 la
758 3536 844 3592 cunr·
893 3535 920 3583 et
941 3534 1183 3591 inarrassemus,
1199 3516 1226 3581 οὶ
1245 3524 1397 3589 forisfacto,
1412 3532 1440 3581 er
1455 3525 1558 3579 vatnam
1573 3539 1622 3595 aro
1637 3539 1686 3579 vo·

30 3625 114 3681 cula
136 3624 253 3682 [farrum
281 3627 311 3681 in
329 3641 427 3693 vacuo,
443 3626 477 3684 de
490 3628 570 3684 novis
584 3627 739 3698 hospitibus
761 3644 844 3686 κῃ.
894 3618 1001 3675 luntate
1015 3626 1111 3675 nostra
1125 3617 1268 3675 babemus.
1290 3616 1342 3673 Ubi
1357 3617 1556 3673 incrementum
1571 3631 1686 3671 annonae

30 3720 128 3792 ginta
150 3726 179 3774 et
201 3718 295 3775 decem
319 3718 423 3775 solidos
443 3720 478 3776 de
491 3734 690 3777 annnocenso.
715 3719 753 3777 De
767 3722 844 3778 curia
893 3724 996 3789 quater
1010 3714 1104 3785 viginti
1114 3722 1141 3769 et
1150 3714 1244 3769 decem
1257 3712 1411 3767 modiorum
1424 3710 1560 3768 consistit.
1574 3708 1686 3766 (loriam

31 3824 118 3867 vero
128 3817 277 3881 quaextra
289 3809 381 3865 villam
393 3818 445 3875 est,
455 3825 517 3865 cum
531 3826 582 3867 uec
600 3812 780 3882 uuusbospes
792 3810 862 3867 un·'
894 3816 985 3863 autem
1000 3807 1141 3876 antiquam
1166 3818 1245 3858 muro
1266 3802 1414 3866 citrximits,
1433 3799 1543 3856 domum
1564 3798 1687 3855 ecclesie

31 3918 136 3974 qoam
150 3902 187 3956 ibi
201 3902 359 3965 mansisset,
369 3902 631 3960 sedaservientibus
640 3904 768 3977 expensis
778 3920 844 3975 pro·
894 3902 1070 3957 inhaerentem
1098 3912 1167 3970 pene
1185 3896 1381 3953 defensabilem
1404 3893 1506 3949 ibidem
1535 3893 1684 3949 ereximus.

29 3997 119 4069 priis
136 4005 310 4061 servaretur,
323 4003 378 4051 tam
395 3994 466 4053 inea
480 3997 599 4067 quantia
611 3997 663 4051 alia
677 3997 845 4054 novaeidem
894 3988 1118 4058 (immunitione
1134 4000 1308 4043 tucoessbies
1322 3985 1409 4041 nostri
1423 3990 1450 4039 ⁰1
1465 3998 1531 4040 sitos
1541 3989 1569 4039 ei
1584 3998 1644 4045 sua,
1661 3982 1686 4038 ti

32 4087 210 4158 anamma,
220 4096 316 4157 quater
330 4087 426 4159 viginti
438 4096 509 4144 0200
523 4088 640 4159 amptius
655 4089 734 4147 novt,
752 4089 847 4161 hospy.
895 4083 995 4157 placet,
1011 4087 1107 4135 eontra
1122 4094 1230 4134 omnem
1253 4078 1359 4133 bostem
1381 4075 1527 4133 defendere
1546 4081 1684 4146 poterunt.

30 4182 127 4235 anons
144 4178 254 4249 postera
274 4178 372 4251 viginti
392 4180 470 4235 nom
487 4186 595 4234 consen
623 4181 738 4251 stagnus
766 4184 846 4239 aurun
1205 4168 1319 4225 CAPUT
1337 4166 1381 4225 ¹¹¹·

31 4278 270 4343 augmentatum.
284 4270 335 4326 Ubi
346 4274 439 4335 etiam,
451 4272 554 4328 scilieet
564 4272 636 4344 apud
644 4271 673 4327 S.
681 4272 845 4341 Lucienum,
983 4261 1023 4316 90
1037 4276 1113 4330 'tilii
1114 4262 1230 4315 05‘150'1‘
1244 4258 1453 4331 Ᾱῐθθηῐθῑῖθηῑῑ*
1469 4255 1593 4311 “5⁶⁰⁶oe-

31 4376 156 4432 niagno
171 4369 292 4433 sumptu,
310 4364 374 4433 quia
395 4362 516 4419 Ecclesia
541 4363 584 4419 his
599 4363 677 4420 vaide
695 4364 843 4437 indigebat,
930 4353 999 4410 Cum
1013 4360 1092 4408 aetuie
1105 4352 1215 4408 docibili
1231 4350 1496 4407 adolescentiaemeae
1507 4347 1633 4417 antiquas
1643 4362 1688 4402 til·-

31 4458 182 4512 „pausum
197 4455 338 4511 tinearum
355 4454 412 4511 tere
424 4463 522 4526 quater
539 4442 635 4526 viginti
649 4471 845 4526 arpennorum,
861 4462 884 4521 p
898 4447 977 4501 marii
1000 4446 1206 4518 possessionum
1220 4445 1388 4501 revolverem
1402 4442 1528 4504 chartas,
1545 4446 1574 4495 et
1589 4439 1688 4495 immu-

32 4556 72 4601 ut
90 4546 187 4609 aiunt,
200 4543 348 4615 plantando
360 4545 448 4600 excoli
459 4543 584 4600 fecimus.
592 4543 643 4600 Cui
653 4545 687 4600 ad
697 4547 845 4601 maximum
895 4538 1012 4595 nitatum
1024 4536 1112 4591 biblos
1124 4542 1234 4607 propter
1243 4536 1389 4589 multorum
1399 4532 1627 4588 calumniatorum
1641 4529 1689 4585 im·

30 4637 181 4695 eeclesiae
201 4637 373 4692 commodum
399 4637 473 4710 ipsas
486 4636 582 4708 viginti
609 4637 702 4704 libras,
725 4645 758 4697 nt
783 4638 848 4695 inde
896 4626 1263 4702 probitatesirequentarem
1282 4625 1380 4681 crebro
1388 4622 1515 4677 manibus
1527 4620 1690 4677 occurrebat

30 4732 123 4787 bene
137 4729 291 4791 excolatur.
307 4730 490 4786 instituimus:
502 4728 626 4784 consulte
635 4728 744 4799 quidem
755 4730 846 4785 omnia
896 4718 1069 4776 deGoenobio
1079 4714 1280 4787 Argentoilensi
1290 4712 1457 4770 fundationis
1468 4712 1564 4767 cbarta
1575 4710 1610 4765 ab
1621 4708 1689 4765 lier-

29 4836 101 4894 pro
117 4818 227 4875 deiectu
242 4820 316 4886 vini,
337 4819 401 4890 quia
421 4820 521 4889 saepius
537 4834 635 4874 eruces
648 4826 675 4875 et
689 4821 804 4887 calices.
820 4832 848 4879 et
896 4810 1020 4866 mentiti)
1033 4807 1186 4880 ⁰⁸⁰0¹¹l¹¹l30
1201 4806 1262 4876 ejus
1275 4804 1400 4869 Nummi·
1417 4804 1445 4859 5¹¹
1460 4818 1513 4874 qua
1526 4800 1690 4857 0⁰¹¹²¹¹¹0b³·

32 4912 139 4985 pallia
156 4910 251 4968 multis
262 4912 291 4967 in
305 4912 383 4975 locis,
399 4918 427 4967 et
441 4910 523 4967 etiam
537 4910 670 4966 betiniaci
682 4912 710 4965 in
724 4912 849 4969 vadimo-
897 4909 941 4958 tur
953 4901 1027 4973 quod
1043 4916 1058 4955 a
1078 4908 1202 4970 tempore
1215 4897 1304 4971 Pipini
1325 4896 1398 4969 regis
1413 4894 1488 4951 Beati
1504 4892 1627 4965 Dionysii
1641 4892 1690 4947 ab·

29 5006 96 5062 ῃῑο
113 5004 298 5074 ponebantur,
313 5004 529 5060 molendinorum
549 5019 614 5059 avaro
631 5003 752 5075 ejusdem
763 5006 848 5062 castri
896 4994 971 5050 batia
986 4992 1138 5049 exstiterat.
1166 4990 1220 5047 Sed
1234 4989 1351 5065 quadam
1366 4986 1512 5043 occasione
1525 4986 1687 5040 contractus

29 5094 117 5152 talis
129 5100 176 5148 est
189 5094 383 5165 augmentatio.
398 5085 472 5165 qood
491 5109 554 5149 cum
569 5094 635 5149 olim
661 5094 775 5167 singulis
790 5096 848 5153 die-
897 5084 1063 5143 ineommodi
1084 5084 1111 5139 in
1125 5089 1247 5155 tempore
1261 5080 1353 5139 iterati
1367 5078 1457 5153 itagni
1479 5076 1526 5131 litii
1547 5076 1607 5146 ejus
1622 5074 1690 5128 alie·

30 5189 104 5246 bus
134 5184 259 5255 quinque
275 5186 365 5242 minas
391 5184 521 5241 sarmenti
549 5184 676 5240 Fratrum
701 5186 848 5243 refectorio
896 5185 960 5235 nata
976 5178 1075 5233 luerat.
1096 5175 1230 5231 Praelatus
1244 5173 1317 5230 enim
1329 5172 1477 5245 imperator
1496 5175 1526 5222 ut
1540 5164 1689 5239 quamdam

28 5276 174 5341 reddere
189 5276 408 5341 consuevissent,
436 5278 519 5333 modo
543 5278 659 5349 singuiis
673 5276 770 5344 (liebus
784 5288 849 5336 octo
897 5272 979 5327 stilum
992 5286 1069 5327 suam
1079 5266 1282 5324 matrimonium
1294 5265 1442 5320 humanum
1451 5265 1624 5315 recusantem
1636 5255 1690 5311 ibi·

30 5369 175 5429 reddere
185 5383 240 5424 non
250 5368 397 5425 desistunt.
409 5368 531 5437 Quorum
542 5370 737 5426 incrementum
749 5370 782 5427 de
791 5372 848 5426 ein-
896 5364 958 5421 dem
966 5362 1132 5417 abbatissam
1141 5354 1392 5414 sanctimonialium
1401 5351 1590 5412 constitueret.
1600 5361 1688 5417 witi·

29 5462 129 5538 gulis
144 5460 364 5517 bebdomadibus
377 5470 452 5519 certa
464 5462 669 5533 compotatione
688 5461 845 5528 deductum,
896 5463 942 5511 eto
955 5460 987 5508 ut
997 5460 1059 5524 post
1072 5458 1188 5507 mortem
1210 5450 1270 5520 ejus
1284 5450 1312 5503 iu
1332 5461 1412 5503 usum
1426 5442 1550 5519 ecelesia
1565 5445 1686 5495 reverte-

29 5552 243 5629 quadraginta
257 5551 365 5609 modios
385 5551 500 5608 dimidio
516 5552 610 5609 minus
633 5550 740 5623 recipit.
760 5548 848 5607 Dena-
896 5554 982 5611 retur,
997 5545 1032 5601 ab
1045 5544 1142 5599 abbate
1155 5550 1183 5598 et
1195 5541 1325 5597 iratribus
1344 5539 1510 5596 obtinuerat.
1527 5532 1580 5590 Sed
1594 5530 1693 5631 turbas

29 5652 165 5705 riorum
179 5658 244 5700 vero
262 5644 459 5700 incrementum
474 5644 575 5717 septies
587 5645 683 5716 viginti
704 5653 733 5701 et
746 5660 793 5701 sex
813 5644 848 5700 li·
896 5637 964 5695 lieni
977 5636 1055 5709 regni
1068 5634 1186 5693 liliorum
1201 5633 1249 5689 dlii
1264 5633 1335 5705 ejus,
1347 5628 1474 5687 videlicet
1488 5622 1619 5683 Ludoviei
1632 5618 1686 5689 ra.

30 5746 121 5813 lyras
136 5750 167 5801 et
175 5736 269 5795 decem
278 5733 505 5798 solidosconslat.
517 5736 641 5806 Domum,
653 5752 713 5820 quae
723 5744 847 5820 superest
899 5732 1076 5792 altercatione
1088 5771 1094 5799 ‚
1111 5727 1297 5807 quoadusque
1309 5724 1507 5805 supervixerat,
1523 5716 1617 5797 perfici
1631 5728 1689 5779 net
