3967 6334
228 301 297 359 lat:

779 291 916 352 §.dodun
936 291 1083 348 ABBdTlS
1103 290 1133 346 S.
1154 289 1303 348 bloulsu

1804 279 1869 336 ibt!

235 421 1869 475 agg-mmm.

577 598 1080 756 EPISTOLAE
1137 595 1521 752 SUGERll

860 859 1010 920 daunais
1034 861 1064 918 S.
1090 857 1241 917 aldulsu

229 1033 470 1101 adsacrum
491 1030 535 1091 lll
553 1042 677 1108 papam,
696 1039 802 1103 regem
822 1025 1012 1086 Lonovrccu
1028 1019 1100 1090 Vll,
1118 1023 1149 1081 et
1167 1016 1249 1080 elios
1262 1014 1406 1106 lfranciee
1425 1013 1585 1106 majorem
1603 1011 1822 1103 ipsorumque
1834 1013 1871 1078 al
1972 1000 1973 1093 l

369 1111 531 1180 eumdem,
548 1111 626 1169 dum
656 1120 791 1183 regnum
817 1099 1072 1170 administraret,
1089 1099 1130 1160 de
1146 1095 1350 1178 gravioribus
1365 1104 1509 1175 negatus
1524 1101 1734 1174 conscripto.
1972 1098 1973 1131 l

837 1262 942 1343 (burro
958 1253 1262 1336 alcxtvu-uct.)

246 1443 411 1516 (Dccrrasuu,
429 1434 526 1504 script.
539 1431 600 1488 ller.
617 1428 642 1484 F
643 1447 731 1495 rane„
741 1435 762 1483 t.
772 1425 817 1485 lV,
831 1440 858 1494 p.
875 1423 978 1504 daber
995 1437 1048 1477 rus,
1057 1420 1208 1503 exemplari
1221 1418 1330 1502 clariss.
1339 1418 1461 1476 virorum
1476 1416 1666 1474 Primatum
1677 1417 1801 1474 fratrum
1811 1417 1859 1490 (l).

746 1528 781 1539 —
795 1496 968 1551 Contulunus
983 1507 1044 1548 carru
1060 1491 1181 1546 editione
1195 1489 1352 1562 bouqueti.)

938 1673 1165 1691 m—

477 1805 647 1862 mislata
663 1803 783 1858 Putat.

1039 1801 1185 1871 equidem
1207 1796 1354 1869 specialius
1376 1795 1491 1868 diligere
1512 1804 1540 1854 et
1562 1797 1706 1853 honorare
1729 1811 1874 1868 persam

282 1921 395 1966 arauris
413 1915 657 1958 carmamelensis
673 1913 706 1952 ιιι
720 1913 805 1952 erem
822 1911 968 1952 cuccurrit.
1073 1892 1146 1963 ejus,
1162 1891 1343 1946 bonoribaare
1355 1900 1398 1944 est
1413 1890 1597 1946 ministerium
1611 1898 1741 1948 restrum
1759 1891 1812 1962 (ἰ).

371 1995 410 2050 De
428 1992 506 2049 laede
525 1991 627 2046 douriui
643 1989 747 2060 Superit‘
764 1987 879 2043 obbatis.

262 2088 461 2146 Amantissimo
476 2084 548 2158 patri
561 2089 589 2140 et
602 2081 715 2137 domiuo
726 2079 858 2140 Euoeuro,
873 2077 920 2132 bel
936 2077 1022 2148 qratia

227 2194 336 2237 summo
356 2175 495 2249 pontifici,
520 2171 604 2229 buter
625 2172 787 2227 Beauuunus
801 2168 1023 2225 claraevallensis

227 2278 341 2326 vocatus
356 2268 452 2330 abbas,
468 2264 606 2320 modicum
622 2263 650 2318 id
663 2261 737 2332 quod
752 2271 805 2316 est.

264 2358 292 2416 Si
308 2357 382 2432 quod
397 2372 503 2428 magnae
516 2355 616 2411 domus
630 2353 721 2423 magui
737 2351 820 2423 Regis
833 2349 920 2407 rasin
935 2351 1024 2406 liono-

227 2467 285 2508 rem
309 2451 381 2521 apud
402 2455 524 2504 nostram
540 2447 657 2502 babetur
670 2443 821 2498 Ecclesiam
836 2441 1022 2509 Gallicanam;

226 2545 251 2599 ai
272 2543 334 2614 quis
354 2551 384 2597 ut
398 2540 483 2595 Dauid
498 2538 587 2594 fidelis
601 2537 635 2592 ad
650 2535 796 2606 imperium
810 2533 919 2588 linmini
933 2534 1025 2606 ingre-

226 2635 305 2691 diens
317 2641 345 2689 et
360 2632 514 2705 egrediens,
531 2645 593 2686 meo
606 2627 715 2700 quidem
729 2625 835 2698 judicio
846 2626 906 2696 ipse
921 2634 963 2683 est
977 2642 1025 2680 ren

226 2723 358 2780 nerabilis
382 2723 467 2778 abbas
490 2720 584 2776 Sancti
601 2717 734 2790 Dionysii.
751 2716 818 2772 Novi
837 2716 970 2787 siquidem
983 2716 1024 2771 vi·

226 2827 299 2879 runa,
315 2813 389 2884 quod
404 2819 430 2868 et
445 2813 472 2868 in
487 2809 686 2882 temporalibus
701 2808 789 2864 lidelis
803 2815 830 2864 ct
843 2807 980 2878 prudeus,
995 2817 1022 2863 ct

226 2905 255 2960 in
271 2904 439 2975 spiritalibus
453 2903 562 2959 lervcns
576 2908 604 2957 et
619 2899 741 2964 humilis,
758 2899 786 2956 iu
802 2900 926 2970 utrisque
938 2899 1022 2971 (quod

225 3003 270 3052 est
285 2993 486 3067 difficillimum)
501 2994 561 3048 sine
575 2992 789 3064 reprehensione
798 3001 931 3048 versetur.
944 2992 1023 3062 Apud

225 3087 363 3144 Caesarem
379 3095 420 3144 est
434 3093 565 3157 tanquam
581 3100 653 3141 rinus
666 3085 701 3140 de
713 3084 790 3138 curia
802 3082 937 3148 Romana,
950 3084 1022 3155 apud

1357 1979 1529 2036 uersabat
1547 1979 1581 2038 ll.

1262 2087 1371 2128 succan
1391 2089 1518 2127 earnm
1537 2087 1684 2130 securta.

1371 2162 1569 2222 consolatorio.

1109 2255 1247 2312 Educatus
1265 2255 1413 2327 episcopus
1428 2271 1684 2313 servusiservorum
1697 2255 1764 2318 liei,
1779 2256 1877 2314 duces

1074 2350 1130 2406 atto
1149 2349 1268 2406 Saeculo
1281 2349 1372 2404 abbati
1388 2348 1483 2406 Sancti
1499 2349 1760 2423 llionysiisalutcur
1773 2357 1876 2424 clape-

1074 2443 1200 2499 stolieam
1215 2443 1443 2498 benedictionem.

1111 2534 1200 2606 Super
1210 2535 1287 2590 obitu
1300 2534 1347 2588 dlii
1362 2534 1450 2591 nostri
1460 2531 1576 2590 loannis
1588 2533 1702 2604 nepotis
1713 2533 1874 2600 vcstssetr.

1079 2625 1142 2681 Vide
1154 2627 1182 2681 in
1195 2625 1313 2698 Euqenio
1325 2624 1374 2680 tlt
1388 2640 1468 2696 pepe,
1480 2625 1515 2678 ad
1528 2641 1574 2680 aa.
1590 2625 1674 2681 tt5a.

1356 2736 1527 2793 Epistola
1545 2735 1589 2793 ΙΙΙ.

1134 2843 1245 2884 ucocnu
1260 2842 1461 2884 tsoecaveusrs
1474 2841 1593 2884 cerscoer
1608 2842 1643 2882 m
1659 2841 1816 2884 samm.

1074 2919 1209 2976 Nuntiato
1224 2922 1300 2977 Petri
1313 2921 1498 3003 Bttrpalieura'r
1517 2919 1621 2976 abbatia
1636 2932 1738 2982 morte,
1754 2931 1831 2993 νομί
1848 2929 1875 2974 at

1159 3009 1336 3048 concuterent
1348 3009 1407 3062 crus
1419 2991 1561 3046 liebertum
1573 2991 1637 3045 berre
1648 2993 1801 3062 sucipict.

1110 3080 1229 3138 Sacrum
1242 3082 1289 3139 liei
1298 3083 1433 3138 electione
1442 3083 1665 3139 reverentissimo
1674 3083 1774 3138 abbati
1784 3080 1875 3138 &eea

225 3179 311 3236 lleum
330 3187 460 3250 tauquam
483 3193 555 3234 unus
570 3177 694 3232 decuria
709 3177 783 3232 cteli.
800 3174 923 3234 Petimus
935 3185 962 3232 et
973 3177 1024 3231 ub-
1041 3166 1061 3219 Β
1074 3172 1198 3247 Dionysii
1213 3175 1304 3230 amico
1320 3189 1372 3230 suo
1385 3174 1560 3238 charissimo,
1575 3172 1691 3228 domiuo
1705 3189 1774 3239 suo,
1789 3171 1875 3230 ltm-

225 3286 367 3328 secramue
383 3270 498 3341 benigne
512 3269 616 3326 arabis
631 3269 734 3339 suscipi
749 3269 862 3326 numios
874 3272 943 3325 tanti
957 3270 1021 3336 riri,

225 3370 254 3418 et
274 3364 356 3419 sicut·
367 3378 416 3418 ros
431 3362 521 3426 decet,
535 3371 563 3418 et
577 3363 636 3433 ipse
649 3363 762 3418 omniuo
778 3362 878 3434 dignus
905 3371 959 3429 est,
976 3381 1022 3422 re·

226 3452 311 3508 scribi
334 3452 359 3508 ei
374 3451 456 3508 rerba
472 3458 554 3514 bona,
569 3451 653 3507 verba
667 3451 831 3520 amicabilia,
846 3454 925 3524 plena
940 3454 1022 3509 lami·

226 3543 355 3600 liaritatit
379 3550 407 3598 et
422 3542 590 3610 dilectionis,
606 3544 686 3614 plena
702 3543 804 3600 laveris
817 3552 845 3600 et
862 3546 964 3616 gratiae.
978 3543 1024 3601 Si·

261 3781 300 3856 (ll
313 3783 444 3856 Epistolls
461 3782 637 3856 premittitur
656 3797 768 3839 carmen
793 3784 1021 3840 encomiasticum

225 3868 342 3925 sequeus
356 3875 362 3910 :

375 3964 472 4021 Versus
483 3966 510 4020 ira
526 3965 630 4021 leudem
645 3965 750 4037 Superii
761 3964 876 4022 abbatia.

225 4054 321 4126 Magne
337 4053 450 4127 Surgere,
465 4055 556 4126 Pater,
571 4058 615 4113 cui
633 4073 757 4114 summus
779 4073 847 4128 apex
859 4057 1021 4114 meritorum

261 4126 333 4182 luter
345 4129 499 4199 precipuos
512 4129 560 4184 dat
575 4130 634 4182 loca
649 4128 736 4200 prima
749 4126 827 4192 deos,

224 4195 340 4252 Carmen
355 4201 390 4252 ab
404 4199 496 4254 incudi
508 4199 739 4254 norltertractum
751 4200 800 4256 tibi
817 4201 890 4260 dono
905 4222 912 4257 ι

250 4267 369 4342 Ιδιιιίιιιιι
384 4285 482 4339 precor
497 4270 561 4324 lima
580 4269 687 4340 corrige
702 4279 795 4326 nostra
805 4278 863 4330 tua.

226 4335 288 4393 Smt
301 4339 404 4395 inculta
420 4341 493 4402 licet,
509 4341 565 4396 sint
577 4339 651 4404 vilia,
666 4340 721 4395 sint
736 4342 807 4397 male
819 4351 938 4417 compta,

262 4407 301 4463 Tu
318 4411 437 4480 pretiosa
451 4417 554 4476 tamen,
569 4426 631 4466 cum
646 4411 714 4481 legis
731 4411 787 4476 illa,
800 4411 878 4470 lacis.

224 4475 332 4536 Laudes
345 4495 411 4550 ergo
425 4497 501 4537 meas
513 4482 548 4537 de
560 4481 640 4536 laude
655 4490 702 4535 tua
717 4495 815 4551 precor
826 4484 900 4540 aridi.

260 4548 359 4604 incitat
372 4551 405 4604 ad
418 4550 525 4606 laudem
540 4567 584 4608 me
601 4567 661 4607 ιιιοει
677 4551 753 4606 llusa
767 4560 851 4610 tuam.

224 4617 291 4674 Cum
305 4627 403 4674 natura
415 4636 613 4691 pareusrerum
629 4623 698 4678 bene
711 4632 809 4678 cuncta
820 4633 938 4690 crearet,

260 4685 298 4744 Tc
314 4691 474 4745 ruirabilrler
488 4692 605 4748 cocidere
621 4693 767 4762 disposuit.

224 4758 347 4829 Cumque
363 4762 423 4815 rurli
435 4760 469 4816 de
483 4766 595 4817 materia
607 4767 663 4817 sint
673 4773 770 4819 caetera
783 4772 880 4831 tracta,

261 4827 299 4882 Te
309 4831 359 4886 elea
374 4830 408 4886 de
420 4845 509 4888 massa
524 4834 657 4888 nobiliore
668 4835 740 4891 tulit.

223 4896 399 4971 Artificisque
414 4900 460 4956 diu
472 4903 585 4958 dubium
603 4903 653 4958 luit
666 4906 693 4958 in
705 4905 821 4972 ratione,

261 4969 357 5025 Ulrrrm
371 4973 513 5028 mortalem
526 4975 583 5029 sire
596 4974 676 5030 deum
690 4974 801 5031 laceret.

224 5038 313 5095 llassa
328 5043 423 5096 valeus
438 5044 513 5114 operi
528 5045 568 5099 sic
579 5044 720 5099 ‹orruenicl
731 5056 758 5100 at
774 5046 891 5116 utrique,

261 5109 295 5166 Ut
308 5115 347 5166 vel
363 5123 455 5182 posset
471 5115 562 5178 horno,
579 5117 620 5170 vel
635 5115 704 5171 deus
717 5117 779 5171 binc
793 5117 861 5172 beri.

97 5191 106 5203 ·
223 5179 260 5236 Fe
272 5183 400 5253 issetque
413 5185 494 5239 derum
506 5185 566 5248 dea,
583 5187 612 5242 ui
623 5187 714 5256 superi
730 5188 879 5242 retrrissent

258 5250 379 5318 Quorum
396 5255 511 5311 corrsilio
525 5256 597 5327 quod
614 5259 646 5310 l'u·
658 5257 677 5311 it
694 5273 774 5312 nume
790 5257 863 5312 lacit.

222 5319 392 5379 Pertiumere
405 5325 526 5394 quidem,
542 5343 575 5381 ne
591 5328 613 5382 si
629 5335 702 5382 totus
717 5327 881 5394 demessas,

258 5393 356 5463 llepriu
367 5409 429 5450 eres
441 5396 510 5450 alius
524 5399 591 5451 mira
602 5397 736 5468 patrando
750 5399 826 5454 dees.

221 5460 324 5518 invidia
343 5465 451 5520 tandem
464 5481 592 5537 superum
641 5469 754 5524 ruristus
770 5476 897 5540 utroque,

258 5531 374 5590 Semivir
387 5535 513 5600 elliceris,
530 5539 596 5593 serni
618 5555 721 5607 eusquc
734 5539 826 5594 siutul.

221 5601 369 5658 Dimidium
383 5621 480 5660 massae
494 5614 584 5662 terum
601 5611 722 5664 retinens
737 5611 762 5665 iu
780 5617 908 5680 utroque,

256 5671 312 5728 Nec
324 5675 403 5728 vires
417 5681 522 5745 absque
533 5679 594 5738 deo,
604 5695 656 5734 nec
668 5679 736 5734 deris
751 5680 854 5750 ubsque
869 5679 936 5732 vien.

223 5735 262 5795 cr
277 5743 330 5796 tlio
343 5743 437 5798 diuina
453 5748 540 5814 cupis.
557 5749 704 5816 divinaque
715 5757 829 5815 tractas,

1075 3278 1137 3318 arus
1146 3261 1270 3332 ejusdem
1285 3263 1421 3333 permissu
1435 3261 1642 3331 burdegarensis
1654 3257 1803 3322 Ecclesia,
1814 3261 1876 3316 liert

1074 3352 1201 3433 indique,¹
1217 3353 1310 3410 dictus
1323 3353 1479 3423 episcopus,
1496 3361 1569 3407 totus
1585 3367 1665 3414 suus,
1681 3351 1789 3408 debita
1801 3368 1876 3410 rere·

1074 3447 1180 3509 remise,
1200 3446 1315 3502 bonoris
1327 3453 1356 3501 et
1373 3445 1478 3502 servitii
1494 3444 1646 3500 studiosam
1660 3444 1873 3502 exnibtuooen.

1110 3537 1218 3596 Nobilis
1236 3538 1427 3612 burguliensis
1441 3536 1574 3602 Ecclesia,
1587 3552 1649 3608 quaa
1663 3537 1695 3592 iu
1711 3539 1874 3610 nostruepi·

1109 3779 1143 3835 Et
1156 3795 1218 3851 quae
1235 3787 1300 3837 suut
1316 3778 1437 3835 bominis
1450 3777 1560 3848 perficis
1578 3792 1611 3833 ex
1625 3777 1693 3834 alio.

1073 3849 1123 3908 Est
1133 3867 1165 3907 ex
1177 3851 1270 3906 divina
1283 3857 1391 3913 natura,
1403 3848 1477 3919 quod
1491 3849 1541 3903 titi
1551 3849 1649 3912 coelos,

1110 3921 1304 3991 Graiorumque
1318 3919 1384 3976 deos
1399 3919 1490 3990 pingis
1500 3920 1528 3974 in
1543 3917 1677 3974 Ecclesia.

1073 3989 1123 4048 Est
1136 4008 1169 4047 ex
1185 3993 1315 4054 bumana,
1327 3990 1399 4060 qaod
1410 4005 1525 4060 regnum
1541 3989 1664 4060 protegis
1677 3989 1778 4052 armis,

1107 4061 1283 4134 Augetarque
1296 4062 1353 4118 tuis
1364 4061 1472 4133 publiea
1483 4075 1528 4116 res
1538 4059 1648 4114 studiis.

1073 4132 1107 4187 Ει
1120 4148 1195 4188 nuuc
1207 4132 1345 4188 semideus
1358 4134 1387 4187 iu
1400 4132 1501 4201 templo
1511 4130 1609 4186 coelica
1622 4135 1741 4192 tractas.

1108 4203 1186 4258 Nurac
1199 4206 1242 4258 vir
1255 4200 1285 4258 in
1303 4203 1376 4258 bello
1394 4201 1477 4257 lortia
1494 4199 1566 4256 lacta
1576 4201 1661 4270 geria.

1074 4271 1120 4329 Sic
1134 4273 1254 4328 leontinis
1263 4288 1431 4343 causamque
1446 4270 1493 4327 bel
1504 4269 1652 4326 moderans
1662 4268 1693 4324 in
1704 4277 1837 4342 utroque,

1109 4342 1199 4400 Utres
1217 4344 1263 4398 illa
1278 4343 1334 4399 Deo
1353 4349 1498 4413 congruunt,
1515 4339 1573 4396 baec
1586 4340 1704 4396 bomini.

1072 4413 1123 4480 eri
1133 4415 1200 4471 dum
1212 4412 1379 4470 Francorum
1395 4413 1511 4486 populos
1524 4426 1588 4467 ctum
1603 4411 1833 4481 reqegrrlrerm

1049 4520 1056 4531 ·
1108 4484 1174 4541 l’ost
1185 4500 1275 4556 regern
1286 4485 1365 4556 quasi
1377 4499 1425 4540 rex
1439 4493 1548 4553 sceptra
1559 4482 1681 4538 secunda
1694 4489 1788 4538 tenes

1048 4547 1054 4564 ¹
1071 4553 1127 4610 Nec
1141 4571 1269 4626 utaquunt
1281 4555 1431 4626 quidquam
1442 4556 1502 4610 sine
1516 4561 1543 4609 te
1552 4567 1601 4608 rex
1615 4551 1727 4624 perlicit
1736 4565 1870 4624 mma,

1032 4655 1035 4660 -
1108 4624 1164 4681 Nee
1179 4625 1328 4696 quidquam
1340 4640 1468 4696 magnum
1481 4632 1510 4678 tu
1524 4624 1585 4680 sine

1670 4621 1754 4678 lacis.

1071 4694 1159 4750 Tanta
1169 4694 1278 4751 duobus
1292 4697 1364 4751 inest
1373 4696 1450 4750 votas
1464 4693 1613 4750 concordia
1654 4693 1707 4758 cti,

1108 4765 1143 4822 Ut
1156 4775 1255 4823 uerucr
1266 4768 1302 4820 lar
1310 4777 1338 4820 to
1351 4767 1404 4824 dis«
1413 4775 1489 4836 repet
1498 4766 1621 4820 alterins.

1071 4835 1147 4892 Alter
1162 4838 1189 4892 in
1205 4838 1319 4893 alterius
1335 4839 1426 4894 sicest
1436 4838 1580 4892 devinctus
1594 4847 1702 4896 amore,

1106 4907 1226 4963 Alterius
1240 4909 1317 4978 rqrrusi
1331 4923 1379 4963 cor
1393 4907 1510 4978 pendeat
1520 4923 1553 4962 cx
1563 4905 1628 4960 alio.

1071 4976 1193 5049 llerrique
1204 4977 1291 5032 Roma
1306 4987 1414 5049 poleas,
1430 4979 1475 5032 cui
1492 4985 1568 5032 totus
1581 4969 1812 5042 nentuvrorbls,

1108 5047 1205 5104 Flectit
1220 5050 1254 5104 ad
1268 5049 1431 5119 obsequium
1445 5047 1516 5104 colla
1529 5047 1648 5117 superba
1662 5052 1757 5098 ῑιιιιιιι.

1070 5116 1126 5173 Nee
1139 5121 1201 5188 plus
1214 5119 1369 5176 Caesaribus
1385 5119 1474 5188 anagni
1487 5116 1615 5174 coneedit
1629 5113 1761 5177 honoris,

1106 5189 1192 5256 Quum
1208 5190 1274 5256 t.bi;
1290 5189 1419 5244 Caesariis
1433 5191 1470 5244 sit
1484 5189 1546 5242 licet
1557 5193 1637 5239 aucta
1649 5184 1746 5239 bouis.

1070 5257 1111 5313 Ad
1127 5268 1223 5314 ιιιιῑιιιιι
1236 5261 1299 5330 ligat
1312 5262 1356 5314 illa
1371 5269 1458 5318 turuu,
1471 5258 1606 5325 solvitque
1619 5262 1782 5318 borealem,

1107 5328 1139 5383 Et
1148 5331 1373 5399 quemjustillras
1387 5345 1442 5383 ιιιιιι
1458 5329 1525 5384 sinit
1534 5343 1596 5384 esse
1607 5339 1697 5380 rutra.

1070 5401 1203 5470 Qurtdque
1217 5403 1273 5456 tuis
1283 5402 1369 5455 taulis
1380 5399 1498 5461 accedit,
1512 5393 1643 5468 quidquid
1660 5394 1689 5448 in
1699 5394 1775 5452 udae

1104 5470 1236 5532 lasseris,
1251 5472 1315 5526 lule
1325 5478 1381 5524 turn
1396 5485 1451 5524 ιιοιι
1465 5471 1537 5525 valet
1549 5483 1612 5524 csse
1625 5465 1685 5520 diu.

1070 5539 1115 5596 Sic
1130 5558 1188 5600 rex.
1202 5543 1242 5598 sic
1255 5541 1357 5602 Cresar,
1371 5541 1412 5596 sie
1425 5556 1496 5596 rrnvrs
1510 5538 1707 5600 semideomm,

1106 5610 1152 5667 Sic
1168 5614 1250 5668 bomo
1262 5614 1325 5684 plus
1339 5611 1449 5667 borrriue
1463 5610 1561 5666 niteris
1570 5623 1632 5664 csse
1641 5607 1726 5660 deris.

1105 5680 1147 5755 (ἲ)
1164 5682 1328 5754 Excerptum
1341 5696 1374 5739 er
1388 5683 1505 5756 epistola
1518 5679 1572 5738 aaa
1583 5676 1614 5734 S.
1629 5673 1780 5734 mnudi
