3967 6334
302 347 358 412 ’181
790 347 943 408 nonnum
961 349 1064 407 nuum
1084 347 1114 408 S.
1135 347 1168 404 li.
1189 347 1220 404 E.
1241 343 1448 403 utnblttntls
1831 355 1869 412 (ω
1924 413 1925 428 ¹

300 473 409 535 inerat,
425 470 556 542 quoniam
578 468 623 526 ier
645 467 853 526 cirumcisionis
878 467 1001 524 uoodum
1027 481 1091 540 aqe·
1105 470 1130 529 Α
1143 479 1227 520 εειιεε
1240 465 1374 536 profuerit
1385 465 1413 519 in
1424 458 1871 532 uteroslquaeubuterorrlobar,au

301 564 359 620 bot.
1143 556 1215 627 apud
1228 555 1337 614 iudeus
1348 555 1438 612 adhuc
1451 553 1662 618 incircumcisis,
1677 561 1720 608 aut
1738 559 1796 627 rpud
1807 573 1871 631 quau,

337 654 495 726 Baptismus
508 654 644 725 generalis
657 662 699 711 est
715 653 981 726 quoniamomnibus
994 650 1092 707 indici·
1142 649 1223 718 paulo
1239 655 1302 705 ante
1315 649 1399 714 uatis,
1414 647 1469 704 nisi
1483 647 1553 703 lorte
1568 645 1872 719 hujusmodiponasroua
1924 653 1925 730 3

300 755 359 812 tur,
373 746 549 802 circumcisio
562 755 671 803 nonest
683 747 812 819 qnoniam
828 747 896 803 solis
906 745 1093 802 iudeisman-
1142 740 1187 796 dia
1207 740 1363 809 iniantinm,
1380 755 1441 812 quae
1454 745 1518 795 ante
1531 745 1640 810 partum
1659 737 1714 795 lieri
1727 744 1872 818 nequimus
1924 753 1925 766 ι

302 839 395 904 datur,
411 852 462 895 nec
476 839 517 894 eis
530 839 669 902 omnibus,
685 840 814 910 quoniam
826 837 985 893 muliebrem
996 851 1091 892 serum
1142 833 1263 904 alioquin
1283 849 1403 904 praesens
1431 830 1579 888 remedium
1603 831 1675 886 intra
1696 841 1807 902 ventrem,
1826 837 1873 896 broi

300 927 463 983 eircumcidi
479 942 534 982 uon
545 936 588 983 est
601 928 729 983 inveniri.
740 927 833 983 Virilis
845 942 911 998 erqo
920 942 1003 984 sexus
1013 925 1093 981 debet
1143 942 1223 984 secus
1238 943 1269 982 ac
1283 938 1362 983 extra
1376 926 1496 982 valuisse
1505 925 1652 996 putabitur.

298 1037 332 1077 se
353 1021 569 1086 circumcisioni,
595 1021 700 1076 scilieet
715 1035 750 1076 er
771 1029 893 1076 octava:
919 1019 992 1074 unde
1015 1017 1092 1072 litut
1177 1018 1255 1086 erod
1282 1021 1306 1076 si
1326 1037 1359 1076 er
1376 1017 1477 1074 iudaeis
1491 1018 1572 1073 modo
1594 1017 1682 1073 editos
1708 1019 1875 1082 nollisastina

302 1124 367 1169 ante
381 1123 507 1168 octavam
521 1121 657 1179 mortuus,
677 1113 759 1183 hujus
777 1113 861 1168 debiti
884 1111 953 1166 nihil
968 1117 1092 1166 teneatur
1142 1111 1323 1167 remediorum
1339 1125 1419 1181 egere
1442 1111 1583 1174 subsidiis,
1601 1111 1726 1181 quoniam
1750 1113 1810 1170 illius
1825 1119 1876 1176 uois

300 1219 376 1262 reus.
1142 1202 1255 1258 remedii
1271 1200 1325 1274 (cui
1341 1202 1403 1263 soli.
1414 1200 1470 1257 lieo
1486 1201 1669 1272 precipiente,
1684 1215 1712 1256 se
1724 1199 1814 1264 debent,
1826 1209 1875 1262 soil·
1924 1193 1925 1274 l

336 1296 413 1369 (119)
429 1293 483 1352 Sed
496 1293 589 1351 dices:
608 1291 702 1366 Utique
716 1311 778 1349 reor
790 1311 842 1348 roo
855 1303 894 1348 est
913 1291 1093 1347 circumcisio-
1142 1300 1186 1350 cet
1200 1293 1433 1364 circumcisionis)
1449 1309 1478 1350 se
1497 1303 1602 1364 tenipus
1622 1293 1739 1348 nondum
1755 1295 1876 1366 uitulina·
1924 1275 1925 1350 1

300 1391 344 1443 tris
358 1387 467 1459 (sture,
482 1385 528 1442 red
538 1386 764 1457 prevaricationis
778 1387 894 1456 antique
905 1399 914 1437 :
927 1394 953 1439 et
967 1385 1092 1454 quonium
1142 1386 1344 1457 nrerariurnque
1359 1393 1439 1457 pinos
1459 1386 1532 1440 alind
1560 1386 1669 1441 interim
1689 1401 1722 1441 er
1733 1393 1757 1442 te
1768 1392 1875 1446 mmediuo

300 1497 353 1535 aon
379 1482 477 1550 occepit
504 1478 658 1544 reraediurn,
682 1496 729 1534 rer
751 1479 838 1533 euadit
866 1479 1023 1533 cruciatam.
1046 1476 1092 1534 Sic
1143 1477 1255 1548 lingere,
1267 1478 1339 1550 quod
1354 1495 1409 1534 non
1424 1478 1554 1535 didiceris
1564 1495 1598 1534 cr
1612 1479 1735 1542 lectione,
1749 1495 1793 1550 qua
1805 1483 1877 1541 ratiora

267 1573 273 1585 '
299 1589 383 1645 posse
404 1573 464 1629 lieri
477 1589 532 1628 nou
557 1588 672 1644 negem;
699 1572 739 1628 sic
758 1579 848 1627 autem
870 1571 926 1627 ieri
942 1586 998 1626 non
1014 1569 1092 1628 lacile
1143 1586 1157 1624 a
1182 1580 1259 1627 reatu
1281 1581 1361 1629 natos
1385 1573 1495 1636 liberes,
1511 1585 1565 1626 nori
1580 1577 1661 1626 natos
1675 1570 1779 1641 obliges,
1796 1572 1835 1627 nisi
1850 1575 1877 1630 lia

298 1671 404 1738 putem,
419 1663 571 1734 presertim
585 1678 647 1719 cum
662 1661 783 1734 parvule
797 1677 850 1717 non
865 1669 1023 1734 percantet
1037 1663 1092 1718 cir·
1143 1669 1240 1718 noceat
1255 1662 1356 1717 includi
1371 1669 1478 1726 ventre,
1500 1661 1554 1717 illis
1567 1661 1657 1718 valeat
1674 1677 1706 1716 ει
1718 1668 1785 1715 ιιιειο
1800 1676 1876 1732 pmrrs·

300 1755 469 1811 cumeisione
484 1761 612 1821 careant;
624 1769 674 1809 cur
692 1761 806 1825 pereant
818 1755 924 1824 paruuli
934 1752 998 1809 dum
1013 1753 1091 1812 netas
1143 1755 1232 1813 sissei
1246 1755 1300 1812 Sed
1314 1757 1467 1812 convaleat
1481 1755 1606 1817 alterurn,
1617 1762 1714 1810 noceat
1728 1755 1877 1818 circumcisi

298 1859 344 1908 cst
357 1849 538 1906 circumcidi?
551 1847 630 1915 Quod
648 1849 671 1905 si
689 1847 754 1919 qnid
770 1854 814 1903 est
827 1846 901 1902 unde
913 1847 1092 1904 subveniatur
1119 1812 1194 1902 3nec
1208 1845 1245 1904 sit
1258 1847 1354 1903 uitium
1372 1847 1455 1912 istud,
1473 1863 1522 1902 nee
1537 1846 1718 1902 rirtusilludi

299 1941 366 2007 illia,
388 1942 425 2000 sit
442 1955 551 2014 quoque
575 1941 679 2013 aliquid
693 1939 766 1996 unde
780 1949 957 1996 succurratur
971 1949 999 1995 ct
1015 1939 1090 1997 istis:
1177 1928 1303 1994 Gentium
1324 1955 1389 1996 vero
1403 1940 1543 2010 porrulos,
1559 1939 1583 1994 si
1597 1946 1740 2010 parentum
1760 1937 1815 1995 ides
1825 1949 1878 1996 natu

301 2049 367 2092 nara
380 2035 444 2106 quis
457 2039 563 2088 tantam
578 2033 675 2088 horum
684 2040 712 2087 et
722 2032 820 2086 harum
832 2030 1034 2088 multitudinem
1044 2031 1093 2086 ad·
1142 2031 1239 2095 salvat,
1253 2047 1344 2088 nonne
1362 2032 1540 2104 consequitur
1554 2041 1582 2088 et
1596 2031 1751 2102 priusquam
1771 2041 1878 2086 nascantur

299 2125 399 2180 diaerit
420 2125 576 2196 perditioni,
592 2139 654 2180 cum
669 2124 864 2180 misericordiae
885 2123 967 2181 inerit
981 2124 1091 2192 divinam
1141 2133 1229 2181 morte
1246 2133 1409 2196 preventus,
1426 2140 1441 2180 a
1457 2131 1544 2180 morte
1562 2123 1684 2180 secunda
1696 2123 1781 2180 eadem
1794 2124 1878 2181 ideoi-

299 2226 331 2271 ut
345 2217 453 2272 licuerit
468 2217 596 2288 praesumi
612 2217 703 2288 potius
725 2223 939 2281 sacramentum,
954 2233 1036 2288 quarn
1052 2225 1092 2272 tot
1142 2215 1273 2273 mendosi
1288 2215 1317 2273 Si
1337 2218 1409 2272 enim
1429 2231 1513 2287 penes
1538 2232 1569 2272 se
1589 2217 1658 2271 nihil
1674 2215 1823 2271 salutiferum
1833 2218 1878 2272 obti-

301 2307 444 2364 hominum
459 2307 592 2378 consequi
608 2307 769 2379 periculum.
782 2305 836 2362 Sed
849 2321 901 2361 nec
913 2308 1020 2364 mulieri
1035 2308 1092 2362 cir·
1141 2317 1238 2366 nentes
1253 2311 1338 2365 solam
1354 2317 1496 2380 parentam
1512 2308 1591 2363 sideru
1604 2315 1769 2378 exspectant,
1782 2309 1878 2378 quomado

299 2405 434 2461 coracisio
447 2405 629 2475 competebat,
650 2418 703 2460 uec
725 2410 789 2459 ante
812 2410 920 2474 tempus
937 2403 1009 2466 viro,
1024 2418 1090 2475 quo-
1141 2401 1168 2455 in
1184 2401 1258 2456 nullo
1266 2401 1339 2457 circa
1351 2415 1381 2456 se
1389 2400 1484 2455 rnutati
1496 2398 1810 2470 (quippeaenascenos
1819 2401 1879 2456 larun

301 2496 375 2550 niam
385 2495 621 2550 sacramentaliter
630 2494 719 2552 lebat.
729 2494 880 2559 Nam‚cum
889 2494 981 2551 omnis
988 2495 1089 2560 anima,
1141 2499 1257 2555 mutam,
1274 2507 1303 2548 se
1318 2507 1372 2548 non
1390 2492 1507 2562 mutant)
1520 2510 1527 2545 :
1540 2490 1690 2562 quomodo,
1710 2492 1880 2562 inquamqun

297 2599 361 2655 quae
374 2582 538 2638 circumcisa
552 2599 607 2638 uou
621 2582 713 2648 luerit,
729 2581 764 2640 de
778 2583 880 2654 populo
893 2582 1016 2655 peritura
1028 2598 1091 2655 pro·
1140 2584 1337 2656 exspectabant
1353 2584 1517 2654 suscipiunt,
1534 2584 1616 2639 modo
1630 2583 1879 2655 opitulationum

299 2676 456 2741 nuntiatur,
471 2691 549 2732 more
564 2675 770 2747 Scripturarum
784 2674 858 2746 qnod
876 2683 919 2731 est
938 2677 1026 2747 partis
1039 2677 1090 2732 toti
1140 2677 1208 2732 nihil
1223 2676 1413 2747 profuturam?
1430 2675 1459 2730 Si
1479 2689 1545 2746 erqo
1568 2676 1677 2746 parsuli
1692 2675 1800 2747 gentium
1810 2676 1880 2748 absque

298 2771 390 2834 datur,
415 2769 545 2840 quoniam
568 2769 603 2825 de
622 2768 689 2826 solis
716 2767 878 2839 intelligitur
898 2769 1022 2824 maribus
1036 2769 1091 2826 illis
1140 2770 1261 2827 remedio
1277 2777 1400 2842 pereunt,
1418 2785 1468 2824 cur
1482 2783 1537 2824 non
1555 2776 1582 2824 et
1602 2766 1771 2823 ludaeorum!
1784 2767 1878 2822 Siautur

298 2879 370 2935 quos
380 2878 455 2920 mors
471 2877 647 2934 praepropera
660 2877 716 2916 non
730 2861 878 2932 subripuit.
1140 2862 1207 2918 tides
1221 2869 1364 2933 parentum
1377 2860 1500 2917 remedio
1517 2868 1560 2916 est
1588 2860 1662 2924 istis,
1679 2875 1729 2916 cur
1740 2867 1821 2916 nonet
1838 2859 1878 2924 illis

333 2952 405 3022 Quid
415 2960 459 3010 est
472 2969 538 3025 erqo
561 2952 710 3008 tenendum
722 2951 758 3008 de
776 2953 829 3008 illis
853 2953 953 3023 quibus
967 2953 995 3008 in
1012 2960 1090 3009 utero
1140 2955 1289 3025 presertim
1308 2969 1371 3008 cum
1390 2959 1454 3008 ante
1470 2950 1692 3008 circumcisionis
1717 2951 1877 3012 districtionem

298 3045 376 3100 licuit
402 3044 530 3109 animari,
556 3058 607 3099 nec
631 3043 710 3099 licuit
728 3043 823 3100 nasci?
843 3042 876 3097 Et
890 3043 1000 3115 quidem
1017 3044 1089 3117 apud
1139 3061 1218 3118 pares
1230 3046 1301 3101 inter
1319 3058 1349 3101 se
1362 3049 1533 3115 reputentur,
1548 3043 1681 3113 quoniam
1699 3041 1878 3114 lieusqersonu

294 3153 351 3194 uos
368 3143 528 3193 sauctorum
542 3133 654 3191 Parrum
672 3134 828 3191 eruditione
840 3142 946 3190 certum
961 3141 1014 3193 εει.
1030 3136 1088 3192 suis
1102 3177 1123 3234 c
1140 3137 1257 3195 hominis
1272 3151 1327 3192 non
1341 3134 1460 3206 occipiti

295 3231 370 3288 uatis
385 3246 434 3288 seu
450 3229 564 3294 innatis,
580 3229 715 3300 baptismo
725 3236 816 3285 tamen
831 3229 930 3293 cassis,
943 3229 1012 3283 nihil
1027 3243 1089 3299 spe-
1174 3227 1253 3296 Quod
1267 3228 1290 3284 si
1305 3225 1371 3282 tides
1388 3230 1531 3296 parentum
1546 3239 1597 3296 pro
1607 3226 1704 3298 pueris
1715 3224 1780 3298 apud
1791 3224 1878 3280 indier

295 3320 415 3379 roardum
442 3320 497 3378 uisi
528 3318 718 3390 supplicium:
747 3317 820 3374 unde
849 3319 929 3374 caesis
956 3318 1089 3376 matribus
1140 3320 1304 3391 interpellat,
1317 3334 1381 3374 uum
1396 3319 1594 3388 proximonum,
1607 3331 1644 3373 an
1655 3319 1736 3374 etiam
1749 3318 1879 3374 ulterionrnl

296 3419 448 3476 extractos,
464 3412 531 3468 licet
544 3411 646 3466 mortui
659 3411 715 3467 sint
728 3410 840 3481 reperti,
858 3418 945 3468 mater
965 3410 1089 3467 Ecclesia
1139 3413 1207 3469 llam
1225 3413 1249 3468 si
1276 3421 1484 3484 quotuscunque
1501 3425 1602 3480 parens
1627 3427 1679 3482 pro
1695 3411 1826 3468 nascituris
1843 3408 1878 3464 lar

295 3520 373 3560 more
391 3505 484 3560 debito
505 3519 521 3558 a
543 3503 682 3560 communi
707 3502 827 3558 bdelium
844 3502 948 3572 gremio
966 3502 1089 3558 eliminat
1125 3514 1230 3562 astare
1246 3507 1413 3577 perhibetur,
1431 3515 1513 3556 nemo
1527 3517 1679 3572 puerorum
1703 3519 1783 3575 usque
1795 3503 1821 3558 ad
1833 3501 1878 3555 dle

296 3597 474 3663 coenreteri03
491 3612 541 3653 suu
557 3596 658 3668 quippe
671 3596 735 3651 sinu
749 3595 859 3651 minime
868 3594 1007 3665 dignatur,
1019 3610 1089 3664 quos
1138 3599 1213 3654 rium
1231 3598 1329 3669 periit,
1344 3597 1474 3666 quoniam
1494 3592 1551 3650 lioe
1561 3599 1604 3650 vir
1620 3595 1725 3652 arduus
1743 3595 1789 3651 rue
1803 3595 1829 3650 ad
1842 3609 1878 3648 ou

297 3689 409 3748 tametsi
423 3688 452 3742 in
471 3688 592 3744 hominis
607 3688 708 3758 specie,
722 3687 752 3742 in
766 3687 931 3742 sacramenti
945 3701 999 3740 non
1013 3686 1089 3743 novit
1139 3690 1215 3746 nium
1235 3705 1305 3762 opus
1320 3691 1443 3747 anteivit.
1460 3689 1513 3748 Sed
1528 3705 1580 3746 nec
1597 3697 1664 3744 ante
1683 3688 1803 3744 diluvium
1817 3683 1878 3741 deluit

297 3779 485 3849 perceptione,
504 3777 624 3850 dumque
636 3793 685 3836 eos
698 3793 749 3834 suo
762 3779 867 3851 gremio
881 3778 1001 3850 depellit,
1023 3796 1089 3838 suos
1138 3784 1332 3856 quisinterire,
1344 3785 1472 3856 quoniam
1487 3793 1515 3840 et
1530 3784 1587 3854 ipse
1597 3781 1685 3838 Adam
1698 3780 1802 3852 iosiqnis
1809 3777 1878 3834 exstitit

297 3869 412 3928 minime
435 3870 572 3942 intelligit.
590 3870 668 3938 erud
687 3873 710 3928 si
730 3872 839 3944 quando
854 3873 952 3944 sepelit
966 3873 995 3928 in
1011 3881 1089 3930 utero
1139 3875 1201 3934 fide.
1218 3874 1266 3931 Sin
1286 3891 1369 3944 vcro,
1386 3883 1416 3930 nt
1438 3878 1530 3948 potius
1545 3876 1667 3940 aestimo,
1684 3881 1879 3942 contemporaneo

297 3961 444 4020 halentcm
459 3979 516 4018 non
526 3963 624 4035 recipit
636 3971 727 4020 tamen
742 3964 878 4036 gentilem,
894 3966 1089 4023 ecclesiastice
1138 3983 1200 4022 rum
1219 3977 1261 4024 est
1281 3969 1372 4038 pueris
1389 3963 1539 4034 credendo,
1561 3965 1723 4038 ntaJrrsculis
1744 3959 1876 4021 modicula

297 4057 428 4111 nimirum
443 4055 595 4128 disciplinae
605 4064 658 4121 est,
673 4065 798 4112 materno
808 4066 886 4113 utero
905 4059 1027 4129 qualibet
1041 4075 1088 4117 oc-
1139 4058 1286 4115 subrenire
1302 4071 1373 4114 :noc
1387 4059 1543 4115 mirandum
1563 4059 1636 4114 unde
1647 4063 1796 4112 manaverat
1806 4053 1879 4124 perire

297 4146 563 4218 rasioneexceptos,
580 4149 604 4204 si
614 4147 753 4204 caruerint
767 4147 912 4219 baptismo,
927 4165 984 4205 non
998 4149 1088 4206 hono·
1138 4151 1205 4216 lum,
1222 4151 1285 4207 inde
1298 4151 1444 4208 emicuisse
1459 4151 1623 4209 subsidium.
1643 4148 1743 4205 Procul
1752 4147 1821 4204 dubio
1831 4137 1876 4214 apul

295 4255 359 4297 rare
372 4241 550 4297 coemeterio:
575 4249 706 4296 materna
719 4248 810 4296 autem
828 4241 938 4311 pietatis
950 4249 1003 4310 est,
1018 4257 1088 4316 prae·
1138 4249 1232 4313 gentes
1246 4241 1416 4308 innumerus,
1428 4239 1617 4314 apudiudaeos
1635 4240 1751 4297 sortasse
1762 4236 1876 4294 nonnullas

295 4331 406 4402 quantis
423 4330 485 4387 ilie
498 4333 693 4403 quamvisjam
714 4339 831 4389 mortue
856 4334 962 4391 uiscera
984 4351 1087 4408 nequa·
1138 4333 1250 4405 pertidia
1272 4343 1414 4406 parentum
1440 4333 1571 4407 obligavit
1594 4334 1730 4400 nriseriae;
1749 4331 1825 4387 iorsm
1842 4339 1876 4380 ιιι

294 4437 378 4495 quam
396 4423 555 4490 conludere,
575 4425 630 4480 nisi
652 4423 723 4481 iorte
744 4434 869 4496 speretur
889 4434 985 4497 partus
1006 4442 1088 4499 posse
1137 4426 1202 4496 quia
1216 4427 1321 4489 nocuit,
1337 4426 1385 4482 sed
1398 4427 1462 4497 quia
1476 4441 1530 4481 non
1545 4424 1659 4497 proluit.
1673 4423 1762 4480 Fidem
1775 4427 1876 4494 penult!

294 4516 430 4572 exsiccari
444 4516 534 4572 rivus.
553 4515 710 4573 Necessitas
723 4531 789 4588 erqo
800 4518 939 4590 compellit
955 4519 1011 4590 jam
1025 4519 1082 4591 jam
1098 4517 1120 4572 D
1134 4519 1190 4574 diri
1204 4519 1334 4590 prodesse
1354 4519 1435 4584 liliis,
1450 4534 1516 4574 unm
1541 4533 1606 4590 erqo
1627 4517 1676 4589 qui
1700 4531 1763 4572 cura
1786 4513 1827 4569 etsi
1842 4523 1875 4564 n!

294 4607 472 4671 tnuriturnm,
487 4609 521 4664 de
535 4610 714 4680 oppressione
723 4609 830 4666 ventris
843 4611 900 4680 jum
913 4613 1014 4666 mortui
1025 4613 1084 4668 exi·
1137 4622 1234 4666 natura
1245 4618 1384 4681 parentem
1399 4627 1429 4667 se
1443 4610 1569 4674 exhibet,
1586 4609 1699 4664 alumno
1712 4621 1785 4680 quem
1798 4599 1876 4670 sustit'd

295 4711 382 4762 mere,
398 4697 521 4769 alioquin
535 4699 692 4756 humanitas
707 4714 764 4755 non
777 4699 842 4755 sinit
855 4700 983 4757 obstnrsa
997 4701 1085 4757 visce-
1136 4703 1273 4761 credendo
1283 4705 1420 4760 succurrit
1429 4703 1441 4756 i
1451 4702 1555 4765 nescio,
1571 4719 1626 4758 non
1643 4711 1806 4769 taruennam

295 4807 358 4846 rum
372 4789 493 4848 secando
507 4791 613 4857 rimari,
629 4792 800 4848 tolerabilius
812 4800 912 4862 putans
924 4793 996 4848 intra
1011 4809 1085 4850 mor·
1443 4793 1557 4852 CAPUT
1573 4793 1616 4850 lll.

292 4887 372 4936 tuam
399 4887 538 4935 momuum
566 4883 627 4937 loco
654 4896 710 4938 non
736 4883 789 4939 sibi
808 4883 900 4941 debito
929 4884 1084 4954 inhumare,
1189 4888 1260 4944 Filio
1270 4890 1355 4960 patris
1367 4889 1471 4959 paritur
1482 4886 1598 4957 prodeat,
1610 4885 1718 4957 soedtrrs
1728 4902 1775 4940 nor
1786 4885 1846 4936 aaut.

295 4986 377 5044 quam
397 4979 504 5027 nature
524 4980 630 5028 secreta
650 4974 734 5029 latere
754 4975 875 5031 volentia
900 4975 983 5031 nimis
1004 4975 1086 5032 inbu-
1171 4979 1239 5035 vide
1253 4988 1386 5051 quantum
1403 4978 1502 5050 genitis
1521 4978 1626 5050 puritas
1642 4977 1715 5032 valet
1733 4972 1816 5046 patris.
1829 4964 1875 5019 nu

295 5079 375 5121 mane
394 5065 510 5135 aperire,
532 5064 643 5121 lustitia
662 5067 747 5138 exigit
767 5083 782 5122 a
800 5068 960 5139 matreium
973 5084 1085 5140 separa·
1135 5073 1242 5144 genitos
1260 5071 1456 5143 profligaturus
1468 5077 1538 5135 erat,
1555 5083 1651 5125 eorum
1671 5066 1826 5122 abominatus
1838 5069 1875 5110 ιιι·

293 5162 364 5220 tum,
389 5158 540 5229 matrisque
553 5158 694 5214 consortio
710 5157 862 5230 indignum,
883 5175 935 5215 suo
949 5159 1085 5216 collocare
1135 5166 1243 5230 culam,
1267 5163 1315 5221 sed
1329 5179 1364 5220 es
1386 5177 1443 5236 quo
1463 5163 1550 5234 patris
1572 5162 1720 5232 puritatem
1740 5157 1873 5227 respexisti·

294 5245 366 5304 loco.
1135 5255 1255 5312 debitam
1277 5255 1376 5328 genitis
1408 5255 1479 5308 iram
1502 5253 1658 5309 remittebat
1683 5271 1690 5306 z
1711 5247 1874 5321 generosiora

329 5335 465 5405 Quoniam
483 5355 549 5411 erqo
566 5348 681 5411 pereunt
694 5340 780 5397 innati
802 5349 925 5411 ternpore
940 5341 1083 5410 nouitatis,
1135 5353 1278 5417 parentum
1292 5347 1419 5410 intuitus,
1428 5353 1555 5402 natorum
1566 5342 1742 5416 ignominiam
1754 5335 1871 5396 establis

294 5429 418 5500 nunquid
430 5440 460 5487 et
473 5431 612 5501 perierunt
627 5438 749 5504 tempore
769 5432 937 5489 vetustatis?
957 5430 1012 5489 Sed
1034 5449 1085 5490 cur
1134 5437 1205 5493 Num
1225 5438 1353 5495 similiter
1367 5455 1399 5494 ex
1419 5436 1543 5494 imditate
1554 5443 1699 5508 parentum
1712 5433 1802 5506 probra
1812 5435 1874 5495 aar&

294 5522 427 5592 perierint
441 5523 529 5578 innati
543 5524 591 5595 qui
605 5539 661 5579 non
675 5525 797 5595 perirent
811 5524 879 5588 nati,
888 5538 941 5580 nee
953 5525 1026 5596 apud
1035 5523 1084 5580 Ju-
1135 5538 1201 5586 auur
1225 5531 1396 5602 paea-uuum?
1417 5528 1630 5600 Haudquaquam
1654 5527 1692 5583 ira
1710 5529 1814 5582 masur.
1829 5515 1873 5572 lias

294 5613 379 5678 dms
394 5613 497 5685 ‘iiiiii‘
524 5629 575 5669 ¹¹00
592 5613 658 5669 dum
684 5614 909 5682 circumcidendi,
934 5629 986 5671 ¹¹0⁰
1012 5616 1083 5686 allud
1134 5637 1185 5678 nec
1194 5623 1326 5694 genitoris
1335 5621 1456 5694 probitas
1471 5619 1641 5692 urodoqeniti
1653 5617 1802 5676 munditiem
1814 5605 1874 5668 aui

294 5713 389 5774 gentes
412 5706 464 5761 ilde
483 5707 619 5777 majorum
641 5708 776 5764 excusati.
798 5707 854 5763 Cur
873 5723 928 5764 non
942 5709 1033 5778 potins
1052 5724 1083 5764 ea
1134 5725 1227 5772 mento
1241 5725 1413 5786 procuratam
1434 5715 1605 5771 accumulare
1622 5712 1778 5770 estimatur.
1791 5705 1872 5772 Seut-

331 5795 405 5863 (lta)
421 5797 503 5868 lina,
514 5799 623 5872 snprai
641 5802 691 5855 ult.
