3967 6334
83 397 144 458 101
546 397 580 454 ΙΝ
601 395 700 456 undu
721 397 768 453 EX
785 397 954 468 ontwon
973 399 1077 458 tinen
1098 401 1260 462 TERTIUS.
1327 414 1329 417 ’
1396 397 1401 408 ’
1690 407 1746 464 ddi

84 527 164 584 pene
178 513 325 586 proprium
338 521 382 572 cst
392 513 521 570 bumana
529 521 653 584 naturae3
668 514 783 586 diligere
793 522 897 581 numm,
913 520 1014 576 Amas
1027 517 1127 576 mellus
1140 534 1212 584 esse,
1223 534 1287 576 cum
1301 530 1392 576 tamon
1403 533 1454 576 nec
1465 519 1673 576 fundamentum
1685 539 1745 578 sma

84 605 218 676 religiosi
233 605 327 664 cordis
340 614 369 664 et
382 606 462 664 recti.
478 605 897 664 lluicsimilcestdedilcctionc
946 609 1141 676 mdilicatione,
1170 627 1221 666 nec
1246 610 1299 668 ista
1324 611 1384 667 siue
1409 612 1456 668 illo
1476 627 1538 668 esse
1560 613 1657 683 possit.
1684 612 1745 670 Nou

84 699 227 767 proximi,
241 699 307 772 quia
320 701 411 772 imago
424 698 474 756 bei
488 707 532 756 est
549 700 642 756 bomo.
666 698 825 773 [brennus]
847 699 896 755 [li-
947 702 1032 772 igitur
1056 701 1265 760 fundamentum
1290 705 1386 760 utilius
1406 712 1450 762 εει
1472 704 1669 774 aediumuone,
1695 704 1745 764 sed

83 789 175 847 lectio
191 791 221 846 in
241 789 328 848 ιιειιιιι
342 792 423 864 origo
443 799 487 848 est
506 792 663 849 dilectionis
679 792 707 847 in
727 792 895 863 proximum,
946 794 1069 866 dignius,
1085 795 1158 852 sicut
1172 805 1256 868 caput
1271 803 1315 854 est
1329 796 1440 868 dignius
1454 798 1586 854 membris

81 888 117 934 et
133 881 249 939 dilectio
269 884 298 940 iu
319 885 477 955 proximum
493 884 614 958 cognitio
635 891 679 941 εει
699 883 856 942 dilectionis
867 886 896 942 in
980 885 1061 942 lesus
1079 896 1167 942 antem
1189 887 1279 944 uidens
1306 887 1376 961 quod
1397 891 1531 960 supienter
1553 887 1743 960 respondisset,

85 971 192 1030 ileum.
211 973 242 1032 ln
254 976 346 1032 tribus
367 977 451 1034 rebus
470 974 520 1032 bei
542 977 706 1048 exprimitur
722 975 844 1042 dilectio,
867 986 897 1033 ut
946 978 1014 1032 dicit
1029 979 1090 1034 illi:
1109 978 1171 1034 Νοιι
1184 996 1211 1034 es
1226 979 1302 1052 louge
1317 997 1423 1052 oceano
1437 979 1496 1038 Dei.
1513 979 1593 1037 Recte
1603 981 1745 1052 respondi·

84 1064 162 1119 nibil
177 1074 319 1123 remancat
330 1068 478 1124 inbomine
491 1067 566 1139 quod
578 1083 635 1124 non
645 1068 744 1124 divine
754 1067 895 1124 dilectioni
946 1071 982 1126 sti
996 1085 1005 1124 :
1020 1069 1069 1125 boo
1078 1070 1122 1140 sae
1131 1081 1157 1126 ει
1166 1072 1244 1126 uiues.

84 1157 241 1215 srrbdatur.
250 1158 319 1214 Nam
329 1160 395 1214 dum
405 1158 517 1223 dicitur,
527 1158 609 1230 dilige
616 1159 702 1214 bearn
711 1175 744 1214 eu
756 1158 896 1216 totocorde
981 1162 1051 1230 Quia
1066 1164 1142 1220 salus
1157 1171 1252 1220 nostra
1263 1164 1393 1220 consistit
1407 1164 1435 1219 in
1449 1163 1607 1236 cognitione
1620 1165 1744 1225 veritatis

84 1259 148 1311 ruo,
170 1266 272 1309 omnes
293 1252 477 1324 cogitationes
500 1250 661 1312 referendas
681 1252 808 1310 inlisum
822 1269 894 1325 prae-
945 1264 973 1312 et
988 1273 1081 1314 amore
1091 1257 1213 1322 virtutis,
1230 1254 1373 1313 Sadducaei
1387 1257 1466 1328 longe
1479 1263 1544 1314 sunt
1558 1271 1574 1311 a
1587 1271 1672 1327 regno
1682 1255 1741 1325 bei,

84 1342 175 1411 cepit.
191 1342 264 1398 llum
279 1359 344 1400 vero
357 1340 470 1410 dicitur,
486 1361 519 1402 es
539 1354 597 1400 totu
615 1348 718 1410 ummo,
735 1361 833 1404 omnes
853 1345 896 1402 al·
945 1361 1009 1400 cum
1022 1361 1073 1401 nec
1084 1346 1275 1417 cognoscenda
1289 1355 1469 1418 cognoscant,
1487 1361 1538 1402 nea
1550 1345 1689 1417 diligentia
1702 1347 1745 1402 di·

85 1433 229 1491 lectiones
249 1435 348 1492 animae
371 1435 470 1494 relerri
495 1437 530 1493 ad
552 1436 639 1494 Derim
660 1439 801 1510 precepit.
825 1436 895 1494 llum
944 1437 1040 1508 ligant.
1056 1435 1107 1493 llic
1122 1445 1213 1494 autem
1227 1439 1362 1508 superbus
1374 1445 1495 1495 tentator
1505 1438 1597 1494 minus
1608 1439 1688 1511 longe
1700 1447 1745 1496 εει

84 1540 158 1580 sero
174 1527 289 1600 adjecit,
302 1545 335 1586 eu
346 1537 402 1584 toto
411 1537 507 1598 mente,
517 1546 627 1588 omnem
641 1531 776 1588 rationem
792 1529 895 1587 indicat
944 1537 1023 1584 extra
1046 1544 1172 1601 regnum,
1191 1531 1325 1602 quiajam
1343 1543 1392 1602 per
1415 1530 1559 1588 scientiam
1582 1533 1745 1603 evangelicu

84 1613 257 1686 bunmnam,
267 1635 322 1692 qua
331 1620 511 1694 intelligimus
521 1629 549 1679 ει
559 1622 757 1688 discernimus,
769 1623 798 1678 in
811 1623 895 1680 rebus
944 1618 1105 1690 perfectioni
1119 1621 1271 1678 consensit.
1287 1620 1367 1678 Esset
1387 1629 1479 1678 antem
1501 1623 1529 1677 in
1544 1639 1631 1694 regno
1643 1621 1701 1690 liei,
1719 1622 1744 1682 sl

83 1708 197 1770 divionis
210 1728 275 1770 esse
286 1715 488 1787 occupandam.
506 1714 559 1770 Ubi
573 1723 665 1772 sutem
681 1715 759 1781 dicit,
780 1731 814 1771 eu
838 1722 896 1770 toto
945 1721 1094 1784 augeretur
1107 1714 1133 1769 ei
1144 1713 1265 1784 cognitio
1278 1713 1346 1778 reri,
1361 1721 1388 1770 ει
1401 1713 1511 1770 (ιιιεειιο
1525 1713 1600 1781 boni,
1615 1723 1646 1769 ot
1663 1713 1745 1771 Chri·

84 1803 204 1870 uirtute,
225 1805 330 1861 bonnm
353 1805 566 1878 perseuerantiae
587 1804 716 1878 injungit.
746 1805 813 1862 ιιειιι
839 1804 895 1860 duo
945 1810 1018 1860 stum
1034 1810 1091 1858 tam
1106 1802 1134 1859 in
1150 1801 1236 1859 Donni
1249 1818 1334 1876 quam
1353 1803 1381 1858 in
1401 1803 1556 1875 proximum
1578 1805 1742 1876 susciperet.

85 1903 157 1949 sont
171 1911 241 1968 erga
254 1898 374 1969 proximi
386 1897 562 1954 dilectionem
576 1897 724 1962 servanda,
748 1905 776 1953 ει
795 1903 826 1953 ut
847 1887 933 1954 bess
1283 1928 1315 2018 L
1376 1911 1423 1962 122

85 1986 185 2042 beticii
200 1990 373 2061 impensione
383 1989 640 2056 loreatnr,etnnlla
650 1991 757 2048 malitia
767 1990 892 2048 ledetur.
1325 1992 1338 2017 ⁰
1391 1989 1406 2023 ¹

86 2072 149 2132 lloc
163 2083 221 2142 εει,
236 2079 307 2151 good
322 2079 372 2136 tili
386 2097 439 2135 non
450 2080 488 2136 uis
499 2080 570 2150 fieri,
582 2080 631 2135 olii
646 2097 678 2136 ne
699 2079 794 2150 leceris
815 2078 893 2152 (Tol.
981 2076 1034 2134 lile
1045 2088 1144 2144 autem,
1158 2077 1247 2134 volens
1259 2076 1413 2149 iustificare
1427 2077 1553 2146 seipsum,
1565 2075 1634 2132 dicit
1649 2076 1685 2130 ad
1694 2075 1743 2133 Je-

85 2167 140 2240 tr),
156 2175 188 2226 ει
204 2170 296 2226 omnia
310 2187 470 2242 mucusque
481 2169 635 2240 approbatis
653 2179 683 2224 ut
702 2172 804 2242 {camut
823 2170 894 2227 uobis
945 2167 1193 2241 summouisset
1208 2186 1281 2224 meus
1291 2171 1451 2238 proclinus?

83 2260 225 2330 homiues,
239 2272 265 2318 et
278 2279 323 2318 uos
335 2263 415 2335 {aede
425 2263 480 2318 illis
494 2262 569 2332 (Luc.
585 2263 638 2336 ιιι.
657 2263 735 2320 Licet
756 2264 840 2336 igitur
852 2263 896 2319 di·
980 2259 1066 2317 Nemo
1078 2260 1230 2333 proximior
1244 2261 1349 2318 bomini
1360 2275 1442 2331 qnam
1454 2259 1537 2326 Deus,
1554 2260 1601 2332 qni
1615 2259 1746 2318 intrinse-

84 2369 173 2410 rersa
200 2356 258 2410 sint
281 2362 428 2428 precepta,
443 2356 546 2428 qrribus
569 2363 617 2412 ant
640 2355 743 2412 utiliter
757 2364 911 2430 anesum,
945 2368 996 2410 cus
1014 2361 1041 2410 et
1065 2353 1240 2410 extrinsecus
1258 2354 1346 2420 norit,
1361 2363 1388 2410 ει
1406 2353 1500 2408 omnia
1523 2367 1622 2410 curam
1641 2362 1744 2425 potest,

85 2447 249 2518 appetenda
271 2448 416 2520 cupimus,
432 2455 480 2503 aut
493 2463 557 2519 quae
578 2446 691 2504 vitanda
705 2455 771 2503 sunt
790 2446 895 2502 utiliter
945 2449 994 2504 scd
1014 2447 1104 2505 onutis
1120 2447 1278 2506 incredulus
1298 2447 1341 2504 vel
1362 2453 1493 2510 tentator,
1514 2462 1565 2504 nec
1585 2445 1671 2502 ιιειιιιι
1694 2460 1747 2502 neo

84 2556 300 2613 praeearemus3
314 2557 399 2596 nuitm
409 2547 501 2596 tamcn
516 2547 582 2596 ειιιιι
593 2539 622 2595 ιιι
631 2539 725 2596 radice
737 2538 893 2604 charitatis,
944 2539 1084 2596 bominem
1106 2540 1262 2611 proximum
1286 2539 1378 2596 habet.
1404 2536 1603 2610 Legisperitus,
1623 2537 1659 2592 ob
1672 2536 1747 2608 vulgi

83 2632 156 2702 quia
173 2631 270 2688 omnis
285 2632 314 2688 in
329 2631 476 2688 dilectione
490 2631 540 2688 liei
556 2638 583 2686 ει
596 2632 715 2703 proximi
735 2629 826 2687 lacere
843 2630 894 2688 ile·
945 2631 1067 2688 sororem
1090 2633 1275 2704 captandum,
1300 2632 1374 2704 qriod
1404 2631 1544 2704 sapienter
1569 2628 1747 2702 respondisse

84 2723 204 2781 bemus.
223 2721 309 2780 [lecte
324 2724 418 2795 itaque
432 2723 511 2788 dicit,
527 2714 616 2794 lege'm
632 2729 660 2778 et
681 2722 828 2794 propbetas
850 2737 895 2777 re-
941 2724 1106 2796 luctaretur,
1128 2725 1281 2797 intermgat
1303 2723 1450 2780 Dominum
1473 2723 1548 2795 quod
1567 2721 1679 2788 laceret,
1697 2719 1748 2778 sed

83 2815 158 2870 ferri
173 2815 212 2872 ad
225 2815 281 2870 duo
295 2815 425 2870 mandata
447 2815 602 2878 charitatis,
622 2815 687 2885 qnia
710 2821 785 2871 totus
806 2811 894 2868 licca·
944 2820 1009 2890 quiin
1025 2817 1146 2888 scipsum
1161 2815 1315 2888 justificare
1330 2815 1478 2871 desiderat.
1492 2811 1626 2870 Dominus
1642 2821 1745 2882 tempe·

84 2907 174 2978 logus
186 2917 216 2963 et
230 2907 336 2964 monita
352 2905 549 2979 prophetarum
564 2905 602 2960 ibi
616 2903 719 2962 babent
731 2901 823 2959 linem.
847 2901 895 2958 tt·
945 2909 1016 2964 rasit
1031 2922 1196 2979 responsum
1220 2921 1313 2971 suum,
1339 2904 1497 2977 parabolice
1512 2903 1627 2974 loquens
1649 2901 1687 2971 ei,
1708 2903 1748 2958 ita

83 2999 211 3056 deamus
223 3014 290 3072 ergo
304 2997 493 3072 Decalogum:
944 3017 975 3060 nt
995 3012 1022 3062 ει
1043 3003 1134 3060 οιιιιιιε
1147 3002 1195 3076 qui
1217 3000 1436 3058 misericordiam
1453 2999 1529 3064 lacit,
1547 2996 1690 3070 proximus
1704 2996 1747 3050 in·

122 3091 181 3148 Sed
199 3091 350 3165 quidquod
367 3093 473 3162 cupitur
493 3100 577 3147 metro
600 3091 695 3148 melius
717 3091 856 3156 retinetur,
944 3095 1096 3168 telligatur,
1112 3103 1139 3150 ct
1153 3092 1310 3165 specialiter
1333 3093 1393 3164 ipse
1417 3089 1464 3146 bei
1480 3088 1577 3158 Filius,
1595 3088 1643 3160 qrri
1666 3087 1748 3144 nobis

84 3183 160 3241 Ecce
169 3186 261 3241 decem
270 3185 376 3240 clrordis
386 3193 492 3240 resonat
499 3183 622 3242 custodio
637 3183 801 3258 [concordio]
817 3185 892 3256 legis.
947 3204 996 3261 per
1009 3187 1207 3244 buntanitatcm
1220 3186 1362 3257 proximus
1376 3184 1466 3240 lactus
1481 3189 1536 3248 est,
1549 3182 1719 3253 designetur.

84 3275 283 3348 Cunetipotens
299 3293 378 3343 unus,
394 3286 502 3333 nonest
520 3277 592 3332 alius
608 3276 679 3332 Deus
694 3275 776 3331 ullus.
984 3281 1138 3352 suspiciens
1149 3289 1238 3336 autem
1250 3277 1341 3343 denus,
1357 3276 1448 3332 dixit:
1468 3275 1556 3331 llomo
1573 3275 1683 3347 qnidam
1701 3272 1749 3330 de·

85 3369 184 3441 ipsius
196 3371 300 3426 nullom
312 3387 405 3426 cuseos
418 3371 536 3441 [ortnare
546 3371 671 3441 figuram.
872 3439 875 3444 ,
945 3373 1086 3430 scendebot
1106 3371 1139 3427 ab
1160 3370 1313 3428 Jerusalem
1332 3372 1359 3426 in
1374 3367 1493 3435 dericlro,
1510 3376 1535 3422 et
1554 3366 1648 3422 incidit
1663 3367 1690 3420 iu
1703 3366 1745 3420 lo·

86 3463 153 3519 lloe
162 3481 261 3519 nomen
273 3463 377 3535 [nstra
388 3479 440 3518 non
452 3480 555 3527 samos,
571 3462 690 3518 Sublato
703 3478 789 3516 seruo.
949 3473 1049 3520 trenes.

85 3553 219 3622 Quocum
229 3553 372 3624 noejusso
382 3551 511 3608 conclusit
522 3553 610 3622 primo
623 3551 732 3606 rotella.
981 3557 1071 3612 llomo
1086 3555 1149 3622 iste,
1164 3552 1251 3610 Adam
1275 3551 1449 3624 intelligitur.
1465 3550 1630 3614 Jerusalem,
1648 3547 1748 3604 civitas

84 3641 786 3714 cremarestolotoesicrrutirocriproserundu.·
945 3637 1748 3716 coelestiuscujusbeatitudinelupsusestiubancritam

85 3733 215 3805 ¹⁴⁹”lll'⁸⁸
229 3741 259 3787 ιι
270 3732 470 3801 ‘urendam‘
481 3733 509 3788 ιι
519 3732 616 3788 'tillim
626 3738 758 3801 limmi-
945 3740 1101 3796 mortalem.
1115 3736 1194 3804 Quod
1209 3737 1278 3792 bene
1291 3733 1413 3802 iericho,
1430 3749 1492 3804 qne
1506 3733 1570 3787 lana
1585 3731 1750 3802 interpreta-

87 3828 134 3883 Νι
146 3829 234 3897 [erim
246 3827 347 3899 gladio,
359 3827 452 3882 ιθθιῖι
464 3827 588 3890 moesshm,
601 3842 683 3896 mlle
693 3825 774 3890 ιιιιῡ,
946 3840 1001 3899 ter,
1024 3831 1169 3906 significat,
1194 3828 1279 3885 variis
1298 3827 1452 3883 defectibus
1474 3825 1589 3880 incerta.
1612 3821 1748 3877 Latrones

87 3919 158 3974 Non
168 3919 258 3990 [alant
272 3919 357 3986 testis,
371 3936 426 3975 ndu
435 3919 474 3975 ιὶι
485 3917 591 3974 inlisus
602 3919 706 3974 alienit-
945 3925 1068 3996 intellige
1080 3923 1220 3978 diabolum
1235 3927 1262 3977 el
1273 3919 1386 3990 angelos
1397 3920 1469 3990 ejus,
1481 3917 1508 3973 in
1521 3931 1591 3988 quos
1602 3930 1658 3970 non
1675 3913 1748 3968 inei-

526 4031 573 4081 tas
946 4019 1035 4082 deret,
1046 4017 1101 4072 nisi
1109 4017 1186 4088 prius
1196 4015 1271 4070 intus
1282 4013 1440 4069 tumuisset.
1453 4009 1577 4066 Veraest
1591 4009 1666 4066 enim
1685 4022 1749 4062 sen·

433 4053 489 4140 R·
542 4109 558 4143 ¹
946 4109 1034 4164 tentia
1042 4107 1138 4164 dicens
1149 4126 1155 4162 :
1165 4103 1234 4160 Ante
1245 4103 1352 4158 ruinam
1365 4101 1502 4158 exaltatur
1512 4115 1557 4154 ror
1570 4098 1663 4170 (Pron.
1679 4095 1746 4167 xri).

126 4200 167 4257 Et
192 4201 232 4256 uit
255 4201 296 4256 illi
318 4199 413 4257 Scribo
435 4215 444 4253 ε
464 4199 545 4263 Bene,
567 4195 707 4268 Magister,
736 4197 765 4251 iu
788 4197 897 4252 ueritate
984 4201 1037 4269 Qui
1057 4200 1138 4254 etium
1149 4195 1362 4266 despoliaverunt
1373 4209 1444 4259 eum,
1460 4200 1486 4247 et
1504 4189 1591 4262 plagis
1604 4188 1747 4259 impositis,

85 4296 202 4362 dixisti,
227 4297 290 4367 quio
309 4311 378 4350 unus
392 4301 432 4350 eat
447 4292 531 4357 Dens,
551 4300 643 4346 elnon
660 4300 701 4345 εει
713 4291 785 4344 clins
801 4299 897 4361 psalm
948 4291 1081 4354 ulieruul,
1094 4286 1216 4343 semiviro
1226 4284 1340 4340 relicte·

86 4407 167 4456 enm,
178 4398 208 4444 et
221 4397 251 4443 ut
265 4384 593 4458 diligaturestotocorde,
605 4393 631 4438 et
640 4399 673 4438 ea
684 4393 738 4439 toto
750 4383 896 4449 intellectu,
983 4381 1211 4453 Despoliavernnt
1220 4390 1283 4433 eunt
1297 4373 1384 4446 gloria
1402 4369 1617 4428 immortalitatis
1631 4376 1659 4426 et
1673 4375 1750 4424 veste

88 4496 115 4540 et
129 4500 168 4539 eu
181 4492 243 4538 totu
257 4484 359 4548 animo,
380 4489 406 4537 et
421 4497 455 4537 ea
470 4489 527 4536 tota
549 4478 716 4550 fortitudine,
737 4486 763 4533 et
787 4477 898 4550 diligere
947 4475 1120 4534 innocentiae.
1137 4471 1236 4543 Plagae,
1251 4473 1364 4541 peccata
1376 4474 1450 4531 suut,
1464 4465 1565 4536 quibus
1579 4471 1686 4518 naturae
1698 4463 1750 4518 bu·

88 4575 251 4641 proximent
266 4582 394 4645 umquam
407 4587 535 4643 serpsum,
547 4570 638 4642 majus
654 4577 694 4625 est
713 4569 834 4624 omnibus
851 4568 900 4622 lto-
916 4579 1040 4650 „manaa
1049 4562 1193 4634 integritas
1203 4559 1303 4617 violata
1316 4555 1377 4612 luit.
1390 4554 1525 4612 Abierant
1536 4561 1705 4620 autemnon
1716 4553 1751 4608 ab

90 4663 326 4720 locauromatiius
336 4673 362 4718 et
374 4663 528 4734 carnficiis.
951 4657 1060 4714 insidiis
1081 4655 1256 4726 aliquatenus
1270 4649 1417 4714 cessando,
1433 4647 1482 4705 sed
1501 4645 1661 4704 earumdem
1682 4645 1751 4703 insi-

130 4755 244 4830 [Beot.]
261 4755 390 4813 Ostendit
403 4770 438 4811 ex
451 4755 502 4810 bac
517 4752 700 4825 responsione
714 4750 823 4818 Scriba,
839 4766 900 4824 gra·
950 4749 1061 4804 diarum
1072 4744 1184 4802 fraudes
1197 4741 1370 4802 occultando.
1383 4739 1551 4797 Semivirum
1568 4737 1749 4809 reliquerunt,

89 4867 159 4908 rem
173 4865 248 4920 saepe
262 4849 335 4904 inter
349 4847 496 4904 Scribaset
505 4845 662 4902 Pharisaeos
672 4845 759 4902 luisse
768 4845 899 4916 quesno-
950 4841 1015 4912 quia
1030 4841 1165 4895 rationem
1178 4836 1239 4908 ejus
1254 4834 1365 4891 abolere
1377 4847 1435 4888 non
1453 4831 1610 4888 valuerunt.
1634 4827 1675 4884 Er
1696 4843 1751 4899 qua

89 4957 172 5009 nem,
188 4941 262 5012 qsrml
276 4948 350 4996 osset
366 4938 518 4994 maximum
539 4936 711 5002 mandatnm,
733 4933 899 5007 quibusdam
949 4936 1024 4992 euim
1039 4939 1116 5004 parte
1129 4946 1226 5004 sapere
1239 4936 1268 4986 et
1282 4942 1449 5000 cognoscere
1465 4925 1552 4982 ileum
1568 4930 1668 4996 potest,
1684 4921 1753 4976 vivit

91 5035 207 5092 hostias
229 5045 258 5090 et
281 5031 420 5090 sacrificia
441 5031 628 5098 laudantibus,
652 5029 717 5087 aliis
738 5028 802 5085 lidei
817 5035 846 5086 ει
859 5027 901 5083 di·
951 5025 1053 5093 bomo;
1068 5039 1102 5080 ex
1114 5038 1169 5095 qua
1184 5036 1249 5079 uero
1268 5021 1389 5093 peccatis
1404 5017 1532 5082 tabescit,
1555 5014 1671 5070 laetilero
1688 5011 1751 5068 vul·

92 5126 228 5184 rectionis
240 5141 326 5197 opera
338 5123 561 5196 praelerentibus,
573 5120 691 5193 eoquod
701 5121 795 5193 plurm
804 5125 899 5192 patres
950 5133 1017 5173 nere
1030 5115 1150 5172 loedatus
1161 5115 1236 5185 iacet
1248 5113 1329 5185 qnasi
1346 5117 1482 5168 mortrms.

94 5227 165 5275 ante
178 5220 267 5290 ιεςειιι
279 5219 385 5290 absque
403 5218 481 5273 omni
500 5215 677 5272 uictimarum
697 5220 725 5269 el
748 5211 900 5269 rscrincto-
987 5207 1091 5263 decidit
1109 5217 1197 5262 nutem
1213 5215 1243 5260 nt
1258 5205 1384 5261 sacerdos
1402 5202 1511 5276 quidam
1525 5195 1690 5254 descenderet
1704 5211 1753 5250 eu·

93 5330 162 5368 rnrn
179 5311 390 5377 consuetudine,
404 5325 440 5367 ex
453 5309 700 5379 ddelanlumquae
709 5321 759 5378 per
773 5304 900 5361 dilectio-
951 5301 1010 5358 dem
1023 5301 1076 5365 uia,
1091 5309 1117 5354 et
1138 5300 1193 5356 uiso
1215 5299 1273 5364 iiio,
1303 5296 1440 5368 preteriit.
1464 5290 1595 5349 Similiter
1610 5296 1635 5344 et
1660 5288 1749 5351 lenita,

96 5420 164 5462 nem
179 5411 321 5476 operatur,
337 5403 524 5474 placuissent;
538 5415 620 5458 nemo
631 5407 723 5455 ειιιειιι
733 5397 836 5470 absque
845 5395 900 5454 lide
952 5410 1011 5450 enm
1022 5400 1090 5448 asset
1105 5407 1179 5446 secur
1190 5391 1275 5444 locum
1286 5399 1312 5444 et
1326 5386 1423 5444 uideret
1438 5399 1508 5448 enus,
1520 5380 1686 5452 pertransiit.

95 5507 127 5554 ct
151 5495 301 5552 dilectione
322 5509 372 5566 per
394 5492 541 5549 sacrillcia.
566 5486 708 5563 [Censeo]
729 5486 786 5544 Nos
807 5493 899 5542 sutem
988 5483 1125 5538 Sacerdos
1139 5488 1167 5538 et
1194 5481 1275 5538 levita
1286 5479 1333 5551 qul
1345 5477 1498 5534 sauciatum
1510 5473 1691 5536 transierint,
1705 5486 1751 5526 sa-

95 5603 231 5659 mognum
246 5595 275 5644 et
289 5587 434 5642 minimum
447 5585 608 5640 mandatum
622 5581 742 5638 dicimus
765 5585 900 5651 qnantum
952 5575 1103 5634 cerdotium
1117 5567 1448 5630 etmlnistariomlletcris
1460 5563 1628 5623 Testamenti
1643 5561 1750 5634 signill-

97 5682 133 5736 ad
149 5682 323 5752 dignitatem.
339 5679 470 5750 Alioquin
486 5677 593 5733 utilitas
605 5673 728 5732 omnium
751 5670 899 5727 mandato·
952 5673 1034 5735 cant,
1053 5667 1100 5724 ubi
1115 5665 1210 5722 mundi
1224 5663 1379 5736 languentis
1394 5663 1508 5719 vulnera
1522 5663 1649 5729 poterant
1666 5667 1748 5710 mon-

99 5789 161 5830 emu
179 5789 238 5830 uns
252 5780 307 5839 εει,
322 5781 352 5830 ει
363 5773 406 5831 εἰε
416 5768 732 5833 ειειιιεειιειεειιεεειιι,
742 5765 899 5824 utalterum
953 5763 1048 5831 strsri,
1064 5778 1121 5820 non
1135 5769 1227 5820 antem
1240 5761 1342 5819 curari.
1358 5757 1404 5815 nn
1423 5757 1497 5815 enim
1512 5753 1670 5827 Apostolus,
1685 5751 1751 5823 auia

100 5879 155 5920 oon
168 5863 263 5942 possit
276 5878 339 5924 esse
352 5863 414 5922 sine
426 5863 526 5930 allero,
551 5868 582 5919 ut
602 5859 813 5920 laudamentum
833 5853 900 5914 dici·
953 5853 1117 5927 impossibiie
1136 5853 1344 5930 eratlranguine
1368 5852 1510 5910 uitulorum
1532 5841 1705 5926 [taurorum]
1724 5849 1752 5900 et
