3967 6334
807 311 969 372 moruus
986 311 1098 370 nohas
1118 311 1147 369 S.
1167 309 1325 369 olohlsn.
1822 316 1886 372 ttst

260 316 329 374 lllib

636 426 669 484 ll.
1063 435 1153 494 Aest,
1169 428 1272 485 eisdem
1283 428 1463 494 conserentes,
1481 428 1551 484 nibil
1561 433 1669 501 penitus
1683 430 1766 486 nobis
1780 428 1818 486 de
1831 447 1888 484 om-

261 539 1048 615 ruusuauselaeusarraceneruprpureus(uvolpia
1099 521 1180 578 uibus
1195 537 1255 592 ιιει
1269 521 1302 576 ³1¹
1316 520 1754 596 Γθιιῐιῐιιιιῑῑιιιῑ(Ιίιιῑῑιῑεῑι
1771 523 1889 578 nunu.

256 624 258 627 ·
376 612 496 684 vilegium
511 629 558 682 pro
573 614 733 667 rnouusterio
748 613 776 668 S.
794 614 925 685 lliongsii.
1098 621 1151 678 tes,
1166 615 1214 670 sed
1226 613 1326 684 injure
1339 627 1371 666 ac
1386 612 1532 670 donatione
1546 614 1635 686 ipsius
1649 615 1812 672 monasterii
1827 629 1888 668 cum

556 707 646 776 (huno
663 705 754 777 llio.)
1099 707 1171 762 numi
1182 706 1337 778 integritate
1345 705 1387 761 rel
1396 705 1563 776 appendiciis
1575 707 1633 764 suis
1642 705 1777 780 quidquid
1788 705 1888 762 ibidem

293 793 322 848 ln
340 795 450 850 nomino
471 792 577 850 Domini
593 795 641 852 ilci
653 804 680 850 et
703 794 855 851 Salvatoris
874 797 961 851 nostri
982 796 1048 854 lesu
1098 798 1225 868 praesenti
1242 805 1363 868 tempore
1381 797 1503 852 cernitur
1525 797 1558 852 ad
1579 797 1733 857 babendum
1755 799 1888 854 restitua-

258 882 376 948 Christi,
392 883 546 941 Luuovvcus
563 895 591 941 ct
607 886 751 942 Puurvrus
776 887 849 942 lulius
870 887 931 957 ejus
955 887 1048 942 diviua
1099 897 1154 952 tur,
1167 895 1194 941 et
1207 888 1235 942 in
1258 887 1429 958 postmodum
1444 889 1519 942 nullo
1536 903 1654 958 unquam
1667 897 1812 958 ternpore,
1838 889 1888 940 ulla

258 975 403 1031 ordinante
412 979 582 1047 providentia
597 993 675 1050 reges
692 977 870 1034 Francorum.
1099 981 1220 1053 qualibet
1234 979 1365 1052 dignitate
1382 987 1429 1034 aut
1443 988 1579 1053 potestate
1599 980 1730 1051 predicta
1751 994 1887 1052 persona.

294 1065 323 1121 Si
337 1082 370 1122 ea
384 1084 445 1139 quae
458 1084 473 1123 a
488 1068 573 1125 bcum
588 1071 749 1126 timentibus
764 1070 922 1126 hominihus
936 1071 970 1125 ad
988 1073 1048 1128 loca
1098 1074 1252 1130 rectoribus
1272 1073 1431 1128 monasterii
1447 1073 1550 1144 praelati
1567 1088 1599 1127 ac
1613 1073 1768 1129 beatissimi
1786 1071 1888 1126 Christi

258 1157 450 1215 divinocultui
465 1161 589 1217 dedicata
604 1163 720 1217 solemni
733 1162 881 1218 donatione
897 1163 995 1234 largita
1006 1165 1048 1220 rel
1098 1166 1227 1238 martyris
1244 1163 1366 1236 Dionysii
1382 1164 1500 1236 aliquam
1516 1164 1721 1234 repulsitiunem
1739 1162 1889 1218 lacerearu

257 1252 411 1306 condonata
425 1261 505 1317 suut,
524 1262 552 1308 et
569 1260 663 1322 postea
680 1254 802 1325 qualibet
820 1255 965 1311 occasione
986 1257 1049 1312 inde
1099 1256 1182 1310 ullam
1215 1254 1379 1309 calumniam
1404 1253 1527 1324 ingerere
1545 1261 1709 1324 praesumat;
1734 1251 1787 1308 sed
1812 1251 1889 1306 liveat

257 1344 395 1399 abstracta
408 1359 469 1400 esse
484 1352 648 1406 noscuntur,
660 1352 754 1400 nostra
771 1347 933 1400 auctoritate
947 1347 981 1401 ad
992 1357 1048 1401 sta·
1099 1348 1165 1402 ilhul
1175 1346 1316 1418 praelatum
1328 1347 1522 1402 monasterium
1535 1346 1741 1418 argentoilum,
1755 1347 1831 1401 sieut
1840 1361 1889 1400 a·

257 1443 316 1489 tum
331 1451 412 1490 suum
426 1451 604 1500 revocamus,
626 1443 653 1492 ct
673 1437 772 1492 iterum
792 1447 893 1493 nostrae
914 1438 1048 1508 jussionis
1099 1449 1172 1496 teras
1188 1455 1232 1496 res
1245 1439 1280 1494 ad
1291 1440 1363 1495 beati
1381 1437 1503 1510 Dionysii
1516 1446 1675 1510 potestatem
1696 1439 1786 1494 simili
1810 1438 1889 1494 mmo

257 1528 369 1582 oraculo
391 1527 681 1598 confirmamushhoe
704 1529 785 1584 nohis
800 1531 895 1600 procul
905 1529 990 1586 dubio
1014 1529 1047 1584 ad
1099 1531 1268 1587 condonatas
1282 1545 1314 1585 ac
1328 1530 1515 1602 pertinentes,
1528 1530 1620 1602 rudeto
1635 1529 1733 1585 ordine
1753 1539 1846 1584 tencre
1858 1547 1887 1584 ac

256 1626 386 1674 aeternam
401 1620 598 1676 beatitudinem
616 1620 821 1692 adipiscendam
842 1639 890 1678 scu
914 1623 1044 1678 stabilita-
1098 1625 1255 1694 disponere.
1271 1621 1304 1675 Et
1319 1621 1452 1692 quidquid
1467 1638 1517 1692 pro
1531 1623 1738 1692 opportunitate
1753 1631 1802 1676 aut
1817 1623 1888 1675 utili·

256 1719 312 1766 tem
328 1711 404 1782 regni
420 1713 509 1767 nostri
524 1712 707 1768 roborandam
721 1713 859 1783 pertinere
873 1713 1046 1770 conlidimus.
1098 1723 1154 1770 tatc
1164 1715 1252 1787 ipsius
1265 1714 1388 1772 ecclesiae
1402 1713 1490 1770 lacere
1500 1713 1647 1780 voluerint,
1661 1714 1779 1768 liberam
1795 1714 1822 1768 in
1837 1731 1888 1769 om

256 1801 321 1858 ldeo
341 1811 437 1860 notum
461 1806 497 1860 sit
516 1806 639 1860 omnium
663 1804 784 1860 fidelium
806 1812 965 1860 nostrorum
989 1813 1046 1860 tarn
1064 1795 1178 1862 Bulbus
1193 1794 1887 1877 haherepotestatem.Covvtcstamurautemomncs

256 1896 430 1966 praesentium
446 1910 529 1967 quarn
553 1895 707 1952 futurorum
735 1895 892 1960 industriae,
917 1896 982 1966 quia
1006 1895 1048 1948 vir
1097 1913 1273 1955 successores
1287 1907 1398 1954 nostros
1409 1913 1457 1970 per
1468 1906 1591 1954 sanctam
1607 1907 1635 1953 et
1644 1897 1821 1952 individuam
1835 1897 1888 1952 'iri

256 1988 421 2044 venerabilis
440 1986 571 2058 Sugerius
590 1989 674 2044 abbas
692 1987 787 2042 Sancti
807 1987 930 2060 Dionysii
949 1989 1046 2044 aduro-
1097 1991 1210 2048 uitatem
1225 2000 1253 2048 ct
1269 2007 1318 2062 per
1332 1990 1477 2046 advevuuvu
1489 1991 1556 2060 justi
1569 1989 1671 2060 judicis
1688 1988 1739 2044 llei
1753 1997 1784 2044 et
1799 1987 1889 2043 Salsa-

255 2082 322 2137 duur
340 2080 458 2136 dilectus
476 2089 504 2136 et
523 2080 667 2136 familiaris
680 2087 775 2136 noster
789 2090 890 2137 nostrae
911 2085 1047 2153 suggessit
1096 2081 1164 2138 toris
1178 2083 1266 2138 nostri
1277 2080 1342 2138 iesu
1358 2081 1474 2146 Christi,
1488 2089 1518 2136 ut
1533 2083 1584 2136 boe
1600 2089 1706 2138 nostrae
1717 2082 1888 2138 auctoritatis

256 2172 460 2229 uvansuetudini
479 2173 597 2243 qualiter
617 2181 790 2243 compertum
813 2174 953 2229 habuisset
972 2175 1045 2244 qrvoil
1096 2182 1263 2245 praeceptum
1283 2173 1359 2229 nullo
1379 2173 1460 2229 vvvodo
1477 2181 1645 2244 presumant
1665 2182 1819 2227 temerare.
1840 2171 1888 2228 Sel

254 2264 452 2319 monasterium
465 2265 600 2319 vocabulo
622 2264 811 2336 hrgeutoilum
834 2264 1044 2340 [Argentolium]
1096 2264 1324 2335 quaemadmodum
1340 2280 1391 2320 uos
1408 2264 1503 2320 devote
1518 2263 1586 2336 ipsis
1605 2265 1711 2318 sava-vis
1727 2265 1889 2335 urartrrihvs

255 2358 338 2410 situm
355 2356 384 2410 in
406 2371 477 2428 pago
492 2355 635 2411 Parisiaco
659 2372 743 2426 super
763 2355 875 2414 lluvium
895 2356 1044 2428 Seuvmuur,
1096 2354 1239 2426 praelatum
1251 2356 1341 2412 locum
1353 2356 1524 2413 conferentes
1536 2355 1724 2418 restituimus,
1734 2357 1790 2428 ipsi
1800 2356 1889 2412 eleveti-

254 2449 288 2504 ad
300 2449 347 2520 jus
358 2449 430 2504 beati
445 2448 569 2520 Dionysii
578 2456 606 2504 et
616 2447 809 2520 gloriosissimi
822 2448 923 2505 Christi
944 2459 1046 2521 marty·

254 2545 293 2595 ris
307 2541 445 2612 pertinere
454 2539 575 2604 deberet,
592 2540 725 2611 petiitque
739 2546 769 2594 ut
782 2555 832 2610 pro
846 2539 981 2596 mercedis
996 2555 1046 2594 ιιιι-

253 2640 319 2687 stre
333 2639 477 2702 augmento
487 2631 521 2688 ad
532 2637 634 2686 statum
650 2631 797 2702 pristinum
819 2631 942 2685 revocari
965 2630 1046 2687 lecis-

253 2737 356 2778 seruus.
372 2720 498 2777 Ostendit
512 2721 649 2792 siquidem
661 2722 743 2776 uobis
758 2720 791 2775 ad
808 2721 982 2791 relegendum
1002 2737 1046 2777 se·

253 2815 461 2871 reuissimorum
478 2814 675 2884 imperatorum
689 2813 833 2870 llludovici
849 2813 889 2866 l’ii
901 2821 929 2868 et
944 2813 1045 2868 botha-

253 2907 287 2960 rli
299 2906 347 2961 lilii
356 2907 417 2978 eius
434 2912 600 2977 praeceptum
613 2907 641 2959 in
656 2921 710 2976 quo
721 2911 750 2960 et
764 2905 799 2960 de
812 2905 901 2976 privua
920 2905 1043 2975 ejursilem

252 3001 306 3056 loci
321 3000 470 3056 donatione
482 3013 498 3052 a
509 2999 622 3069 proprio
636 2997 783 3053 fundatore
792 2998 902 3053 nomine
917 2995 1045 3053 llervucn-

252 3095 320 3156 rico,
337 3108 370 3148 ae
384 3091 502 3164 coniuge
518 3107 568 3146 sua
585 3089 706 3146 Munrma
721 3098 748 3145 et
770 3087 977 3144 confirmatione
990 3087 1044 3144 Lo-

1097 2449 1228 2504 studeant
1238 2465 1412 2519 covvserrnrc.
1426 2447 1461 2504 Ut
1473 2464 1536 2504 vero
1552 2449 1612 2520 ipsa
1627 2457 1729 2503 saneta
1742 2463 1888 2518 congrega-

1097 2541 1135 2593 tio
1146 2555 1196 2610 pro
1207 2541 1287 2596 nobis
1298 2549 1325 2596 et
1334 2541 1427 2611 regina
1441 2549 1535 2596 nostra
1544 2539 1693 2604 hdelaide,
1709 2547 1739 2595 et
1755 2539 1831 2594 omni
1845 2555 1889 2594 ue

1097 2637 1152 2686 stra
1169 2632 1245 2701 prole
1259 2642 1285 2687 ct
1302 2632 1380 2702 regni
1395 2633 1482 2686 nostri
1498 2632 1669 2697 stabilitate,
1683 2630 1797 2687 bomini
1817 2632 1891 2688 mise·

1097 2723 1244 2778 ricordiam
1258 2730 1285 2778 ct
1302 2723 1426 2794 ipsorum
1444 2733 1603 2780 sauctorum
1623 2724 1738 2780 valcant
1760 2725 1890 2780 attentius

1096 2830 1225 2882 exornem
1246 2824 1273 2871 et
1288 2817 1346 2871 lnce
1367 2826 1469 2872 nostrae
1491 2815 1703 2873 constitutionis
1722 2817 1890 2872 mubrumtio

1096 2909 1244 2980 pleniorem
1256 2909 1377 2980 vigorem
1392 2909 1491 2966 debeat
1509 2909 1631 2973 babere,
1654 2908 1732 2964 banc
1751 2907 1891 2964 auctorita·

1096 3007 1150 3056 tem
1164 3008 1286 3058 nostram
1297 3001 1414 3058 consiliu
1428 3003 1621 3074 cpiscoporum
1630 3001 1680 3072 qui
1692 3000 1887 3062 interlucruut,

1097 3093 1124 3148 in
1139 3093 1187 3152 bei
1199 3095 1310 3150 nomine
1322 3094 1600 3167 subtersignavimus,
1611 3095 1685 3151 etde
1696 3095 1793 3166 sigillo
1801 3103 1890 3152 noers

251 3185 335 3240 thurii
357 3185 494 3256 quondam
515 3185 605 3255 regis,
621 3198 703 3254 quam
718 3197 802 3252 super
819 3181 944 3236 eamdem
957 3180 1046 3236 doua-
1060 3178 1081 3236 C
1097 3185 1223 3258 insigniri
1234 3186 1379 3257 jussimus.

251 3277 353 3333 tionem
367 3275 653 3346 conscriberejussit,
670 3281 698 3329 et
717 3271 877 3329 eorumdem
897 3272 1044 3344 imporato-

251 3383 313 3423 rum
328 3367 357 3422 in
372 3374 495 3438 ternpore
505 3365 628 3422 llildulni
642 3366 750 3421 abbatis
767 3365 941 3421 restitutione
952 3365 1045 3436 plena·

251 3463 294 3517 ria
307 3461 463 3531 cognitione
476 3469 573 3515 nostra
587 3458 794 3514 evidentissime
811 3455 963 3522 satisfecit,
983 3457 1045 3528 qui·

251 3556 303 3610 bus
324 3569 418 3609 coram
433 3554 535 3625 saepius
550 3553 683 3624 inspectis
702 3551 892 3622 religiosarum
911 3566 1042 3622 persona-

251 3662 324 3711 ruur,
338 3646 465 3701 videlicet
479 3645 599 3700 blattlraei
620 3644 785 3699 albanensis
803 3643 923 3715 episcopi
944 3654 1045 3699 sanctae

252 3739 494 3808 sedisapostolicae
507 3737 605 3808 legati.
620 3735 786 3792 Parisiensis
802 3736 934 3807 Stephani
950 3736 978 3791 in
995 3754 1044 3792 cu-

249 3832 295 3900 jus
320 3832 452 3902 parochia
475 3839 535 3893 cst,
560 3829 678 3885 consilio
695 3838 779 3900 atque
792 3829 970 3885 concessione
989 3829 1043 3884 lle-

251 3925 355 3980 mens'rs
375 3923 575 3995 archiepiscopi
603 3922 745 3987 lleinaldi,
764 3920 970 3979 suessionensis
988 3922 1043 3978 Go-

251 4017 339 4082 eleni,
360 4016 541 4072 carnotensis
567 4015 688 4086 episcopi
715 4014 851 4079 Gaulridi,
872 4017 1043 4087 aliorumque

252 4111 388 4164 bonorum
409 4109 533 4163 vivorum
548 4117 576 4164 et
596 4108 672 4180 regni
697 4109 786 4164 nostri
808 4118 1042 4178 pretereuntem

251 4212 361 4276 propter
382 4202 506 4272 ejusdem
520 4202 644 4257 ecclcsiae
657 4217 739 4271 qviuvn
761 4203 939 4272 cognorimus
959 4202 1042 4274 justi-

250 4296 334 4358 tiam,
350 4304 407 4348 tum
419 4295 502 4350 etiam
512 4294 587 4365 quod
598 4294 625 4348 in
639 4294 735 4349 eodem
750 4296 918 4351 monasterio
938 4296 1042 4352 uostris

250 4387 422 4458 temporibus
433 4388 504 4442 iuter
516 4387 570 4440 alia
580 4384 720 4442 Gallorum
740 4387 908 4443 monasteria
925 4386 972 4443 Ilei
987 4389 1042 4444 mi-

250 4479 402 4536 sericordia
417 4489 444 4535 et
458 4487 615 4535 sanctorum
630 4486 782 4550 martyrum
803 4479 909 4535 ureritis
927 4481 1039 4550 potissi-

249 4585 326 4624 mum
337 4569 405 4624 ordo
420 4570 581 4625 monasticae
596 4568 737 4640 religionis
753 4567 880 4640 effulget,
896 4570 1039 4640 praelatum

251 4663 342 4718 locum
356 4661 591 4732 argentoilensem
606 4662 675 4731 ipsis
688 4663 777 4719 sacris
791 4664 959 4734 martyribus
969 4679 1040 4735 quos

251 4767 359 4808 suvnme
370 4751 524 4822 diligimus,
541 4752 615 4822 apud
632 4767 702 4823 quos
723 4753 834 4824 sepeliri
854 4761 996 4824 optamus,
1013 4762 1041 4810 et

250 4845 410 4900 devovimus
423 4859 473 4914 pro
487 4845 585 4898 animae
595 4851 696 4901 nostrae
710 4847 848 4908 remedio,
863 4845 942 4917 regui
951 4847 1039 4904 nostri

250 4938 504 5001 administratione,
519 4937 646 5008 conjugis
667 4945 695 4992 et
709 4938 795 5008 prolis
811 4940 1038 5004 conservatione,

250 5034 278 5091 iu
286 5030 456 5104 plenitudine
467 5029 648 5096 restituimus,
659 5029 793 5102 quidquid
803 5030 903 5086 ibidem
914 5039 1040 5086 nostrum

284 5225 518 5299 (ll9lllommeoe
526 5226 569 5282 roi
581 5224 716 5298 Philippo,
728 5225 770 5282 suls
781 5226 843 5282 alne
856 5227 890 5282 de
902 5225 1037 5290 Loulslll,

248 5314 282 5353 ue
297 5297 425 5353 surrecut
440 5314 489 5366 pas
505 5313 540 5352 au
554 5298 596 5353 roi
610 5312 661 5352 sou
676 5296 750 5368 pere,
763 5298 782 5350 il
793 5299 863 5352 n'cst
875 5314 923 5367 pas
935 5299 1036 5353 d'ordi·

249 5370 325 5424 nalre
334 5369 456 5440 compris
466 5369 535 5424 davus
547 5369 571 5423 le
581 5369 723 5439 catalogue
733 5369 781 5423 des
796 5367 863 5423 llurs
878 5369 912 5424 de
923 5368 1036 5423 Frauae.

248 5439 408 5510 tlepeudaat
421 5453 457 5493 ori
471 5440 516 5492 u'a
533 5455 581 5508 pas
598 5439 679 5494 laissc
694 5441 728 5494 de
738 5440 762 5494 le
772 5447 896 5510 comptor
909 5441 1038 5510 qvvelque-

249 5513 303 5565 hus
326 5525 393 5565 avec
412 5509 451 5564 les
473 5518 584 5572 autres,
600 5525 706 5564 cornuue
733 5511 788 5565 l'on
809 5517 874 5579 peut
889 5513 949 5565 voir
967 5512 1038 5566 daus

250 5581 400 5636 l‘ancienue
414 5580 576 5650 inscription
587 5579 652 5634 d'un
666 5581 858 5650 reliquaireoh
871 5589 914 5637 est
925 5583 1040 5636 cuchis·

248 5651 296 5703 see
310 5667 363 5705 virae
374 5652 478 5722 relique
490 5655 527 5704 du
543 5651 585 5705 rol
603 5651 675 5704 saint
697 5651 791 5714 Leuis,
806 5652 853 5721 qui
876 5668 906 5707 se
927 5652 982 5704 voit
1002 5668 1037 5705 ιιιι

249 5723 339 5771 leesor
351 5721 383 5774 de
399 5721 584 5776 Salat-[leals.
597 5720 638 5776 Οιι
651 5738 667 5791 g·
681 5721 712 5775 lit
727 5724 791 5776 d'un
806 5721 867 5776 crite
881 5742 887 5775 :
900 5721 1038 5791 Philippus

250 5787 303 5851 it,
318 5788 372 5841 lica
385 5789 523 5853 Francius,
540 5792 611 5860 filius
626 5791 693 5845 beuti
709 5791 833 5846 berterici
849 5792 941 5862 liegis3
962 5805 988 5848 et
1005 5795 1037 5849 de

1132 3278 1244 3350 Signum
1259 3278 1391 3335 Ludorici
1405 3279 1596 3350 gloriosissimi
1610 3281 1696 3352 regis.

1131 3372 1244 3444 Sigruun
1260 3371 1376 3444 Philippi
1394 3373 1476 3444 regis.

1131 3463 1245 3538 Signum
1261 3463 1401 3522 hilclaidis
1415 3467 1525 3537 regum.

1131 3555 1281 3614 llaiualdns
1296 3556 1445 3614 llemoruvu
1461 3559 1689 3630 archiepiscopus
1699 3563 1859 3630 conscrips

1130 3645 1279 3718 l'ulgriuus
1292 3647 1503 3704 bituricensium
1518 3648 1750 3720 archiepiscopus
1759 3665 1838 3706 coris.

1132 3738 1302 3796 llainrericus
1315 3739 1544 3796 clav-unnuvensis
1559 3741 1709 3812 episcopus
1722 3758 1804 3798 cons.

1129 3830 1267 3889 l'clendus
1278 3832 1465 3904 Lcngmreusis
1474 3834 1620 3905 episcopus
1631 3851 1713 3892 cons.

1130 3921 1286 3994 Stephanus
1302 3923 1559 3996 Augustoduucusis
1572 3927 1726 3999 episcopus
1740 3944 1821 3985 coris.

1129 4011 1624 4088 llathoTrecensisepiscoprvseovvs.

1130 4107 1225 4162 Sivuou
1243 4107 1436 4166 horiovucnsis
1448 4112 1594 4182 episcopus
1607 4125 1688 4168 cous.

1128 4199 1336 4258 bartholomeus
1351 4200 1543 4260 laudunensis
1552 4204 1702 4275 episcopus
1717 4220 1799 4260 curm.

1129 4290 1285 4362 Stephanus
1297 4291 1463 4350 Parisieusis
1474 4295 1620 4364 episcopus
1630 4309 1710 4350 cous.

1129 4378 1265 4437 Goslcuus
1281 4381 1490 4440 Suessioueusis
1504 4385 1651 4456 episcopus
1661 4399 1743 4442 cons.

1128 4472 1474 4532 loanneshirreliauonsis.

1130 4564 1243 4637 Sigmun
1258 4565 1367 4622 lladullv
1383 4567 1606 4628 l'iromeudcusis
1616 4571 1739 4627 comitis.

1127 4657 1240 4731 Signum
1256 4659 1418 4717 chludovici
1433 4661 1599 4717 buticularii.

1127 4749 1222 4806 Simon
1236 4752 1418 4809 cancellarius
1431 4755 1599 4825 recognovit.

1126 4839 1226 4896 hetam
1250 4841 1322 4913 apud
1349 4838 1481 4898 Sanctum
1504 4843 1670 4900 Germanum
1693 4844 1730 4901 de
1754 4844 1885 4904 Pratisin

1091 4939 1236 5009 presentia
1250 4937 1344 4994 domni
1359 4937 1477 4992 llattlvaei
1491 4937 1656 4994 Albaueusis
1674 4939 1802 5010 episcopi
1824 4957 1885 4995 sau-

1090 5039 1141 5084 ctae
1155 5029 1229 5086 sedis
1245 5029 1403 5101 apostolicae
1415 5029 1516 5100 legati,
1533 5037 1562 5084 et
1574 5027 1718 5086 Gaudredi
1731 5031 1885 5088 &nuen-

1090 5229 1205 5284 l’autre:
1219 5229 1358 5301 Philippus
1379 5229 1412 5294 V,
1428 5229 1483 5285 Rea
1504 5229 1646 5296 Francia,
1673 5233 1750 5302 filisa
1769 5232 1885 5304 Philiyp'

1091 5299 1189 5366 Quarti
1209 5301 1246 5356 lle
1265 5301 1306 5364 is,·
1331 5317 1401 5371 pour
1419 5317 1548 5372 marquer
1569 5301 1610 5357 les
1630 5303 1689 5358 ruis
1714 5301 1886 5376 Phihppe-le

1090 5369 1174 5425 llardi
1189 5379 1216 5426 cl
1238 5319 1473 5442 linthium-lebet,
1490 5389 1540 5428 son
1557 5372 1613 5434 iils,
1633 5371 1766 5444 designes
1786 5391 1883 5430 encore

1090 5457 1140 5511 pm
1155 5443 1195 5497 les
1209 5457 1299 5498 arares
1312 5445 1361 5498 des
1376 5444 1467 5498 reines
1482 5443 1556 5499 leurs
1569 5444 1699 5514 epouses,
1715 5447 1765 5516 qui
1781 5459 1882 5502 sontaa

1091 5515 1299 5568 souhasseruent
1313 5515 1347 5570 de
1360 5528 1393 5569 ee
1407 5515 1564 5586 reliquaine.
1581 5513 1614 5570 Et
1627 5516 1699 5572 ainsi
1720 5532 1757 5572 au
1778 5527 1883 5588 conspe

1090 5584 1124 5638 de
1149 5585 1263 5638 l'autcuv·
1287 5585 1321 5640 de
1344 5591 1416 5640 cette
1438 5585 1618 5656 inscription,
1642 5587 1667 5642 le
1691 5586 1738 5642 uh
1767 5591 1883 5644 alurede

1090 5654 1174 5710 Lorvis
1185 5653 1217 5708 b'l
1229 5656 1295 5710 e'tait
1308 5653 1431 5726 Philippo
1443 5653 1490 5722 lll,
1506 5673 1540 5712 au
1554 5657 1604 5712 lieu
1620 5673 1674 5728 que
1690 5674 1760 5714 sous
1773 5675 1807 5714 ce
1821 5674 1880 5712 non

1091 5727 1309 5849 [orrcovnpreud
1325 5727 1545 5784 corrunuuc'menl
1556 5729 1579 5783 le
1591 5741 1759 5785 successeur
1769 5730 1804 5782 de
1814 5731 1881 5786 saint

1114 5811 1183 5854 ouis.
