3967 6334
243 335 297 394 leb
724 323 908 388 taunasim
926 319 1227 388 cueisorouttaet
1245 323 1400 383 tautecurt
1825 328 1874 383 lbl
1952 372 1953 419 3

242 441 700 519 occiseritlioau.mr).loannes
719 441 906 511 adtaminata
926 439 1072 505 audito-g
1122 435 1157 491 Et
1177 435 1301 491 accedeus
1322 443 1447 500 tentator,
1461 433 1531 488 aicit
1545 434 1590 488 ei:
1607 431 1638 489 Si
1652 431 1738 490 Filius
1764 434 1813 491 Dei
1832 455 1875 494 es.
1952 436 1953 453 ²

241 557 306 598 rum
319 539 499 612 capacitatem
512 535 576 591 alibi
590 533 683 592 lesum
699 534 829 605 praedicat
845 534 931 588 virtum
947 532 1041 588 lertio·
1089 531 1131 584 dia
1142 537 1171 584 ut
1184 528 1284 599 lapides
1295 529 1341 583 isti
1355 544 1434 597 poues
1445 527 1521 596 fiant.
1539 524 1591 592 Qui
1605 525 1773 595 respondeus,
1788 529 1875 585 dicit.

242 649 303 690 rem
317 647 357 698 se,
368 630 414 686 bic
427 643 491 686 vero
500 625 600 682 Filium
614 626 673 683 Dei.
685 626 755 682 Hinc
769 633 812 683 est
826 624 899 698 quod
913 623 1036 682 Paulus:
1090 618 1117 673 N
1119 638 1152 675 aa
1167 622 1196 674 t'u
1209 621 1266 675 sala
1279 637 1345 690 pauc
1360 620 1419 673 aicit
1432 617 1521 682 bauto,
1535 617 1581 672 sad
1595 618 1624 672 iu
1637 621 1707 673 oraui
1721 621 1798 676 verda
1809 625 1876 693 quod

244 727 329 796 Quasi
341 724 458 794 paruulis
474 723 502 776 iu
515 719 632 783 Clusio,
649 721 691 774 lac
703 730 795 790 patum
810 718 872 775 dedi
887 719 969 782 uobis,
985 735 1038 774 uou
1086 713 1202 781 procedit
1216 712 1248 766 de
1262 729 1306 766 ore
1320 711 1379 766 Dei.

242 833 329 872 escam
342 813 368 887 (l
381 811 443 870 Cor.
459 813 513 886 tn).
526 809 600 867 lnter
614 812 753 882 sapientes
767 817 858 865 antem
874 808 1037 880 sapientiam
1124 805 1231 878 [Deam]
1243 805 1365 860 Credidit
1376 803 1523 876 aliquando
1539 803 1667 860 diabolus
1683 803 1876 861 debellatorem

242 909 392 982 loquimur.
1087 915 1166 955 suurn
1181 898 1290 954 uenisse
1304 897 1489 961 inmundum,
1507 897 1578 952 sicut
1596 913 1645 967 per
1660 898 1806 952 obsessum
1830 897 1878 952 iro·

543 972 658 1030 CAPUT
677 973 738 1030 XV·
1086 993 1187 1047 manem
1207 990 1278 1045 utari
1291 1010 1297 1044 =
1312 989 1382 1057 aura
1406 988 1479 1045 nata
1500 998 1524 1043 u
1540 988 1598 1054 εει,
1615 987 1670 1043 aaut
1694 989 1760 1046 aera
1779 989 1877 1044 trenam

429 1085 470 1175 Μ
528 1066 559 1118 ¹⁵
598 1089 628 1173 fl
686 1067 768 1171 δι
828 1064 857 1116 ¹⁵3
1086 1081 1877 1154 autetempustorquereuos(blatteum),Deumtamett

480 1149 492 1173 ⁰
533 1143 550 1177 ¹¹
638 1148 650 1171 ⁸
778 1147 790 1171 ⁶
1085 1175 1161 1229 illum
1182 1191 1244 1230 esse
1264 1174 1410 1237 dubitarit,
1431 1173 1557 1229 ntartalia
1579 1175 1716 1245 patiendo.
1734 1175 1877 1249 [literar.-

1085 1267 1244 1340 lltttnrus.]
1255 1267 1389 1337 Scriptum
1398 1276 1448 1331 cst,
1459 1267 1529 1323 dixit
1538 1265 1680 1332 Donamus,
1692 1271 1757 1339 quia
1770 1269 1878 1324 humilia

1085 1370 1152 1425 tate,
1163 1375 1218 1415 non
1228 1359 1350 1430 potentia
1359 1367 1540 1430 proposuerat
1548 1358 1819 1416 vincerediabolum.
1833 1359 1876 1416 ia·

1085 1452 1213 1508 tendebat
1225 1451 1379 1507 daemonum
1390 1451 1529 1521 princeps,
1540 1466 1575 1505 ex
1586 1452 1734 1507 mutatione
1755 1451 1877 1522 lapidum

1085 1545 1114 1599 in
1130 1560 1226 1616 panes,
1237 1544 1366 1599 virtutem
1382 1544 1525 1614 potestatis
1536 1542 1563 1596 in
1574 1541 1629 1598 Deo
1639 1558 1799 1614 agnoscere,
1812 1552 1840 1599 et
1850 1544 1877 1598 in

1085 1633 1878 1704 bomine,oblectanrentocibipatientiametnrrtionisillu·

277 1213 351 1272 l'uua
373 1212 451 1268 iesus
466 1211 561 1266 ductus
581 1221 621 1266 cst
634 1213 662 1265 iu
683 1209 816 1266 desertura
839 1227 855 1264 a
877 1210 983 1280 spiritu,
1007 1217 1036 1262 ut

243 1315 389 1365 tentaretur
405 1323 421 1360 a
435 1303 551 1360 diabolo.

277 1402 407 1458 Consulto
422 1398 511 1454 Lucas
525 1400 615 1469 prima
630 1396 721 1470 posuit
733 1416 739 1450 :
750 1384 829 1451 lesus
845 1405 931 1450 eutem
943 1394 1035 1465 plenus

241 1493 344 1568 Spiritu
359 1503 462 1556 sauata,
476 1507 610 1563 regressus
624 1498 662 1545 cst
679 1486 837 1553 atoraune,
851 1504 886 1544 ne
899 1488 1036 1543 dubitare·

239 1598 286 1643 tur
300 1603 315 1642 a
327 1601 382 1658 qua
398 1585 497 1656 spiritu
511 1583 610 1638 ductus
626 1580 676 1636 luit
692 1582 719 1636 in
733 1581 871 1636 desertum
883 1581 1034 1636 secundum

240 1681 407 1744 liattbaeum,
420 1677 462 1733 rel
477 1677 611 1748 expulsus
625 1673 776 1730 secundum
793 1673 923 1730 liarcum.
934 1674 1035 1730 Procrtl

241 1773 326 1831 dubio
340 1786 397 1827 non
410 1769 513 1824 uirtute
527 1767 592 1822 mali
607 1766 721 1838 spiritus
734 1764 814 1821 lesus
829 1765 920 1837 agitur
934 1766 963 1820 in
983 1765 1032 1820 de·

241 1875 356 1931 sertum,
373 1863 420 1922 scd
443 1864 584 1918 uoluntate
606 1861 649 1917 sui
671 1859 795 1931 spiritus,
810 1867 840 1913 ut
860 1865 964 1912 sternat
982 1856 1031 1910 ad-

239 1959 404 2017 uersarium.
422 1953 475 2010 Ubi
490 1953 569 2008 nobis
585 1956 786 2022 praemonstrat,
804 1955 833 2003 ut
849 1957 909 2018 post
930 1947 1040 2017 baptis·-

240 2067 316 2108 mum
336 2047 513 2118 accingamur
529 2043 636 2098 sortiter
650 2052 745 2098 contra
765 2040 913 2103 diabolum,
930 2038 1034 2094 relictis

238 2143 335 2202 mundi
351 2138 487 2197 illecebris
501 2147 527 2192 et
542 2136 672 2192 societate
687 2149 844 2206 pravorum.

1046 1831 1068 1886 Β
1081 1833 1204 1881 sumens,
1226 1816 1355 1879 ostendit,
1371 1833 1423 1870 nou
1438 1817 1467 1870 ia
1486 1830 1552 1885 parre
1566 1817 1618 1871 boe
1631 1801 1831 1883 solitariesea
1849 1816 1878 1869 iu

1085 1909 1157 1964 curui
1168 1908 1243 1964 serbo
1262 1908 1323 1972 Dei,
1336 1909 1493 1963 alimoniam
1514 1908 1673 1963 aeternitatis
1688 1923 1749 1963 csse
1766 1923 1876 1978 speran-

1084 2002 1146 2056 dam
1160 2001 1248 2072 (Deut.
1260 2002 1333 2074 urii).
1345 1998 1489 2072 [Gnaeum]
1499 1998 1600 2054 Tribus
1608 1999 1695 2054 modis
1704 2001 1819 2056 tentatio
1828 1999 1875 2055 tit:

1084 2093 1268 2164 suggestione,
1280 2093 1469 2153 delectatione.
1485 2108 1631 2148 consensu.
1643 2091 1771 2148 Christus
1785 2101 1876 2148 autem

591 2224 621 2274 19
755 2223 784 2272 19
1083 2183 1256 2252 suggestione
1270 2183 1328 2238 sola
1343 2189 1465 2238 tentatus
1479 2182 1598 2252 est,quia
1612 2181 1757 2238 delectatio
1769 2187 1877 2254 peccati

491 2245 528 2332 M
542 2306 554 2330 ε
599 2301 614 2338 ε·
657 2243 708 2329 [ι.
1083 2282 1199 2328 mentem
1215 2274 1346 2330 eiusnon
1366 2273 1522 2330 momordit.
1538 2273 1598 2330 Non
1617 2275 1759 2346 iudignum
1776 2275 1877 2332 tentari

277 2377 311 2432 Et
332 2392 390 2431 cum
401 2375 549 2446 jejunasset
566 2369 743 2442 quadraginta
765 2367 854 2422 diebus
875 2375 900 2421 et
915 2382 1034 2438 quaara-
1083 2363 1136 2420 tuit
1150 2365 1201 2430 illi,
1212 2366 1259 2438 qui
1273 2366 1362 2421 occidi
1372 2374 1484 2422 venerat
1500 2374 1529 2422 nt
1540 2383 1590 2422 sua
1605 2369 1753 2424 tentatione
1765 2374 1878 2424 nostrae
1955 2362 1956 2423 Ϊ

240 2474 314 2546 ginta
332 2468 462 2532 uectibus,
478 2475 568 2538 postca
585 2465 687 2520 esuriit.
1083 2460 1215 2525 vinceret,
1232 2461 1305 2517 sicut
1320 2475 1369 2516 sua
1383 2468 1470 2516 morte
1490 2470 1585 2516 nostra
1599 2461 1660 2515 tulit
1680 2469 1803 2532 peccata.

197 2541 203 2558 ⁴
275 2561 379 2619 Obtulit
392 2575 422 2616 se
435 2558 563 2616 tentatori
574 2555 754 2628 quadraginta
768 2555 865 2610 diebus
875 2561 902 2610 ει
914 2553 1034 2626 quadra·
1121 2552 1193 2607 Taua
1215 2553 1357 2624 assumpsit
1374 2569 1434 2607 eam
1453 2552 1575 2609 diabolas
1592 2557 1619 2608 iu
1641 2563 1762 2609 sanctam
1781 2555 1878 2610 ciuita-

240 2655 316 2728 ginta
337 2653 475 2718 noctibus,
496 2661 526 2706 ut
546 2649 649 2705 indicet
671 2649 735 2719 quia
757 2647 814 2703 sire
836 2647 880 2701 hic
901 2661 1034 2718 prospera
1085 2654 1150 2700 tenu
1165 2655 1189 2702 et
1205 2648 1297 2700 statuit
1311 2663 1370 2701 auat
1385 2664 1466 2718 supra
1480 2647 1650 2718 pinnaculum
1669 2649 1766 2717 templi.

240 2747 430 2814 blandiuntur,
454 2743 527 2816 quod
550 2742 583 2797 ad
606 2743 665 2797 dies
687 2741 818 2812 pertinrt;
840 2739 898 2795 sire
918 2739 1034 2794 adversa
1119 2736 1179 2793 Non
1193 2738 1293 2794 mirum
1308 2739 1331 2795 si
1348 2755 1376 2795 se
1391 2741 1514 2811 permisit
1528 2739 1563 2794 ab
1577 2739 1624 2794 iilo
1638 2742 1743 2796 assumi
1767 2749 1794 2798 et
1809 2741 1878 2797 duci

1085 1728 1160 1784 dere.
1171 1727 1272 1783 Verum
1282 1726 1415 1781 Dominus
1424 1724 1677 1781 deDeuteronomio
1686 1725 1877 1782 testimonium
1954 1784 1955 1801 χ

239 2837 350 2898 ieriant,
367 2835 440 2908 quod
455 2836 545 2890 noctis
563 2833 655 2904 ligure
669 2832 807 2903 congruit,
824 2846 931 2901 semper
947 2831 1034 2886 tmeu-
1084 2837 1111 2886 ει
1126 2831 1219 2895 statui,
1234 2832 1282 2902 qui
1297 2848 1327 2886 se
1342 2831 1455 2902 pertulit
1470 2847 1485 2885 a
1499 2832 1631 2888 membris
1645 2834 1721 2888 illius
1738 2834 1876 2906 crucifigi.
1956 2906 1957 2919 χ

238 2926 293 2984 bus
316 2927 392 2984 adest
415 2927 601 2990 aduersarius,
623 2941 678 2980 non
700 2939 814 2980 cessans
834 2937 881 2978 cos
902 2923 1034 2994 impedire
1084 2920 1178 2978 Potest
1193 2932 1284 2978 autem
1300 2925 1341 2978 sic
1355 2925 1470 2994 intelligi
1483 2922 1651 2995 :desumpsit
1665 2943 1724 2982 euru
1737 2926 1877 2996 aiebatur,

240 3021 382 3077 tentando.
399 3017 539 3092 [literam]
555 3016 658 3074 Esuriit
672 3033 797 3088 corpore,
814 3025 844 3070 nt
858 3016 967 3072 diabolo
981 3016 1034 3070 tri·
1085 3014 1111 3068 id
1125 3022 1178 3080 εει,
1190 3015 1319 3072 tentando
1332 3018 1445 3083 mnasit;
1457 3026 1481 3071 et
1495 3018 1589 3072 statuit
1603 3035 1663 3074 eum
1676 3021 1878 3091 suprapiuuum

240 3117 373 3172 bueretur
384 3111 508 3169 tentandi
521 3112 642 3174 occasio,
654 3119 681 3168 ct
694 3111 853 3167 uinceretur
867 3111 901 3164 ab
911 3108 1032 3174 bomine,
1086 3107 1186 3176 templi,
1208 3106 1236 3160 id
1255 3115 1308 3174 est,
1329 3109 1440 3164 occasio
1455 3108 1507 3164 luit
1527 3127 1613 3182 quare
1632 3111 1764 3170 Dominus
1782 3128 1798 3167 a
1824 3129 1879 3171 suo

242 3211 322 3282 cujus
333 3215 453 3266 mortect
465 3205 668 3262 calamitatibus
678 3203 854 3276 gloriabatur.
865 3202 1034 3276 [Dicimus]
1048 3177 1069 3235 C
1087 3201 1185 3272 spiritu
1200 3202 1237 3258 sit
1250 3201 1349 3256 ductus
1362 3210 1389 3257 et
1404 3209 1525 3258 statutus
1538 3203 1603 3260 illic.
1619 3203 1707 3260 Pinna
1720 3205 1762 3261 vel
1774 3207 1878 3276 pinua⁴

242 3301 401 3359 llorebatur
424 3299 551 3355 diabolus
574 3297 756 3369 quadraginta
780 3297 886 3352 dierum
908 3295 1032 3366 ieiunio,
1085 3295 1178 3349 culum
1199 3301 1242 3350 est
1261 3293 1421 3364 fastigium,
1447 3295 1475 3350 id
1498 3303 1540 3352 est
1560 3297 1713 3355 summitas.
1741 3297 1877 3356 Sciebant

240 3393 343 3450 sciebat
358 3388 470 3445 totidem
485 3389 582 3445 diebus
597 3401 682 3458 aquas
696 3386 789 3458 abussi
812 3385 923 3448 effusas,
940 3386 1035 3456 explo-
1084 3387 1158 3441 enim
1178 3386 1284 3456 antiqui
1299 3386 1370 3442 sieut
1391 3386 1481 3442 adhue
1495 3390 1525 3442 lit
1544 3388 1573 3444 in
1586 3391 1712 3461 pluribus
1731 3391 1809 3458 locis,
1827 3409 1871 3449 su

239 3491 327 3540 ratam
349 3481 574 3554 repromissionis
597 3490 710 3542 terram,
726 3478 812 3550 lloysi
834 3479 920 3550 legem
941 3495 957 3534 a
978 3479 1034 3535 Deo
1085 3479 1192 3549 periora
1207 3479 1350 3535 domorum
1363 3480 1404 3535 vel
1418 3481 1580 3552 templomm
1595 3482 1685 3539 iacere
1698 3486 1779 3555 plano
1792 3486 1875 3542 sche-

240 3578 344 3642 datam,
368 3576 439 3631 lilios
460 3572 545 3630 lsrael
566 3572 680 3630 totidem
702 3575 782 3628 aunis
805 3573 832 3627 in
853 3588 944 3628 eremo
965 3588 1034 3644 panc
1084 3578 1167 3636 mate,
1188 3578 1219 3626 ut
1239 3571 1274 3626 ilti
1295 3579 1408 3642 possent
1427 3579 1502 3628 stare
1520 3581 1548 3628 ει
1568 3589 1648 3645 agere
1669 3577 1742 3647 quod
1760 3578 1875 3634 uellent.

240 3670 401 3741 angelornm
423 3667 536 3724 risisse.
552 3666 620 3722 Cum
640 3680 705 3720 vero
719 3665 806 3720 sensit
819 3673 880 3734 post
897 3663 1034 3733 iejurtium
1085 3660 1162 3718 b'nde
1177 3660 1309 3718 Dominus
1323 3661 1357 3717 ad
1373 3664 1511 3733 apostolos
1525 3684 1531 3720 :
1545 3663 1621 3730 Quod
1636 3666 1664 3720 iu
1678 3683 1741 3722 aure
1760 3667 1874 3734 auditis,

240 3761 347 3820 esurire
368 3761 513 3817 Dominum
539 3758 612 3831 quod
632 3773 688 3814 non
703 3758 737 3813 de
751 3756 843 3830 lloyse
857 3756 899 3814 rel
921 3755 980 3811 Elia
994 3757 1034 3812 le·
1083 3753 1225 3826 praedicate
1237 3771 1316 3826 super
1330 3763 1398 3810 tecta
1415 3755 1524 3828 (aaran.
1539 3756 1581 3830 x).
1600 3756 1700 3814 Sancta
1719 3767 1810 3816 autem
1833 3763 1874 3817 ci·

239 3867 313 3928 gitur
326 3863 357 3909 ut
372 3863 434 3926 post
445 3853 550 3924 jejunia
571 3851 731 3914 esurierint,
748 3850 868 3906 accessit
888 3849 1031 3915 tentando,
1083 3846 1154 3902 vitas
1174 3845 1326 3903 Jerusalem
1339 3847 1493 3913 dicebatur,
1510 3849 1538 3902 in
1551 3864 1606 3919 qua
1622 3851 1753 3923 templum
1772 3859 1834 3909 erat
1847 3863 1875 3911 et

240 3950 320 4020 longo
345 3955 467 4004 remotus
489 3946 601 4001 malitie
625 3951 699 4000 roto.
712 3941 822 4016 [ileon]
846 3942 942 3998 Decem
968 3951 1034 3997 sunt
1083 3941 1172 3996 cultus
1188 3939 1236 3994 Dei
1250 3940 1400 3996 secundum
1414 3941 1499 4012 legem
1510 3939 1604 4014 lloysi.

240 4048 376 4112 precepta
391 4039 469 4110 legis,
485 4045 513 4096 et
526 4036 745 4110 quadripartitus
759 4045 801 4089 est
813 4035 943 4100 mundus,
959 4035 1033 4106 quod
1118 4031 1154 4086 lt't
1176 4033 1244 4086 dicit
1267 4034 1292 4086 ei
1303 4047 1312 4085 .·
1324 4031 1354 4088 Si
1376 4031 1401 4085 F
1403 4033 1464 4087 iiius
1485 4033 1535 4088 Dei
1555 4051 1592 4098 es,
1613 4034 1870 4094 mitte'tcdearseur.

240 4141 377 4214 significat
395 4140 452 4210 jam
476 4140 593 4212 gratiam
613 4137 718 4218 Cbristi
732 4135 860 4193 diffusam
884 4150 932 4206 per
952 4151 1032 4190 mun·
1084 4122 1216 4194 &rivium
1229 4133 1268 4179 0⁵⁸
1281 4126 1369 4180 ‘ism‘
1382 4124 1563 4197 Qssfftssndefll
1577 4128 1633 4182 ilfi
1645 4128 1781 4184 ’ntulisti‘
1792 4129 1825 4186 4⁶
1837 4141 1872 4196 κε

238 4232 315 4294 drrm,
337 4232 384 4302 qui
397 4230 533 4302 jejunarit
554 4229 645 4300 spatio
659 4225 840 4298 quadraginta
861 4225 976 4280 dierum.
1002 4223 1033 4280 ln
1082 4227 1107 4271 et
1120 4218 1147 4270 t‘n
1162 4217 1282 4272 munibat
1297 4217 1389 4272 mutili
1404 4227 1438 4283 ἴθι
1448 4234 1480 4273 ¹¹0
1492 4219 1560 4289 {W
1573 4219 1693 4288 θΙῙθΜῙΜ
1708 4220 1744 4274 Μ
1757 4220 1872 4290 ‘alim

238 4335 294 4392 quo
305 4320 411 4391 ieiunio
420 4319 499 4391 qtrasi
514 4318 670 4373 clamabat:
683 4315 825 4372 Abstinete
839 4329 914 4371 resa
928 4315 1034 4372 deside·
1081 4309 1172 4379 pedem
1186 4321 1259 4364 turam
1273 4309 1361 4381 (Pull-
1377 4313 1432 4383 xc)-

238 4415 289 4472 riis
307 4413 388 4483 hujus
407 4412 510 4468 seculi.
531 4403 561 4466 ln
583 4409 751 4465 comestione
770 4414 797 4463 et
818 4408 950 4464 bibitione
969 4415 1032 4479 post
1117 4402 1146 4457 ln
1168 4403 1296 4459 omnibus
1316 4403 1512 4460 tentationibus
1532 4404 1584 4459 boc
1605 4404 1661 4476 agit
1680 4404 1818 4472 diabolus,
1839 4415 1871 4464 ut

238 4505 468 4564 resurrectionem
488 4502 563 4558 uelut
583 4501 737 4557 clamabat:
753 4498 819 4554 Ecce
831 4517 876 4571 epo
899 4499 1030 4555 uobiscum
1046 4521 1068 4576 D
1083 4493 1216 4565 intelligat
1230 4494 1254 4549 si
1268 4492 1355 4550 Filius
1368 4491 1415 4550 Dei
1430 4495 1475 4550 sit.
1491 4493 1543 4550 Sed
1557 4493 1690 4554 Dominus
1704 4495 1746 4552 sic
1760 4513 1871 4570 respon·

237 4615 297 4656 sum
311 4613 392 4668 usaue
407 4594 441 4650 ad
457 4593 709 4649 consummationem
727 4591 819 4647 saculi
832 4589 940 4664 (Marti.
956 4593 1028 4652 uitri.
1082 4586 1187 4642 sionem
1202 4593 1343 4659 temperat,
1360 4593 1390 4640 ut
1403 4602 1467 4642 eum
1481 4588 1619 4658 relinquat
1638 4588 1809 4660 ambiguum.
1824 4589 1871 4645 Di-

239 4689 317 4746 Unde
330 4687 456 4761 qrramris
472 4700 527 4741 non
541 4686 701 4757 gloriemur.
717 4695 807 4740 tamen
821 4686 956 4756 sperando
972 4686 1030 4756 iam
1081 4691 1157 4743 cens,
1173 4679 1247 4732 mitte
1261 4688 1286 4734 te
1299 4678 1431 4742 detersum,
1447 4679 1494 4750 qui
1505 4695 1602 4737 omnes
1615 4682 1789 4752 precipitare
1800 4689 1872 4738 sata-

238 4781 386 4842 nascimur.
401 4777 531 4850 Congrue
548 4777 682 4848 jejunium
703 4775 923 4848 Quadragesimae
942 4787 1031 4834 statu·
1081 4771 1129 4840 tlt.
1153 4771 1279 4827 instamus
1302 4770 1549 4828 ostenditurznam
1574 4773 1742 4843 persuadere
1763 4783 1869 4846 potest.

237 4882 295 4930 tum
317 4878 362 4929 est
379 4887 441 4928 esse
456 4869 564 4926 contine
584 4869 733 4926 Dominicae
754 4871 891 4942 passioni,
906 4870 970 4944 quia
992 4871 1031 4927 si·
1081 4863 1251 4934 precipitare
1264 4879 1320 4918 non
1340 4870 1439 4934 potest.
1456 4861 1655 4921 Testimonium
1669 4866 1746 4936 quod
1765 4869 1871 4925 inducit

237 4961 348 5036 gnitleat
363 4975 414 5018 nos
431 4959 560 5017 deberea
581 4959 676 5015 mundi
690 4961 811 5016 amicitia
834 4963 1031 5027 continerent
1081 4971 1136 5012 non
1157 4957 1191 5012 de
1212 4957 1321 5012 Christo
1341 4963 1459 5023 tantum,
1475 4957 1522 5014 sed
1543 4959 1578 5015 de
1598 4961 1673 5016 omrai
1691 4960 1754 5018 uiro
1773 4971 1870 5020 sancto

236 5055 323 5113 Deum
338 5053 417 5124 sequi
432 5052 581 5108 ualeamus.
600 5049 742 5125 [Gnatam]
758 5049 965 5109 inabstinentia
981 5068 1031 5109 eu·
1081 5051 1223 5122 prophetia
1236 5060 1288 5107 est.
1306 5050 1488 5123 Hieronymus
1501 5052 1608 5124 psalmo
1628 5058 1810 5127 nonagesimo
1829 5057 1868 5114 sic

236 5155 292 5204 tent
306 5143 543 5218 quadragenarius
556 5159 687 5202 numerus
706 5145 872 5210 custoditur,
889 5147 954 5217 quia
972 5148 1031 5201 vir·
1080 5144 1210 5214 exponit:
1226 5161 1235 5194 r
1249 5141 1410 5215 Quicunque
1424 5145 1493 5200 duas
1520 5153 1634 5202 naturas
1647 5146 1697 5202 Dei
1707 5157 1736 5203 et
1749 5149 1868 5207 bominis

237 5247 282 5297 tus
296 5237 423 5310 Deealogi
438 5252 487 5309 per
502 5239 621 5309 quatuor
633 5238 720 5294 libros
734 5237 874 5310 Evangelii
890 5239 1029 5310 impletur,
1080 5236 1216 5307 periectas
1231 5237 1376 5293 crediderit
1391 5239 1419 5292 in
1435 5237 1586 5305 Salinatore,
1600 5239 1648 5295 bic
1661 5243 1795 5312 angelicis
1809 5258 1866 5298 me·

237 5347 301 5388 cum
321 5329 498 5402 Evangelium
520 5329 686 5388 custoditur.
701 5329 750 5386 llcl
764 5331 828 5403 qnia
848 5345 896 5402 per
919 5330 1031 5387 Deealo-
1080 5329 1163 5384 nibus
1186 5329 1315 5392 uallatus,
1341 5329 1375 5385 ad
1401 5330 1516 5402 lapidem
1538 5333 1640 5403 (idest
1661 5332 1867 5405 adClrristuml

237 5440 303 5498 gum
326 5421 411 5479 Deum
434 5431 461 5480 et
485 5425 639 5495 proximum
663 5421 776 5494 diligere
800 5423 983 5496 precipimur,
1003 5433 1032 5480 et
1080 5436 1135 5476 non
1156 5421 1267 5478 offendit
1282 5421 1378 5493 pedem
1399 5438 1490 5489 suum,
1505 5425 1552 5496 quii
1575 5425 1643 5496 lapis
1658 5433 1702 5482 est
1715 5427 1867 5496 offensionis

237 5526 314 5573 motu
325 5516 460 5587 corporis,
473 5517 547 5588 qrrod
561 5533 595 5572 ex
605 5525 722 5588 quatuor
736 5515 863 5572 subsistit
875 5517 1028 5581 elementis,
1080 5523 1105 5568 et
1122 5523 1196 5584 petra
1217 5513 1338 5568 scandali
1353 5513 1433 5572 lisai.
1454 5515 1528 5584 rutil.
1544 5538 1554 5569 ε
1567 5515 1739 5588 Augustinus
1763 5519 1798 5576 de
1821 5533 1866 5575 eo·

230 5607 361 5669 ,altat-itas
380 5605 427 5662 Dei
441 5615 468 5663 et
490 5609 608 5681 proximi
622 5609 741 5664 violatur
761 5615 823 5679 apte
844 5609 879 5663 ad
900 5607 1030 5664 diluenda
1081 5605 1142 5661 dem
1157 5607 1280 5677 psalmo:
1296 5604 1350 5661 ‹ln
1366 5608 1492 5663 manibus
1506 5611 1665 5680 angelorum
1679 5611 1808 5666 sublatus
1826 5615 1866 5666 est

238 5705 351 5770 peccata
372 5696 401 5753 in
415 5699 663 5775 quadragenarium
681 5714 826 5757 numerum
841 5706 950 5771 tempus
971 5713 1031 5770 poe-
1080 5698 1222 5764 Dominus,
1234 5699 1561 5772 quandoassumptusest
1573 5703 1723 5765 instalum,
1737 5701 1865 5772 nunquia

226 5785 361 5846 vniterrtie
375 5788 470 5862 surgit,
1082 5789 1106 5845 si
1126 5805 1180 5846 non
1194 5798 1347 5863 portarent,
1361 5791 1483 5848 ruiturus
1498 5802 1567 5861 erat,
1582 5793 1630 5852 sed
1644 5794 1710 5866 qrtia
1730 5794 1863 5865 obuque
