3967 6334
140 371 196 434 m
613 370 646 428 tt
666 370 765 429 uuutt
783 371 830 429 EX
846 372 1015 443 Quntuolt
1032 375 1134 433 tmen
1151 375 1292 436 Potitus.
1725 383 1776 442 ild

138 501 224 560 quem
238 486 331 542 omnia
344 481 486 541 reserenda
501 493 576 552 sunt,
587 503 619 543 ex
636 487 728 544 debito
741 487 794 545 llne
807 489 937 548 intentio-
950 497 973 553 Α
987 491 1073 548 illud:
1089 493 1142 561 Qui
1162 502 1235 548 amm
1258 492 1375 547 enimam
1396 509 1472 549 mum
1494 494 1584 563 perdet
1604 512 1664 551 mm
1683 495 1773 571 (loun.

139 580 187 637 uie
200 586 265 636 suut
282 593 364 650 opera
380 578 460 642 lucis,
475 579 583 636 etiarnsi
601 596 656 636 non
671 580 709 635 ita
722 581 879 639 hominibus
891 583 933 639 viv
983 584 1047 653 nul.

138 671 249 730 denam.
267 670 296 726 Si
317 687 382 728 vero
401 687 529 742 perversa
552 680 595 730 est
617 673 743 740 intentio,
759 690 872 746 pravum
891 682 934 733 est
1019 675 1278 732 Remieiteuolutilin
1292 675 1360 740 coeli,
1373 676 1497 746 quoniam
1517 693 1569 730 uon
1590 687 1682 733 serunt
1697 697 1777 751 neque

136 765 272 838 quidquid
292 765 368 835 agis,
386 766 494 821 etiamsi
518 774 623 822 rectum
637 767 770 824 videatur.
791 767 854 824 ldeo
869 785 935 840 ope·
984 776 1094 828 metunt,
1118 783 1198 838 neque
1217 774 1375 838 conprepuut
1390 767 1418 820 in
1431 769 1537 832 Ιιοπεε,
1555 776 1581 821 et
1599 778 1676 839 poter
1695 779 1777 825 cester

136 871 172 913 ra
193 858 313 914 tenebrae
339 858 487 924 dicuntur,
512 860 576 930 qula
597 860 731 916 incertum
750 861 851 917 habent
875 863 935 917 exi·
984 859 1095 915 colestia
1125 860 1210 928 pascit
1235 858 1294 914 illu.
1322 856 1417 913 Nonne
1439 875 1483 914 uos
1505 861 1589 932 nrupie
1609 861 1694 931 plutio
1712 863 1776 917 ertio

137 957 210 1006 tum.
984 952 1061 1006 illio?

175 1039 207 1095 Si
220 1055 281 1110 erpo
295 1037 382 1092 lumen
395 1036 465 1109 quod
478 1038 505 1092 iu
516 1047 541 1093 te
554 1038 724 1108 amaretne
738 1049 809 1106 eunt,
822 1042 885 1111 ipeoe
897 1049 934 1098 te·
1022 1037 1203 1112 [docunius]
1223 1037 1282 1093 lloc
1306 1039 1340 1095 ad
1362 1039 1483 1094 litteram
1506 1040 1710 1113 intelligendum
1723 1051 1775 1109 est,

136 1130 227 1188 mbroe
240 1140 348 1201 quantoe
361 1132 460 1186 eruut?
984 1131 1049 1202 qutia
1063 1127 1196 1186 Dominus
1210 1129 1356 1186 manifeste
1371 1147 1480 1186 omnem
1492 1147 1588 1187 curam
1602 1149 1694 1188 rerum
1708 1148 1777 1205 prae·

175 1220 203 1278 ld
219 1229 273 1284 est,
292 1223 315 1280 si
335 1222 451 1280 intentio
472 1223 630 1280 sordidatur
655 1225 776 1296 appetitu
797 1231 935 1297 tempora·
986 1223 1104 1278 sentium
1125 1229 1241 1284 amovet,
1263 1232 1290 1277 et
1313 1229 1432 1278 attentos
1446 1229 1552 1278 tantum
1574 1240 1634 1281 esse
1653 1225 1682 1280 in
1701 1241 1776 1296 spem

136 1313 218 1379 lium,
235 1316 354 1372 tenebrae
369 1314 504 1371 tactorum
520 1317 637 1373 sordide
649 1324 677 1374 ει
691 1319 769 1374 valde
783 1319 935 1375 tenebrose
985 1313 1070 1369 luturi
1085 1314 1174 1370 docet.
1193 1311 1338 1387 [deense]
1354 1313 1498 1371 Rationale
1515 1315 1616 1370 animal
1632 1317 1676 1372 cui
1698 1325 1778 1373 aeter·

135 1415 232 1472 erunt,
247 1415 306 1464 tum
322 1415 435 1479 propter
447 1417 554 1480 turpem
575 1415 603 1465 ει
617 1408 762 1466 contusum
776 1409 935 1466 intentionis
985 1407 1058 1461 nitas
1074 1407 1250 1477 promittitur,
1276 1407 1336 1477 plus
1350 1413 1393 1461 est
1405 1421 1487 1476 quam
1503 1406 1670 1463 irrationale.
1689 1408 1776 1480 liupie

136 1497 232 1560 linem,
243 1506 302 1553 tum
317 1499 381 1570 qnia
392 1499 484 1570 operis
495 1499 587 1555 exitus
600 1499 628 1554 in
643 1515 672 1556 se
683 1500 783 1556 dubius
794 1507 845 1556 est.
857 1499 935 1566 Qirod
984 1498 1080 1566 pluris,
1096 1495 1148 1550 boc
1161 1501 1214 1560 εει,
1231 1496 1318 1550 multo
1332 1495 1419 1566 pluris
1434 1495 1515 1568 pretii
1529 1496 1597 1552 estis
1610 1512 1671 1562 uos,
1694 1513 1777 1568 quam

134 1587 228 1646 Lucas
243 1591 281 1644 ait
295 1609 302 1646 ε
315 1589 346 1646 Si
359 1606 452 1660 corpus
467 1601 540 1644 tetum
560 1598 641 1644 totum
660 1589 777 1644 lucidum
791 1591 881 1661 suerit,
897 1591 938 1644 lu·
984 1588 1106 1646 volatilia
1117 1588 1179 1643 coeli
1195 1589 1277 1643 aerei.

135 1681 227 1736 citum
245 1690 329 1736 totum
349 1683 400 1739 erit
419 1681 494 1755 (lue.
508 1681 559 1752 ει),
580 1682 620 1738 sic
639 1683 778 1754 intellige:
793 1682 822 1737 si
843 1684 935 1738 omnia
1022 1682 1088 1750 Quia
1099 1690 1186 1736 nutem
1198 1689 1312 1735 oestrum
1322 1682 1439 1752 crpitum
1450 1689 1534 1750 potent
1545 1678 1659 1750 adjicere
1672 1678 1706 1733 ud
1724 1686 1767 1734 otu

135 1781 281 1845 operatua
295 1774 345 1830 tibi
361 1774 471 1830 luceant
486 1789 535 1845 pet·
550 1775 650 1828 bonam
664 1774 855 1838 intentionem,
869 1781 934 1830 tunc
981 1785 1075 1852 turum
1088 1791 1164 1829 suune
1179 1773 1295 1828 cubitum
1309 1777 1410 1829 unum?
1423 1772 1453 1828 Si
1467 1790 1528 1844 erpo
1548 1789 1628 1843 neque
1639 1771 1708 1843 quod
1725 1773 1777 1826 mi·

135 1865 220 1920 etiam
235 1866 326 1924 lucida
340 1874 422 1923 eruut
437 1873 500 1922 ante
515 1864 612 1931 uenm,
631 1872 658 1922 et
679 1867 741 1923 inde
761 1867 831 1922 lucis
847 1867 933 1940 gratia
947 1857 969 1912 B
983 1870 1084 1924 nimum
1094 1876 1133 1922 eet
1143 1868 1261 1937 potestis,
1278 1866 1341 1938 quid
1356 1866 1388 1921 de
1405 1867 1506 1921 coeteris
1518 1864 1627 1920 solliciti
1645 1866 1730 1921 cotie?
1751 1874 1776 1920 et

134 1957 295 2014 donaberis.

383 2045 446 2133 M·
483 2025 514 2140 l?
548 2046 601 2133 L·
638 2025 681 2076 tut

178 2165 263 2222 Nemo
280 2176 363 2238 potest
385 2167 487 2224 duobus
511 2168 626 2224 dominia
657 2186 764 2225 seruare.
787 2171 841 2225 Aut
864 2173 933 2226 enim

137 2276 223 2314 unum
236 2258 418 2328 odiolobebit,
433 2267 458 2315 et
472 2261 584 2316 alterum
599 2259 708 2331 dilipet,·
724 2269 768 2314 out
788 2277 868 2316 unum
885 2281 932 2318 su·

136 2351 255 2414 etinebit,
267 2362 291 2407 et
302 2352 416 2408 alterum
431 2362 586 2409 contemnet.
602 2349 664 2406 Non
679 2354 787 2424 potentio
805 2351 860 2408 beo
877 2371 934 2408 eer-

136 2444 193 2497 uire
206 2454 231 2498 et
244 2461 413 2500 mammone.

175 2534 248 2592 ldern
264 2552 333 2608 opus
346 2537 462 2594 diuersae
474 2538 609 2594 voluntati
620 2539 792 2593 dominorum
806 2552 861 2592 non
870 2552 934 2592 eon-

134 2628 223 2684 venit.
254 2627 409 2685 llammona
443 2629 572 2706 Syriaco,
601 2630 704 2686 diuitiae
728 2637 931 2702 nuncupantur.

137 2718 280 2796 [limeum]
296 2715 395 2777 Audiat
411 2723 462 2777 lroc
484 2739 593 2779 avarus.
618 2721 676 2777 Nou
691 2723 770 2784 dixit,
790 2723 836 2794 qui
853 2721 933 2778 latret

136 2813 260 2879 diuitias,
279 2815 327 2870 sed
343 2814 390 2886 qui
410 2815 503 2880 servit,
520 2815 615 2878 idest,
632 2815 679 2885 qui
699 2815 817 2870 custodit
831 2822 861 2868 ut
873 2829 931 2870 ser-

135 2921 200 2972 vus,
217 2915 244 2962 et
259 2923 314 2962 non
330 2907 471 2964 distribuit
485 2915 515 2962 ut
529 2907 672 2964 Douriuus.
694 2907 845 2962 llammoua
861 2905 932 2978 apud

136 2997 267 3055 llebreos
287 2999 390 3055 divitiae
411 2999 549 3056 dicuntur.
574 2997 677 3054 Punice
691 3006 781 3054 autem
796 3012 931 3054 mammon

137 3091 248 3148 lucrum
267 3093 377 3149 dicitur.
406 3091 551 3167 [lecese]
575 3093 628 3160 Qui
652 3093 735 3148 servit
761 3105 930 3154 rtrammontc,

136 3185 250 3241 diabolo
265 3187 360 3250 servit,
375 3187 423 3257 qui
442 3187 570 3259 prinecps
585 3185 668 3256 hujus
682 3185 775 3242 saecuti
789 3199 804 3238 a
818 3183 966 3267 llominoc

137 3279 251 3334 dicitur.
271 3275 306 3332 tn
317 3278 430 3332 ultorum
444 3277 542 3350 dilipit‚
557 3277 585 3333 id
600 3285 653 3342 εει,
666 3275 760 3332 ileum.
782 3276 850 3342 Quis
860 3276 932 3331 enim

135 3370 231 3444 titinio
244 3370 399 3426 diabolum?
412 3368 520 3426 Patitur
536 3378 627 3426 tanuen
643 3369 743 3440 aliquis
767 3384 840 3432 eum,
862 3367 933 3422 sicut

136 3463 186 3536 qui
211 3463 240 3517 in
260 3478 359 3534 magna
373 3463 455 3519 domo
470 3464 561 3534 aliqua
577 3463 672 3519 alienae
691 3462 797 3517 ancille
816 3461 933 3530 conjun-

136 3561 210 3616 ctus,
226 3561 337 3625 propter
350 3554 528 3625 cupiditatem
544 3570 621 3610 suam
642 3555 739 3611 duram
759 3554 861 3626 patitur
879 3567 935 3609 ser·

135 3647 264 3713 vitutem,
285 3645 392 3704 etiamsi
408 3646 552 3709 bominum
570 3647 675 3703 ancille
695 3663 751 3702 non
771 3646 877 3718 diligat.
898 3643 933 3698 lit

136 3739 252 3793 alterum
267 3747 422 3796 eontunnet.
443 3739 511 3807 Quis
528 3739 614 3794 Deum
630 3747 720 3812 potest
735 3739 844 3795 odisse?
861 3738 934 3794 Cou-

136 3832 238 3888 temnit
251 3839 343 3887 tannen
366 3833 466 3903 aliquis
479 3848 552 3896 enm,
569 3832 597 3887 id
615 3840 668 3895 est,
690 3846 744 3888 non
762 3832 848 3894 timet,
870 3845 934 3885 cum

137 3925 223 3982 nimis
241 3941 355 3982 securus
370 3925 404 3981 de
414 3926 474 3994 ejus
488 3925 675 3981 misericordia
690 3923 840 3997 praesumit.
857 3921 934 3980 Unde

137 4018 207 4079 illud
219 4037 226 4072 :
239 4015 306 4080 Fili,
321 4035 353 4074 ue
370 4017 482 4088 adjicias
498 4028 634 4088 peceatum
652 4034 731 4087 super
744 4026 879 4088 peccatum
889 4032 898 4069 .·
908 4026 934 4072 ει

136 4107 224 4172 dicor,
240 4108 374 4164 miseratio
385 4106 434 4164 Dei
446 4124 542 4180 mopnu
560 4117 597 4165 εει
616 4107 712 4180 (Eceli.
724 4108 763 4174 vl.
778 4107 866 4164 Lucas
884 4105 935 4162 han

137 4197 364 4264 denumerem,
388 4199 435 4255 ubi
457 4199 599 4256 llattbaeus
618 4201 702 4264 dicit,
727 4198 873 4256 sustinebit.
900 4197 934 4256 Et

138 4299 287 4361 utrumqne
310 4291 424 4363 respicit
442 4291 477 4347 ad
496 4291 652 4356 diabolum,
679 4293 722 4348 cui
745 4292 817 4348 male
839 4290 935 4364 acqui·

987 1960 1014 2016 de
1028 1963 1179 2016 uestimento
1188 1959 1260 2031 naid
1279 1960 1387 2014 solliciti
1400 1959 1485 2014 ortis?

1019 2051 1126 2126 [ileum]
1142 2050 1182 2106 llli
1198 2051 1343 2123 relinquite
1353 2051 1462 2122 tegendi
1472 2047 1599 2119 corporis
1614 2062 1719 2112 curam,
1731 2063 1765 2102 cu

980 2147 1027 2217 jus
1040 2159 1107 2201 eura
1121 2143 1225 2199 laetum
1240 2153 1293 2203 cst.

1018 2235 1189 2293 Coreeiderme
1200 2235 1257 2288 lilio
1268 2237 1327 2307 apri
1341 2232 1470 2306 quomodo
1484 2243 1614 2300 crescunt,
1634 2248 1686 2288 non
1702 2230 1778 2285 lubo-

981 2338 1053 2392 runt,
1074 2345 1154 2400 neque
1175 2337 1245 2381 nent.

1018 2415 1146 2492 [Raram]
1166 2417 1226 2471 Non
1243 2423 1286 2471 est
1301 2415 1345 2470 laic
1364 2413 1512 2485 quaerenda
1538 2413 1677 2485 allegoria,
1704 2413 1777 2470 sicut

981 2526 1033 2567 nce
1055 2510 1083 2565 in
1106 2510 1213 2576 aribus,
1235 2507 1286 2564 sed
1303 2506 1336 2563 de
1354 2507 1509 2563 minoribus
1527 2505 1671 2578 persuasio
1693 2504 1724 2560 lit
1743 2504 1779 2560 ad

982 2603 1097 2674 majora.

1017 2695 1083 2750 Dico
1107 2701 1194 2748 anetem
1214 2691 1301 2757 uobis,
1323 2690 1447 2761 quonium
1461 2706 1507 2744 nee
1522 2687 1649 2744 Salomon
1663 2689 1691 2743 in
1705 2693 1777 2746 omni

981 2789 1067 2861 ploriu
1079 2795 1213 2857 coopertus
1227 2793 1266 2840 εει
1279 2785 1347 2838 elcut
1362 2798 1442 2837 unum
1459 2797 1491 2836 eo
1505 2782 1574 2837 irtio.

1019 2876 1160 2952 [dienen]
1179 2877 1245 2943 Quae
1259 2889 1380 2946 purpura
1395 2887 1504 2943 regum,
1521 2887 1583 2943 qum
1596 2880 1703 2944 pictura
1717 2877 1777 2928 tex·

982 2971 1081 3026 tricum
1096 2976 1187 3041 potest
1201 2967 1314 3022 lloribus
1329 2963 1501 3036 comparari?
1513 2961 1572 3034 ipse
1586 2964 1662 3019 color
1676 2963 1778 3019 dicitur

982 3062 1180 3134 operimentum
1205 3059 1314 3122 llorum,
1342 3056 1414 3112 sicut
1437 3055 1554 3122 dicitur,
1580 3056 1670 3126 operit
1693 3055 1777 3110 istum

982 3153 1078 3210 rubor.

1018 3241 1048 3299 Si
1060 3250 1146 3297 autem
1158 3241 1245 3310 lenum
1257 3239 1316 3309 upri
1327 3236 1396 3309 quod
1408 3236 1485 3292 lrodie
1501 3245 1550 3300 εει,
1569 3245 1595 3292 ει
1611 3253 1671 3292 crur
1688 3239 1716 3291 ln
1727 3237 1778 3292 cli·

983 3335 1080 3390 lunum
1102 3334 1227 3399 mittitur,
1248 3332 1317 3386 [leue
1339 3330 1378 3384 eie
1399 3331 1497 3384 uertit:
1514 3338 1612 3400 quanto
1627 3331 1713 3400 inopie
1732 3348 1776 3386 voe

983 3428 1100 3483 ruiuimoe
1117 3425 1204 3497 fidei?

1023 3518 1117 3583 l'eetit,
1134 3517 1161 3572 id
1179 3523 1231 3578 est,
1245 3514 1359 3570 adornat
1371 3512 1443 3568 oens
1459 3512 1563 3577 lenum,
1580 3511 1633 3567 hoc
1647 3519 1700 3577 est,
1717 3512 1778 3566 her-

982 3609 1033 3665 bas
1047 3616 1074 3663 ει
1086 3607 1202 3679 pulchro
1217 3605 1309 3661 colore
1321 3612 1350 3659 et
1364 3604 1436 3659 bono
1448 3603 1532 3658 odore
1546 3601 1639 3672 :quod
1653 3617 1715 3656 cum
1729 3600 1779 3657 de-

983 3701 1116 3756 siccatum
1144 3697 1234 3762 luerit,
1257 3697 1382 3752 mittetur
1403 3697 1431 3753 iu
1454 3696 1605 3759 clibanum,
1628 3694 1657 3749 id
1678 3701 1731 3758 εει,
1748 3693 1778 3749 iu

983 3807 1111 3849 acervum
1132 3790 1279 3846 habentem
1301 3789 1421 3860 speciem
1445 3787 1556 3843 clibani.
1582 3785 1688 3841 llodica
1710 3783 1778 3840 tides

983 3892 1113 3955 estque
1132 3898 1182 3939 nec
1203 3883 1238 3938 de
1258 3881 1380 3937 minimis
1394 3886 1469 3936 certa
1491 3887 1544 3945 εει,
1563 3879 1664 3936 nedum
1676 3886 1778 3933 aterna

984 3983 1086 4049 speret.

1021 4068 1110 4124 Nolite
1124 4082 1186 4138 erpo
1198 4066 1308 4121 solliciti
1319 4081 1386 4130 eree,
1396 4063 1510 4119 dicenter
1524 4063 1613 4130 :Quid
1633 4062 1778 4118 muudum·

985 4159 1092 4215 dinone?
1106 4156 1226 4230 autquid
1239 4156 1377 4212 dilemur?
1394 4165 1441 4210 out
1460 4172 1511 4226 quo
1527 4155 1693 4223 operiemur?
1712 4153 1779 4209 lime

983 4253 1053 4308 enim
1066 4251 1156 4305 cannia
1169 4259 1257 4322 pentes
1276 4249 1423 4319 inquirunt.
1444 4245 1499 4302 Scit
1514 4248 1583 4301 enim
1598 4255 1673 4316 puter
1695 4256 1779 4301 uester

983 4343 1046 4412 quio
1059 4340 1100 4395 ltie
1116 4339 1237 4395 omniltte
1260 4337 1394 4410 indigetis.
1421 4339 1537 4404 Querite
1559 4345 1647 4390 nutem
1663 4337 1779 4407 primunt

138 4387 235 4440 rentes
248 4382 357 4439 divitias
370 4383 543 4448 adherendo,
562 4383 700 4460 ¹sustinent
714 4383 801 4440 illum.

327 4492 442 4550 CAPUT
461 4490 735 4548 xxxvii-xxxviii

1019 4615 1152 4672 Gentibus
1166 4613 1241 4668 nulla
1255 4627 1322 4667 cura
1336 4619 1379 4668 est
1390 4611 1425 4667 de
1440 4608 1552 4675 tuturis,
1568 4609 1616 4667 scd
1635 4609 1781 4681 presentia

489 4605 521 4655 tu
646 4603 693 4654 150

390 4623 453 4711 Μ’
499 4683 514 4718 v
556 4623 613 4711 L*
984 4714 1128 4781 quaemnt;
1153 4706 1271 4761 filiorum
1296 4710 1387 4759 autem
1402 4715 1446 4759 est
1458 4718 1581 4773 quaerere
1604 4715 1730 4772 regnum,
1754 4707 1781 4755 ει

178 4783 313 4842 ldeodieo
335 4787 407 4845 rodis
425 4803 435 4843 ι
454 4787 497 4845 Ne
516 4789 698 4845 collicitieitie
713 4789 809 4844 enimc
830 4796 933 4853 tertre,
985 4800 1044 4856 haee
1066 4797 1159 4854 omnia
1181 4803 1295 4867 paterna
1318 4794 1406 4866 gratia
1430 4793 1597 4864 adjicientur
1619 4792 1701 4849 etiam
1725 4804 1781 4844 nou

137 4879 204 4952 1111111
219 4879 394 4950 ”immisto
415 4897 496 4954 11111111
516 4883 621 4953 “tilii’'i
640 4889 735 4948 ”elimo
756 4880 820 4954 111111
839 4882 936 4936 iuduo·
985 4890 1182 4964 quaerentibus,
1198 4894 1228 4942 ut
1239 4901 1289 4942 nec
1300 4887 1327 4940 in
1341 4886 1481 4956 presenti,
1496 4900 1548 4941 nec
1562 4885 1590 4940 in
1604 4881 1697 4938 tuturo
1708 4879 1781 4936 desit

138 4971 219 5030 Μ·
985 4987 1027 5042 εἰε
1038 4983 1129 5054 aliqua
1143 4979 1241 5053 gratia.
1259 4977 1404 5052 [ludusa]
1419 4976 1613 5033 Verumtamen
1628 4975 1652 5029 si
1664 4988 1781 5045 praeeen·

984 4449 1092 4505 repnum
1107 4431 1157 4487 Dei
1169 4440 1194 4487 et
1207 4431 1338 4500 iustitium
1351 4430 1419 4501 ejus,
1434 4439 1459 4483 et
1478 4428 1533 4484 luce
1552 4429 1642 4483 omniu
1653 4409 1788 4499 adjicien)

947 4555 970 4612 D
984 4533 1029 4579 tur
1047 4523 1129 4579 nobie

183 5062 324 5139 [mill-l
344 5062 383 5121 111
398 5065 503 5120 11111111
518 5065 580 5121 111111
598 5072 626 5120 11
647 5047 936 5121 11111111110110111·
986 5077 1024 5131 ιίε
1036 5073 1242 5137 subtrabuntur,
1259 5068 1292 5125 ad
1306 5068 1497 5140 probationem
1516 5075 1573 5133 cst;
1597 5065 1619 5122 si
1632 5065 1778 5130 addantur,

140 5154 299 5230 1111111111
313 5161 368 5218 11111
384 5155 496 5226 1111111111
513 5155 703 5226 111111111111111
725 5171 831 5226 semper
850 5153 935 5210 debe·
987 5165 1171 5221 adactionem
1187 5161 1346 5232 gratiarum,
1364 5161 1429 5230 quia
1443 5159 1536 5214 omnia
1551 5164 1733 5226 cooperantur
1749 5155 1782 5212 iu.

139 5249 418 5309 11111111101111111·
443 5247 533 5305 1111111
547 5250 716 5306 exercendus
730 5256 782 5313 0⁵1,
799 5249 845 5304 5111
861 5247 936 5304 80111·
987 5259 1098 5314 bonrum.
1115 5255 1173 5311 Scit
1185 5255 1258 5310 enim
1270 5254 1391 5308 coelestis
1405 5251 1539 5314 medicus,
1556 5249 1622 5320 quiid
1635 5249 1715 5304 nobis
1730 5249 1780 5304 da·

140 5344 238 5400 11111110
259 5341 379 5398 1011111111
394 5341 666 5400 11111111111111111·
687 5341 802 5410 0111111111
822 5340 935 5407 1111111111,
986 5357 1065 5404 turus
1078 5354 1119 5402 εει
1133 5345 1167 5399 ud
1181 5345 1406 5405 consolationem,
1421 5341 1487 5412 quid
1502 5354 1567 5396 vero
1587 5339 1779 5396 subtracurus

140 5435 314 5508 1111111111ιιιιίι1
329 5436 440 5492 bibatis.
989 5441 1023 5497 ad
1037 5438 1272 5494 exercitationem.
1285 5434 1345 5489 Non
1359 5434 1432 5488 enim
1447 5433 1531 5488 bomo
1541 5433 1667 5502 jumento
1677 5447 1727 5488 suo
1740 5432 1780 5487 ci-

179 5527 277 5584 Nonne
292 5530 382 5584 uuimu
400 5529 460 5599 plur
475 5537 514 5584 eet
532 5543 611 5600 quum
624 5544 695 5593 ereo,
720 5537 746 5583 ct
765 5544 858 5598 corpur
878 5528 937 5598 plue
988 5527 1064 5585 baria
1078 5527 1139 5582 sine
1152 5540 1237 5580 causa
1248 5523 1376 5602 detrabit.
1391 5521 1459 5577 Cum
1475 5521 1556 5586 onie,
1577 5524 1693 5592 primum
1708 5537 1779 5594 que-

138 5635 225 5691 mm
235 5618 437 5675 uestimentum?
989 5622 1039 5676 rite
1064 5634 1174 5690 repnum
1194 5616 1261 5681 Ilei,
1283 5614 1447 5685 significavit
1469 5615 1617 5686 temporale
1642 5615 1781 5686 posterius

180 5705 328 5784 [Aeonem]
350 5707 454 5768 Senem
468 5717 521 5774 εει,
536 5709 588 5778 Qui
603 5709 730 5782 prestitit
744 5709 858 5780 majora,
870 5725 939 5782 prae·
989 5709 1174 5782 querendum,
1192 5723 1247 5764 non
1263 5713 1396 5778 tempore,
1413 5707 1460 5764 sed
1475 5707 1619 5779 dignitate.
1633 5704 1702 5764 illud
1716 5713 1779 5764 tao-

142 5802 232 5860 utablt
245 5811 275 5860 ει
286 5803 405 5863 minora.
420 5803 474 5862 Pro
494 5803 547 5860 hae
567 5804 623 5862 uita
644 5803 734 5876 posuit
759 5803 887 5868 animem,
910 5811 940 5860 nt
991 5817 1073 5874 qoam
1088 5802 1207 5865 bonum,
1228 5800 1280 5855 hoe
1300 5808 1431 5870 tanquam
1451 5800 1648 5864 necessarium,
1670 5798 1718 5854 sed
1732 5813 1781 5854 rte-
