3967 6334
118 294 164 351 lot
598 293 631 353 lit
651 298 750 355 UNUbi
771 299 816 355 hii
835 301 1001 372 uuachun
1021 302 1121 358 llicit
1141 304 1284 363 enimus.
1699 313 1754 370 {02

115 415 277 484 Apostolum
290 436 296 469 ι
309 415 411 468 Bonum
432 422 471 468 est
492 431 543 469 uon
568 417 729 473 manducare
752 437 867 487 carerem,
882 431 905 474 et
922 429 942 480 Α
956 422 1094 479 arcendam.
1110 423 1195 480 Nobis
1216 431 1307 479 utitem
1323 422 1411 480 rlrtrrs
1430 431 1457 478 et
1471 424 1615 494 praesentia
1630 425 1751 483 ‘inirrita-

114 521 166 558 nen
192 503 277 558 bibere
297 505 385 558 uinum
408 501 495 574 (Raro.
512 504 578 576 ιιι).
598 503 732 562 Gemitum
755 517 905 580 procantu
958 513 1010 577 tis,
1034 515 1142 584 quaein
1165 517 1328 586 baptismate
1355 515 1458 570 Christi
1488 515 1751 589 manifestatalcst,

114 597 197 652 babet
210 617 216 652 :
231 597 371 652 Piorernus
398 616 486 654 coram
512 601 565 656 ileo
589 605 634 674 pai
658 604 719 674 fecit
743 624 790 661 reos
816 606 903 679 (Psoi.
956 602 1129 660 invisibiliter
1143 614 1273 677 operatur
1293 607 1321 660 in
1341 606 1515 676 baptismatis
1532 606 1637 663 visibili
1656 626 1751 666 saera·

113 689 235 762 astrici.
251 688 331 745 Risus
347 701 435 745 noster
448 692 474 746 in
490 691 587 747 tractum
610 705 784 764 concertatur,
801 706 826 751 et
839 715 905 769 pau·
955 705 1058 751 mento.
1075 695 1280 752 Sacramentum
1296 713 1360 752 reru
1374 705 1417 752 est
1433 698 1541 754 visibile
1555 700 1663 771 signam
1677 701 1750 758 inti-

111 779 187 835 dium
202 783 229 836 in
244 797 381 836 rancorem
397 780 466 853 (dac.
484 782 532 855 ιι).
549 785 626 840 Reati
641 789 767 859 lapentes,
779 791 904 860 pannium
955 781 1043 840 sibilis
1056 787 1159 856 gratiae.
1177 785 1267 842 Vclrrti
1282 803 1345 840 curn
1365 787 1427 856 utris
1442 787 1605 857 baptizatur,
1621 789 1679 859 ipsa
1699 807 1750 847 ex·

111 876 163 940 ipsi
185 874 391 930 consolabamur
406 873 513 946 (blattis.
532 875 570 949 a).
594 876 682 949 Super
704 895 788 951 aquas
809 881 904 938 sedere
954 875 1039 931 terior
1053 878 1178 949 corporis
1199 879 1302 934 ablutio
1316 895 1398 950 qliam
1418 880 1553 947 ridemus,
1575 883 1683 953 signum
1703 889 1748 940 est

110 967 266 1030 consuerit,
280 974 311 1021 nt
326 969 433 1022 venturi
455 977 561 1040 raptum
582 970 721 1041 accipitris
739 973 854 1044 praevisa
875 974 903 1028 in
954 966 1095 1025 interioris
1109 970 1259 1026 ablutionis
1273 971 1380 1035 animae,
1396 969 1457 1043 qudi
1471 975 1597 1029 constitit
1610 975 1639 1030 ιιι
1652 991 1748 1047 pecca·

111 1059 192 1128 aqrris
206 1058 303 1112 umbra
317 1058 491 1114 declinati]
505 1075 556 1114 nos
570 1075 652 1131 super
666 1059 903 1135 duentaScriptu·
922 1064 937 1084 ⁸
953 1065 1043 1114 torum
1062 1062 1232 1118 remissione.
1249 1062 1324 1134 duria
1345 1064 1427 1119 etium
1451 1081 1570 1136 purgans
1590 1068 1711 1125 exterius
1729 1084 1747 1124 a

110 1165 204 1204 rarum
228 1150 383 1216 sedeamus,
406 1166 524 1223 quarum
546 1153 666 1223 speculis
685 1153 785 1223 edocti,
803 1156 901 1228 digno·
952 1152 1081 1209 sordibus
1101 1155 1302 1224 corporalibus,
1320 1156 1427 1225 signum
1443 1165 1485 1212 est
1507 1157 1568 1213 iidei
1584 1161 1746 1218 mundantis

108 1257 187 1297 scere
206 1250 235 1298 et
255 1258 409 1314 praecavere
427 1243 568 1300 valeamus
586 1245 701 1302 iusidias
722 1247 809 1302 hostis
829 1251 900 1304 anti·
951 1241 1091 1299 interiusa
1106 1246 1236 1316 peccatis.
1251 1245 1384 1302 Siteldis
1398 1265 1507 1320 <1¹10ti1¹0
1519 1251 1613 1306 latins
1624 1253 1743 1324 luadiit,

107 1333 166 1404 qui.
184 1333 255 1390 Hinc
268 1334 355 1389 illud:
372 1334 462 1391 Oculis
478 1337 535 1406 ejas
549 1338 676 1394 columba
689 1355 746 1410 pua
760 1339 827 1395 lacte
841 1351 901 1396 sune
951 1332 1076 1406 designat
1093 1335 1225 1407 Spiritum
1244 1337 1271 1392 in
1286 1338 1338 1393 ido
1359 1341 1540 1396 remittentem
1556 1355 1678 1414 peccata.
1694 1345 1744 1400 Vi-

107 1428 180 1492 inae,
199 1437 224 1481 er
240 1427 355 1484 residem
371 1429 455 1498 jaare
473 1430 573 1498 fluenta
593 1429 747 1500 plenissima
762 1431 840 1504 (cun,
860 1430 899 1509 v),
950 1425 1068 1480 dendam
1083 1435 1173 1482 tamen
1188 1436 1231 1483 cst
1244 1428 1277 1484 de
1288 1429 1340 1484 hoc
1356 1440 1527 1486 sacramento
1538 1432 1611 1488 sicut
1624 1435 1658 1490 de
1670 1436 1743 1500 aliis,

105 1519 254 1576 turpificare
278 1521 367 1576 solent
390 1530 417 1576 er
440 1520 468 1576 in
492 1520 672 1578 foraminibus
693 1532 784 1594 pm,
808 1526 836 1580 jn
854 1541 900 1581 ω.
949 1516 1013 1586 qnia
1028 1517 1097 1570 nihil
1119 1517 1233 1572 reiecta
1255 1535 1418 1590 quocunque
1438 1521 1518 1576 detur
1538 1525 1675 1580 ministro.
1693 1525 1744 1581 ili-

105 1627 191 1666 verna
207 1612 342 1668 macerie.
359 1611 439 1666 Petra
454 1611 575 1668 Cbrietae
589 1623 628 1669 ert
644 1613 671 1682 (l
686 1614 748 1671 Cor.
764 1616 803 1688 ιι).
820 1618 899 1688 cujus
948 1607 1035 1661 nister
1054 1608 1127 1663 enim
1149 1609 1299 1676 ministrat,
1321 1611 1449 1668 Chr-istas
1470 1613 1600 1684 baptizat.
1618 1614 1696 1673 Unde
1710 1617 1743 1674 ii-

104 1704 134 1758 in
148 1719 232 1760 crtrce
246 1705 333 1760 claris
346 1720 455 1769 manus,
471 1705 544 1761 latus
556 1715 599 1762 cst
619 1707 714 1762 lancea
731 1708 897 1780 periuratum
915 1687 935 1726 ⁶
948 1697 993 1751 ¹¹¹¹!
1007 1718 1014 1753 ²
1029 1697 1079 1752 1¹5⁶
1099 1709 1139 1754 ⁶⁸⁸
1150 1702 1195 1771 ‘1¹²¹'
1215 1702 1343 1772 baptiaat.
1357 1703 1529 1775 Quapropter
1549 1707 1607 1763 Sll'e
1627 1724 1643 1762 ι
1662 1711 1743 1764 Cleri·

104 1792 200 1865 (Jnfln,
216 1796 286 1868 m),
303 1795 422 1852 Macaria
437 1795 498 1868 ejus
511 1803 554 1853 ese
570 1797 656 1854 pineus
669 1807 827 1856 sanctorum
855 1815 900 1856 ρο.
913 1792 935 1847 Β
949 1789 1001 1854 cis,
1015 1790 1072 1846 sive
1088 1791 1203 1857 alaicis,
1219 1809 1266 1849 sea
1280 1793 1390 1849 etiama
1405 1797 1567 1854 mulieribus
1577 1802 1743 1857 necessitate

102 1889 236 1944 adunata·
247 1887 372 1944 Caverna
386 1888 415 1942 j„
430 1904 472 1953 pa,
490 1889 568 1945 sinus
579 1889 708 1947 pacem
720 1892 874 1949 (piperionis
888 1911 894 1948 :
949 1881 1108 1938 imminente
1121 1884 1216 1950 detnr3
1229 1900 1283 1940 non
1296 1894 1388 1942 tamen
1403 1888 1559 1944 reiteratur.
1576 1888 1632 1945 iioc
1647 1907 1741 1946 saera-

103 1979 132 2032 ιιι
149 1993 207 2048 quo
222 1978 287 2035 dum
306 1987 416 2032 teneros
435 1977 463 2032 in
485 1977 538 2034 srdc
554 1979 690 2045 nutriunt,
706 1980 784 2051 quasi
806 1978 897 2034 nidiir-

102 2070 236 2126 cantibus
248 2069 380 2124 columbis
394 2069 422 2124 in
439 2085 468 2125 se
479 2070 568 2125 locum
582 2072 715 2142 pandunt.
726 2071 796 2128 Hinc
812 2071 893 2128 illud:

102 2163 202 2235 Saepe,
213 2165 297 2220 amica
306 2180 372 2229 mea,
383 2165 564 2233 speciosamea
575 2175 599 2219 et
610 2167 685 2220 aeui:
697 2165 815 2221 columba
827 2184 893 2234 mea,

100 2257 130 2311 in
144 2255 322 2327 {ornminibae
337 2266 427 2327 peirac,
443 2258 471 2311 in
484 2273 595 2312 caoerna
609 2259 730 2314 maceriae
745 2257 834 2331 (Cant.
850 2259 893 2332 n).

101 2348 166 2405 iiaec
188 2358 290 2421 septem
306 2349 416 2405 virtrrtis
433 2349 556 2420 exempla
578 2357 653 2405 recte
670 2349 895 2405 commemorari-

100 2457 181 2508 mus;
196 2443 261 2513 qnia
276 2439 396 2512 Spiritus
415 2442 513 2508 sancti,
530 2441 578 2513 qui
592 2441 620 2498 in
635 2441 759 2498 columba
780 2441 894 2499 descen-

947 1979 1069 2026 mcntum
1093 1973 1165 2029 sicut
1179 1985 1380 2030 sacraruentunr
1401 1977 1507 2044 altaris,
1525 1978 1572 2033 aiii
1593 1979 1628 2035 ad
1645 1981 1740 2047 ritum,

948 2062 993 2116 alii
1010 2064 1045 2118 ad
1058 2055 1175 2121 n'rortem
1190 2067 1338 2138 accipiunt.
1354 2068 1406 2135 Qui
1421 2070 1495 2124 enim
1508 2086 1572 2127 vere
1592 2074 1739 2141 accedunt,

946 2161 973 2207 et
989 2169 1047 2209 rem
1060 2165 1086 2211 ct
1106 2166 1308 2214 sacramentum
1324 2161 1475 2232 accipiunt;
1491 2163 1538 2234 qui
1559 2163 1631 2230 dcte,
1647 2181 1740 2222 sacra-

946 2254 1067 2302 mentum
1089 2255 1203 2306 tantum.
1225 2251 1303 2308 Unde
1324 2254 1348 2309 si
1371 2255 1546 2324 postmodam
1560 2259 1737 2330 resipuerint,

945 2351 1001 2392 noa
1022 2338 1275 2410 rebaptizabuntur.
1297 2341 1397 2399 Forma
1418 2352 1510 2402 autem
1530 2347 1659 2421 baptismi
1674 2361 1739 2408 sunt

945 2428 998 2486 ista
1020 2431 1105 2486 rerba
1118 2453 1125 2488 :
1139 2431 1169 2488 ln
1190 2435 1302 2491 nomine
1325 2434 1417 2493 Patris
1433 2445 1461 2493 et
1483 2437 1546 2495 Filii
1568 2448 1595 2496 et
1619 2441 1739 2514 Spiritus

945 2523 1044 2586 sancti,
1055 2525 1098 2578 vel
1112 2524 1325 2595 aequipollentia.
1342 2525 1474 2584 Dominus
1489 2531 1563 2585 enim
1575 2535 1738 2603 generaliter

944 2613 1093 2672 instituens
1113 2616 1279 2689 baptismum
1294 2620 1433 2691 precepit,
1448 2620 1564 2680 dicens:
1580 2623 1633 2692 ite,
1647 2625 1739 2684 docete

99 2532 149 2598 dit,
167 2533 338 2604 septiformis
352 2541 393 2588 cst
408 2532 505 2604 gratia.

135 2625 277 2692 Queritur
291 2640 376 2697 quare
389 2623 543 2697 baptismus
565 2626 730 2682 successerit
745 2625 892 2680 circumci-

99 2719 183 2775 sioni·
196 2717 234 2775 Ut
247 2719 320 2775 enim
336 2718 432 2776 beatus
446 2717 593 2788 Gregorius
607 2717 645 2772 ait
659 2716 849 2789 quartoljhpo
865 2717 893 2773 in
943 2714 1042 2776 gelidos,
1058 2706 1223 2776 Ussplilssllded
1237 2725 1280 2763 008
1303 2711 1331 2764 Ui
1352 2713 1455 2766 aontt'tte
1476 2711 1567 2769 Pulsis
1589 2725 1615 2770 dl
1629 2715 1737 2775 Ῑιιιιθι

97 2810 171 2867 lob:
188 2810 291 2879 «Quod
307 2809 379 2881 apud
391 2824 442 2866 nos
454 2811 525 2866 valet
538 2824 608 2882 aqua
621 2807 759 2880 baptismi,
772 2808 825 2863 hoc
838 2809 893 2880 egit
944 2794 1060 2866 Spiritus
1080 2801 1166 2852 caneri
1188 2798 1297 2873 (diarria.
1317 2802 1409 2870 ιιιιι).
1434 2803 1456 2856 il
1477 2812 1566 2862 morte
1584 2805 1688 2866 Christi
1708 2819 1737 2868 et

97 2904 172 2975 apud
185 2911 291 2960 veteres
305 2903 347 2958 acl
357 2918 407 2974 pro
421 2902 542 2974 parvulis
554 2902 612 2958 sola
627 2899 703 2966 tides,
716 2901 757 2956 rel
771 2916 821 2971 pro
834 2915 893 2954 mn·
944 2889 1089 2959 sanguinis
1115 2889 1249 2948 effusione
1273 2892 1355 2949 hahet
1378 2893 1531 2966 baptismus
1556 2899 1685 2957 virtutem
1708 2911 1738 2961 et

97 2995 321 3067 poribuffefflus
346 2993 554 3060 sacfppiejfflum,
577 2995 619 3049 vel
644 3008 694 3064 pro
720 2991 763 3049 pis
786 2992 834 3063 qui
859 3007 892 3046 ρ,
942 2979 1089 3036 efficaciam
1108 2982 1181 3038 sieut
1195 2983 1248 3038 alia
1267 2995 1450 3053 sacramenta,
1473 2991 1531 3047 sive
1552 3001 1616 3050 aute
1636 2995 1734 3068 legem,

97 3089 218 3144 Abrahae
237 3090 323 3159 stirpe
345 3087 513 3158 prodierunt,
529 3085 688 3158 mysterium
704 3084 891 3140 circumcisio·
942 3072 1000 3128 Sile
1020 3072 1048 3127 5¹¹
1067 3073 1133 3144 ¹08⁰·
1156 3072 1208 3131 Ρθῐ
1231 3075 1305 3131 ¹1⁰⁰ss
1325 3078 1399 3133 essim
1419 3077 1557 3149 Christus,
1579 3101 1641 3156 (11¹ae
1662 3085 1735 3144 sacia

97 3181 150 3238 nis.
176 3179 294 3236 Solutio.
319 3177 435 3236 Decebat
457 3193 558 3234 norum
578 3191 670 3247 regem
690 3191 788 3230 noram
802 3175 888 3247 legem
942 3174 1016 3231 sunt,
1030 3165 1158 3234 dimittit;
1175 3165 1298 3237 adium·
1313 3183 1348 3222 ¹¹0
1369 3171 1486 3241 amilius
1500 3172 1583 3243 dant;
1596 3177 1732 3247 perducit.

97 3273 257 3337 instituere,
268 3262 426 3326 inimicitias
436 3270 507 3326 inter
518 3268 627 3326 ludens
639 3275 664 3324 ct
675 3269 790 3339 gentiles
798 3269 888 3324 solue·
940 3258 986 3313 ubi
1007 3258 1120 3314 0¹¹1115¹l⁰
1135 3257 1194 3314 sliri
1213 3261 1531 3331 ¹¹⁰1li⁰⁵S¹1¹lif³0Ut¹l
1554 3267 1597 3322 lex
1617 3267 1744 3347 ilarden-¹

96 3383 136 3434 re,
150 3376 184 3421 uu
195 3366 251 3421 duo
261 3364 355 3438 populi
366 3364 394 3418 in
405 3378 489 3419 unum
498 3362 689 3435 jungeremur,
701 3366 729 3417 er
739 3361 834 3416 flerem
844 3375 890 3430 po.
939 3357 996 3415 tur,
1012 3358 1043 3404 ut
1056 3360 1153 3405 natura
1168 3351 1310 3419 liberetur,
1324 3368 1360 3409 ae
1373 3361 1517 3424 peccatum
1530 3357 1696 3416 dominetur.

96 3459 180 3529 pulus
192 3454 369 3524 nnusQaare
380 3469 492 3510 necesse
503 3452 553 3508 init
563 3451 766 3507 inimicitiarum
777 3465 887 3516 causas,
1164 3480 1198 3570 Α
1256 3481 1298 3571 Μ
1360 3485 1395 3574 R
1454 3485 1486 3572 L

1206 3545 1218 3568 Ι
1307 3547 1320 3571 ⁰
1402 3546 1415 3573 Ο
1492 3548 1504 3574 0

94 3551 226 3606 uidelicet
240 3547 396 3604 ludaeorum
409 3547 490 3610 ritus,
502 3558 571 3617 quos
582 3544 696 3616 gentiles
706 3543 888 3600 abhorrebant

94 3656 242 3708 crocitare,
257 3648 285 3697 et
300 3638 353 3694 alia
367 3645 539 3696 sacramenta
554 3651 614 3708 uuae
628 3635 752 3706 utrisque
765 3650 888 3691 commu·
976 3632 1010 3687 Et
1032 3634 1210 3688 testimoniam
1229 3632 1362 3703 perbibuit
1383 3633 1512 3700 ioannes,
1538 3637 1627 3692 dicens
1638 3653 1648 3692 .·
1660 3639 1731 3707 Quia

94 3734 138 3788 nia
156 3733 251 3788 iurent
270 3731 445 3788 substituere.
462 3728 578 3800 Propter
592 3728 645 3784 hoc
659 3743 766 3798 quoque
784 3727 888 3797 baptis-
939 3726 991 3782 uidi
1006 3725 1134 3795 Spiritum
1146 3725 1340 3782 descendentem
1355 3729 1432 3799 quasi
1445 3729 1594 3786 columbam
1608 3731 1641 3787 de
1653 3734 1729 3800 culo,

93 3839 156 3879 runs
184 3821 403 3878 circumcisionis
426 3820 486 3875 ioco
510 3818 603 3883 subiit,
626 3818 690 3890 qnia
714 3816 888 3872 circumcisio
938 3829 963 3874 et
978 3820 1077 3874 mansit
1091 3834 1169 3888 saper
1182 3835 1252 3873 eum.
1270 3817 1306 3872 Et
1319 3836 1365 3891 epo
1380 3819 1527 3876 nesciebam
1539 3839 1608 3878 eam.

95 3913 289 3987 imperfectum
304 3921 363 3970 erat
377 3918 589 3977 sacramentum,
605 3917 697 3982 utpote
710 3910 832 3966 maribus
847 3923 890 3966 so·
976 3910 1119 3984 [huense]
1139 3909 1283 3967 Nesciebat
1296 3927 1370 3978 eum,
1383 3912 1515 3970 subaudis
1527 3922 1583 3971 tam
1597 3917 1728 3982 alteiam
1801 3915 1807 3926 ’

94 4006 128 4062 iis
151 4005 285 4061 attinens.
300 4003 456 4076 baptismus
476 4016 542 4056 sero
564 3999 716 4071 periectum
733 4006 776 4054 est
795 4013 888 4054 sacra·
939 4003 1086 4068 subtiliter,
1099 4018 1181 4074 qnam
1196 4000 1302 4073 Spiritu
1316 4003 1344 4058 in
1357 4013 1421 4059 edm
1434 4005 1615 4066 descendente
1626 4025 1729 4082 eogno-

93 4105 231 4164 mentum,
247 4095 312 4168 qnia
326 4095 435 4167 utrique
449 4093 527 4150 sexui
551 4092 610 4149 sine
624 4091 717 4147 dolore
732 4090 889 4147 commoda*
937 4096 987 4152 uit.
1009 4095 1180 4165 Tuncenim
1202 4094 1298 4151 didicit
1321 4094 1395 4168 qaod
1417 4096 1548 4156 Dominus
1569 4109 1728 4161 retenturus

92 4203 148 4245 tur.
178 4187 208 4244 ht
234 4203 303 4260 aqua
333 4202 399 4245 tero
430 4185 491 4242 ideo
517 4184 689 4241 uniformiter
713 4191 888 4240 consecratur
939 4190 1075 4248 sibiesset
1088 4189 1196 4245 sicutct
1210 4188 1327 4245 aliorum
1340 4199 1586 4262 sacramentorum,
1597 4195 1728 4267 baptismi

92 4282 243 4354 baptisma,
257 4282 321 4353 qula
336 4281 371 4337 de
389 4281 493 4338 Christi
514 4281 599 4338 latere
619 4278 739 4334 manarit
759 4293 839 4350 aqua,
860 4286 888 4335 et
939 4284 981 4340 sui
1001 4289 1176 4355 potestatem,
1189 4281 1248 4337 sire
1268 4296 1389 4352 praesens
1403 4282 1431 4338 in
1450 4284 1607 4349 terracina
1626 4286 1727 4344 absens

93 4375 159 4446 quia
182 4359 279 4429 nuilus
287 4371 379 4443 liquor
397 4371 464 4428 adea
485 4370 557 4428 ralet
578 4369 612 4425 ad
633 4368 797 4426 abluendum
816 4371 888 4427 sicut
939 4391 1054 4447 corpore
1067 4376 1096 4431 in
1108 4374 1189 4438 emin,
1204 4381 1232 4429 et
1245 4373 1313 4429 nulli
1327 4389 1387 4430 eam
1409 4390 1489 4431 serre
1503 4375 1618 4432 daturus
1639 4387 1724 4437 esset.

94 4481 178 4536 aqua,
189 4471 217 4520 ⁰¹
232 4462 304 4534 il)ud
316 4478 412 4520 ⁰¹¹1¹¹e⁵
427 4459 507 4518 ‘abile
521 4461 681 4532 ²⁰(illllifflh
693 4475 729 4516 ¹10
742 4473 771 4516 ⁸0
785 4459 884 4532 dliiuiss
901 4472 997 4533 bNun
1016 4467 1138 4525 invenies
1161 4467 1281 4537 aliquem
1299 4466 1484 4538 apostoloram
1500 4467 1612 4536 dixisse,
1633 4486 1725 4526 meum

93 4565 208 4630 propter
229 4556 350 4628 inopiam
367 4562 520 4613 excusaret.
536 4553 604 4610 Nota
619 4553 683 4626 quia
697 4552 883 4624 multipliciter
933 4561 1117 4634 baptismum
1132 4557 1255 4614 inuenies
1268 4564 1359 4614 autem
1373 4556 1494 4615 dixisse:
1507 4557 1596 4615 dicam
1610 4561 1727 4633 Eneape-

93 4649 232 4721 accipitur
258 4649 403 4720 baptisma.
428 4647 630 4720 Baptismoram
657 4661 776 4718 namque
799 4662 883 4701 unum
934 4655 1000 4709 tium
1013 4650 1073 4725 (W
1089 4650 1158 4707 Tim.
1174 4648 1219 4721 ιι).
1233 4647 1266 4702 Et
1279 4646 1332 4704 hoc
1346 4648 1475 4721 estquod
1489 4649 1575 4707 dicit:

93 4749 203 4798 tantum
223 4749 267 4798 est
281 4741 309 4796 in
325 4756 405 4812 aqua,
421 4749 450 4795 ut
462 4739 587 4822 ioannis.
602 4737 675 4811 quod
693 4737 883 4794 remissionem
969 4744 1021 4802 seu
1031 4745 1076 4816 qui
1089 4743 1162 4799 misit
1172 4759 1213 4796 me
1224 4740 1361 4811 baptisare
1372 4743 1400 4796 in
1412 4759 1491 4814 apua,
1503 4743 1549 4798 ille
1559 4742 1724 4799 milridiar'r:

92 4841 270 4904 peccaturum
288 4849 344 4888 non
366 4833 450 4889 dedit.
476 4831 557 4888 Aliud
577 4831 606 4887 in
626 4830 688 4904 igne
706 4831 749 4887 rei
768 4829 881 4902 Spiritu,
933 4837 1019 4910 Super
1037 4854 1114 4910 quem
1134 4835 1232 4891 uideris
1257 4833 1386 4904 Spiritum
1405 4835 1603 4892 descendentem
1621 4844 1647 4892 et
1667 4853 1727 4892 ma·

92 4943 147 4998 qrro
161 4926 293 4996 baptizati
306 4933 369 4982 sunt
381 4925 496 4996 apostoli
511 4925 539 4980 in
553 4924 597 4982 die
609 4923 793 4980 Pentecostes.
807 4923 883 4981 Unde
933 4941 1036 4987 nentem
1059 4944 1137 4991 super
1153 4945 1223 4992 eum,
1246 4926 1288 4981 bic
1307 4935 1346 4982 est
1367 4928 1413 4999 qai
1435 4927 1554 4999 baptizat
1575 4931 1603 4983 in
1623 4927 1724 4998 Spiritu

93 5018 161 5074 iliud
176 5038 183 5072 :
200 5017 252 5073 Vos
265 5025 352 5072 autem
367 5015 565 5086 baptizabimini
587 5015 687 5087 Spiritu
700 5030 789 5070 sancto
811 5015 880 5088 (det.
932 5030 1034 5078 sumto.
1049 5018 1084 5076 la
1099 5019 1212 5090 epaaidi
1226 5020 1445 5074 attestimoniare
1457 5020 1588 5089 perhibui,
1604 5021 1667 5091 piria
1681 5020 1725 5075 bic

94 5111 125 5182 ι).
141 5109 266 5168 Tertium
289 5111 317 5166 in
337 5125 407 5182 aqua
428 5117 455 5165 et
480 5107 583 5181 Spiritu
605 5125 660 5181 quo
679 5109 883 5180 baptizaverant
932 5123 972 5170 eet
985 5112 1072 5167 Filiae
1092 5110 1153 5168 Uei.

93 5203 223 5274 apostoli.
238 5201 371 5270 Quartum
385 5173 413 5256 ln
427 5201 569 5273 sanguinis
583 5199 724 5258 effusione.
742 5198 806 5254 Tria
820 5201 884 5258 visi·
969 5205 1056 5280 [iinon
1079 5205 1107 5260 in
1131 5202 1274 5276 Marcum]
1295 5200 1412 5258 Pulchre
1436 5200 1552 5264 addidit,
1576 5209 1724 5258 manentem

93 5295 171 5358 bilia,
192 5295 220 5350 id
238 5302 291 5361 est,
307 5295 447 5360 sacerdos,
469 5294 660 5365 baptizandus,
675 5307 756 5365 aqua,
772 5302 835 5351 sunt
854 5293 883 5349 in
932 5314 1010 5368 super
1023 5313 1092 5352 eam.
1104 5293 1249 5367 Proprium
1263 5301 1306 5349 est
1319 5294 1392 5349 enim
1408 5291 1567 5348 liediatoris
1579 5293 1678 5357 nostri,
1691 5302 1723 5349 ut

94 5388 275 5460 baptismatc;
289 5397 317 5446 et
330 5389 384 5444 tria
404 5389 565 5454 invisibilia,
580 5388 608 5444 id
626 5395 668 5444 est
689 5387 765 5454 irdes,
780 5387 880 5454 anima,
911 5433 913 5436 .
932 5402 1071 5459 nunqnam
1086 5385 1204 5457 Spiritus
1219 5394 1332 5441 sanctas
1345 5382 1455 5439 recedat
1469 5382 1505 5438 ab
1524 5398 1567 5438 eo.
1582 5382 1722 5442 Fidelibus

95 5478 215 5550 Spiritus
230 5489 353 5538 sanctus.
369 5480 493 5538 »Verum
510 5481 653 5548 bantinus,
669 5488 699 5536 ut
713 5482 750 5536 ait
764 5480 881 5537 Ambro-
932 5490 1023 5538 arrtcm
1037 5480 1098 5550 ejus
1113 5478 1260 5550 aliquando
1273 5476 1425 5540 confertur,
1442 5474 1589 5546 aliquando
1603 5477 1720 5534 tollitur.

94 5573 153 5628 sius
169 5573 195 5628 in
214 5575 303 5644 primo
325 5575 394 5630 libro
409 5574 447 5630 Ue
469 5575 658 5640 sacramentis,
673 5574 733 5630 ideo
747 5574 882 5645 priorde-
932 5571 1101 5643 Quibusdam
1113 5579 1207 5626 tamen
1220 5571 1255 5627 ad
1269 5583 1389 5624 amorem
1403 5566 1451 5623 Dei
1471 5575 1499 5623 et
1512 5566 1631 5639 proximi
1651 5583 1720 5624 cco·
1760 5602 1764 5611 ·

95 5664 202 5721 scandit
222 5666 248 5721 ln
263 5667 428 5738 baptismum
443 5681 524 5738 qrram
540 5663 659 5737 Spiritus
680 5672 803 5730 sanctus,
818 5679 881 5719 cum
932 5665 1095 5722 serrandum
1109 5679 1248 5736 nunqnam
1262 5663 1349 5718 abest.
1362 5659 1439 5717 Unde
1453 5659 1512 5732 ipsc
1525 5662 1564 5716 ait
1576 5661 1652 5717 iliis:
1668 5661 1720 5716 Vos

94 5757 178 5810 niodo
191 5773 206 5812 c
220 5771 353 5814 converso
367 5757 429 5832 but„
446 5758 509 5830 quia
525 5756 655 5815 Dominus
671 5773 723 5816 nau
745 5755 881 5828 mulgebat
932 5767 1019 5814 cartem
1034 5755 1192 5828 appareretis
1205 5771 1274 5823 carra,
1288 5752 1349 5825 quia
1365 5751 1434 5806 acad
1447 5769 1493 5808 eros
1512 5750 1635 5820 enarrabit,
1653 5760 1678 5806 et
1692 5753 1720 5808 in
