<?xml version="1.0" encoding="UTF-8"?>
<!DOCTYPE html PUBLIC "-//W3C//DTD XHTML 1.0 Transitional//EN"
    "http://www.w3.org/TR/xhtml1/DTD/xhtml1-transitional.dtd">
<html xmlns="http://www.w3.org/1999/xhtml" xml:lang="en" lang="en">
 <head>
  <title>
</title>
<meta http-equiv="Content-Type" content="text/html;charset=utf-8" />
  <meta name='ocr-system' content='tesseract 3.04.00' />
  <meta name='ocr-capabilities' content='ocr_page ocr_carea ocr_par ocr_line ocrx_word'/>
</head>
<body>
  <div class='ocr_page' id='page_1' title='image "./patrologiaecurs141migngoog_0601.png"; bbox 0 0 3967 6334; ppageno 0'>
   <div class='ocr_carea' id='block_1_1' title="bbox 343 779 1469 951">
    <p class='ocr_par' dir='ltr' id='par_1_1' title="bbox 343 760 1469 951">
     <span class='ocr_line' id='line_1_1' title="bbox 343 779 1469 951; baseline -0.001 0"><span class='ocrx_word' id='word_1_1' title='bbox 343 779 573 951; x_wconf 83' lang='lat' dir='ltr'><strong>VITA</strong></span> <span class='ocrx_word' id='word_1_2' title='bbox 627 783 1014 945; x_wconf 88' lang='lat' dir='ltr'>SUGERII</span> <span class='ocrx_word' id='word_1_3' title='bbox 1066 782 1469 951; x_wconf 83' lang='lat' dir='ltr'><strong>ABBATIS</strong></span> 
     </span>
    </p>
   </div>
   <div class='ocr_carea' id='block_1_2' title="bbox 206 1070 1617 1439">
    <p class='ocr_par' dir='ltr' id='par_1_2' title="bbox 206 1070 1617 1439">
     <span class='ocr_line' id='line_1_2' title="bbox 515 1070 1300 1199; baseline 0.011 -9"><span class='ocrx_word' id='word_1_4' title='bbox 515 1074 845 1192; x_wconf 80' lang='lat' dir='ltr'><strong>AUCTORE</strong></span> <span class='ocrx_word' id='word_1_5' title='bbox 893 1070 1300 1199; x_wconf 85' lang='lat' dir='ltr'>GUlLLELMO</span> 
     </span>
     <span class='ocr_line' id='line_1_3' title="bbox 206 1310 1617 1439; baseline 0.011 -36"><span class='ocrx_word' id='word_1_6' title='bbox 206 1310 700 1409; x_wconf 80' lang='lat' dir='ltr'>sannronusnnvo</span> <span class='ocrx_word' id='word_1_7' title='bbox 738 1312 1236 1439; x_wconf 64' lang='lat' dir='ltr'>nomannorum</span> <span class='ocrx_word' id='word_1_8' title='bbox 1276 1321 1617 1421; x_wconf 84' lang='lat' dir='ltr'>orscrrono</span> 
     </span>
    </p>
   </div>
   <div class='ocr_carea' id='block_1_3' title="bbox 172 1522 1648 1669">
    <p class='ocr_par' dir='ltr' id='par_1_3' title="bbox 172 1522 1648 1669">
     <span class='ocr_line' id='line_1_4' title="bbox 172 1522 1648 1669; baseline 0.013 -86"><span class='ocrx_word' id='word_1_9' title='bbox 172 1524 250 1603; x_wconf 78' lang='lat' dir='ltr'>[liora</span> <span class='ocrx_word' id='word_1_10' title='bbox 264 1526 403 1597; x_wconf 80' lang='lat' dir='ltr'>anrnrnu,</span> <span class='ocrx_word' id='word_1_11' title='bbox 417 1527 538 1585; x_wconf 79' lang='lat' dir='ltr'>llistoire</span> <span class='ocrx_word' id='word_1_12' title='bbox 550 1522 587 1583; x_wconf 67' lang='grc' dir='ltr'>δι’</span> <span class='ocrx_word' id='word_1_13' title='bbox 601 1526 723 1600; x_wconf 77' lang='lat' dir='ltr'>t&#39;otlage</span> <span class='ocrx_word' id='word_1_14' title='bbox 737 1529 832 1669; x_wconf 49' lang='lat' dir='ltr'>myas)</span> <span class='ocrx_word' id='word_1_15' title='bbox 839 1525 1062 1669; x_wconf 50' lang='grc' dir='ltr'>ἀέιδᾶἱιιῖὢιιὶι</span> <span class='ocrx_word' id='word_1_16' title='bbox 1075 1546 1108 1587; x_wconf 83' lang='lat' dir='ltr'>sn</span> <span class='ocrx_word' id='word_1_17' title='bbox 1122 1528 1238 1589; x_wconf 82' lang='lat' dir='ltr'>Franco.</span> <span class='ocrx_word' id='word_1_18' title='bbox 1249 1532 1345 1603; x_wconf 86' lang='lat' dir='ltr'>Paris,</span> <span class='ocrx_word' id='word_1_19' title='bbox 1361 1537 1431 1597; x_wconf 75' lang='lat' dir='ltr'>llos</span> <span class='ocrx_word' id='word_1_20' title='bbox 1447 1539 1495 1597; x_wconf 87' lang='lat' dir='ltr'>iol.</span> <span class='ocrx_word' id='word_1_21' title='bbox 1515 1540 1648 1613; x_wconf 86' lang='lat' dir='ltr'>Preuvcs,</span> 
     </span>
    </p>
   </div>
   <div class='ocr_carea' id='block_1_4' title="bbox 824 1753 984 1777">
    <p class='ocr_par' dir='ltr' id='par_1_4' title="bbox 824 1753 984 1777">
     <span class='ocr_line' id='line_1_5' title="bbox 824 1753 984 1777; baseline 0 -4"><span class='ocrx_word' id='word_1_22' title='bbox 824 1753 984 1777; x_wconf 47' lang='lat' dir='ltr'>*aa</span> 
     </span>
    </p>
   </div>
   <div class='ocr_carea' id='block_1_5' title="bbox 81 1893 1750 3253">
    <p class='ocr_par' dir='ltr' id='par_1_5' title="bbox 81 1893 1750 3253">
     <span class='ocr_line' id='line_1_6' title="bbox 249 1893 1722 1967; baseline 0.006 -20"><span class='ocrx_word' id='word_1_23' title='bbox 249 1906 389 1948; x_wconf 78' lang='lat' dir='ltr'>csormno</span> <span class='ocrx_word' id='word_1_24' title='bbox 401 1908 450 1950; x_wconf 89' lang='lat' dir='ltr'>sno</span> <span class='ocrx_word' id='word_1_25' title='bbox 463 1908 528 1951; x_wconf 89' lang='lat' dir='ltr'>sons</span> <span class='ocrx_word' id='word_1_26' title='bbox 541 1907 711 1951; x_wconf 74' lang='lat' dir='ltr'>menstruos.</span> <span class='ocrx_word' id='word_1_27' title='bbox 892 1895 990 1965; x_wconf 60' lang='lat' dir='ltr'>teins</span> <span class='ocrx_word' id='word_1_28' title='bbox 1001 1893 1100 1967; x_wconf 89' lang='lat' dir='ltr'>gratia,</span> <span class='ocrx_word' id='word_1_29' title='bbox 1117 1901 1145 1949; x_wconf 89' lang='lat' dir='ltr'>et</span> <span class='ocrx_word' id='word_1_30' title='bbox 1162 1894 1296 1953; x_wconf 81' lang='lat' dir='ltr'>senserim</span> <span class='ocrx_word' id='word_1_31' title='bbox 1317 1896 1460 1953; x_wconf 83' lang='lat' dir='ltr'>beneficia.</span> <span class='ocrx_word' id='word_1_32' title='bbox 1484 1896 1562 1955; x_wconf 81' lang='lat' dir='ltr'><strong>Licet</strong></span> <span class='ocrx_word' id='word_1_33' title='bbox 1587 1902 1722 1963; x_wconf 81' lang='lat' dir='ltr'>virtutum</span> 
     </span>
     <span class='ocr_line' id='line_1_7' title="bbox 125 1984 1722 2059; baseline 0.005 -17"><span class='ocrx_word' id='word_1_34' title='bbox 125 1984 262 2055; x_wconf 78' lang='lat' dir='ltr'>Quoniam</span> <span class='ocrx_word' id='word_1_35' title='bbox 275 1993 304 2041; x_wconf 94' lang='lat' dir='ltr'>te</span> <span class='ocrx_word' id='word_1_36' title='bbox 317 1995 449 2059; x_wconf 84' lang='lat' dir='ltr'>praesente</span> <span class='ocrx_word' id='word_1_37' title='bbox 459 1987 564 2042; x_wconf 89' lang='lat' dir='ltr'>nullum</span> <span class='ocrx_word' id='word_1_38' title='bbox 573 1985 640 2041; x_wconf 87' lang='lat' dir='ltr'>rnibi</span> <span class='ocrx_word' id='word_1_39' title='bbox 647 1993 755 2057; x_wconf 90' lang='lat' dir='ltr'>tempus</span> <span class='ocrx_word' id='word_1_40' title='bbox 765 1987 799 2043; x_wconf 93' lang='lat' dir='ltr'>ad</span> <span class='ocrx_word' id='word_1_41' title='bbox 809 1990 881 2045; x_wconf 88' lang='lat' dir='ltr'>scri·</span> <span class='ocrx_word' id='word_1_42' title='bbox 930 1984 990 2041; x_wconf 69' lang='lat' dir='ltr'>boec</span> <span class='ocrx_word' id='word_1_43' title='bbox 1001 1984 1037 2042; x_wconf 90' lang='lat' dir='ltr'>sit</span> <span class='ocrx_word' id='word_1_44' title='bbox 1060 1992 1169 2052; x_wconf 90' lang='lat' dir='ltr'>natura,</span> <span class='ocrx_word' id='word_1_45' title='bbox 1185 1992 1215 2042; x_wconf 92' lang='lat' dir='ltr'>ut</span> <span class='ocrx_word' id='word_1_46' title='bbox 1226 1986 1311 2043; x_wconf 90' lang='lat' dir='ltr'>latere</span> <span class='ocrx_word' id='word_1_47' title='bbox 1321 2001 1376 2042; x_wconf 96' lang='lat' dir='ltr'>non</span> <span class='ocrx_word' id='word_1_48' title='bbox 1387 1986 1504 2057; x_wconf 79' lang='lat' dir='ltr'><strong>possint,</strong></span> <span class='ocrx_word' id='word_1_49' title='bbox 1520 1988 1603 2045; x_wconf 89' lang='lat' dir='ltr'>etiam</span> <span class='ocrx_word' id='word_1_50' title='bbox 1617 1991 1641 2047; x_wconf 92' lang='lat' dir='ltr'>si</span> <span class='ocrx_word' id='word_1_51' title='bbox 1655 2008 1722 2051; x_wconf 90' lang='lat' dir='ltr'>con·</span> 
     </span>
     <span class='ocr_line' id='line_1_8' title="bbox 84 2077 1723 2151; baseline 0.003 -13"><span class='ocrx_word' id='word_1_52' title='bbox 84 2079 208 2138; x_wconf 81' lang='lat' dir='ltr'>bendum</span> <span class='ocrx_word' id='word_1_53' title='bbox 222 2078 366 2135; x_wconf 87' lang='lat' dir='ltr'>videbatur</span> <span class='ocrx_word' id='word_1_54' title='bbox 381 2095 508 2145; x_wconf 91' lang='lat' dir='ltr'>vacuum,</span> <span class='ocrx_word' id='word_1_55' title='bbox 526 2086 588 2151; x_wconf 90' lang='lat' dir='ltr'>post</span> <span class='ocrx_word' id='word_1_56' title='bbox 610 2079 764 2137; x_wconf 80' lang='lat' dir='ltr'>discessum</span> <span class='ocrx_word' id='word_1_57' title='bbox 786 2083 879 2139; x_wconf 89' lang='lat' dir='ltr'>statim</span> <span class='ocrx_word' id='word_1_58' title='bbox 931 2077 997 2135; x_wconf 83' lang='lat' dir='ltr'>sciis</span> <span class='ocrx_word' id='word_1_59' title='bbox 1015 2078 1144 2135; x_wconf 90' lang='lat' dir='ltr'>omnibus</span> <span class='ocrx_word' id='word_1_60' title='bbox 1162 2078 1299 2135; x_wconf 90' lang='lat' dir='ltr'>silentium</span> <span class='ocrx_word' id='word_1_61' title='bbox 1311 2079 1381 2134; x_wconf 88' lang='lat' dir='ltr'>livor</span> <span class='ocrx_word' id='word_1_62' title='bbox 1398 2078 1538 2147; x_wconf 77' lang='lat' dir='ltr'>indixerit,</span> <span class='ocrx_word' id='word_1_63' title='bbox 1556 2087 1584 2136; x_wconf 93' lang='lat' dir='ltr'>et</span> <span class='ocrx_word' id='word_1_64' title='bbox 1607 2081 1723 2143; x_wconf 86' lang='lat' dir='ltr'>latuisse</span> 
     </span>
     <span class='ocr_line' id='line_1_9' title="bbox 85 2168 1720 2245; baseline 0.005 -20"><span class='ocrx_word' id='word_1_65' title='bbox 85 2184 196 2225; x_wconf 79' lang='lat' dir='ltr'>mensor</span> <span class='ocrx_word' id='word_1_66' title='bbox 209 2184 321 2240; x_wconf 89' lang='lat' dir='ltr'>precum</span> <span class='ocrx_word' id='word_1_67' title='bbox 338 2176 449 2224; x_wconf 89' lang='lat' dir='ltr'>tuarum</span> <span class='ocrx_word' id='word_1_68' title='bbox 462 2176 490 2225; x_wconf 93' lang='lat' dir='ltr'>et</span> <span class='ocrx_word' id='word_1_69' title='bbox 505 2184 573 2225; x_wconf 72' lang='lat' dir='ltr'>meae</span> <span class='ocrx_word' id='word_1_70' title='bbox 586 2169 791 2240; x_wconf 76' lang='lat' dir='ltr'>promissionis,</span> <span class='ocrx_word' id='word_1_71' title='bbox 807 2173 878 2228; x_wconf 85' lang='lat' dir='ltr'>arri-</span> <span class='ocrx_word' id='word_1_72' title='bbox 930 2185 1026 2227; x_wconf 92' lang='lat' dir='ltr'>earum</span> <span class='ocrx_word' id='word_1_73' title='bbox 1040 2187 1095 2227; x_wconf 91' lang='lat' dir='ltr'>non</span> <span class='ocrx_word' id='word_1_74' title='bbox 1110 2170 1148 2227; x_wconf 88' lang='lat' dir='ltr'>sit</span> <span class='ocrx_word' id='word_1_75' title='bbox 1158 2168 1360 2227; x_wconf 77' lang='lat' dir='ltr'>detrimentum.</span> <span class='ocrx_word' id='word_1_76' title='bbox 1375 2169 1551 2228; x_wconf 74' lang='lat' dir='ltr'>Venietenim</span> <span class='ocrx_word' id='word_1_77' title='bbox 1562 2172 1720 2245; x_wconf 86' lang='lat' dir='ltr'>aliquando,</span> 
     </span>
     <span class='ocr_line' id='line_1_10' title="bbox 84 2260 1722 2338; baseline 0.005 -23"><span class='ocrx_word' id='word_1_78' title='bbox 84 2261 136 2333; x_wconf 90' lang='lat' dir='ltr'>pui</span> <span class='ocrx_word' id='word_1_79' title='bbox 147 2260 294 2326; x_wconf 91' lang='lat' dir='ltr'>calamum,</span> <span class='ocrx_word' id='word_1_80' title='bbox 305 2267 333 2317; x_wconf 92' lang='lat' dir='ltr'>et</span> <span class='ocrx_word' id='word_1_81' title='bbox 342 2260 429 2317; x_wconf 91' lang='lat' dir='ltr'>institi</span> <span class='ocrx_word' id='word_1_82' title='bbox 444 2270 474 2317; x_wconf 91' lang='lat' dir='ltr'>ut</span> <span class='ocrx_word' id='word_1_83' title='bbox 485 2262 572 2332; x_wconf 91' lang='lat' dir='ltr'>potui,</span> <span class='ocrx_word' id='word_1_84' title='bbox 589 2262 711 2317; x_wconf 89' lang='lat' dir='ltr'>scribere</span> <span class='ocrx_word' id='word_1_85' title='bbox 726 2262 832 2319; x_wconf 85' lang='lat' dir='ltr'>scilicet</span> <span class='ocrx_word' id='word_1_86' title='bbox 845 2265 880 2321; x_wconf 94' lang='lat' dir='ltr'>de</span> <span class='ocrx_word' id='word_1_87' title='bbox 929 2263 1020 2317; x_wconf 87' lang='lat' dir='ltr'>reniet</span> <span class='ocrx_word' id='word_1_88' title='bbox 1044 2262 1114 2329; x_wconf 90' lang='lat' dir='ltr'>dies,</span> <span class='ocrx_word' id='word_1_89' title='bbox 1136 2263 1184 2335; x_wconf 82' lang='lat' dir='ltr'>qui</span> <span class='ocrx_word' id='word_1_90' title='bbox 1208 2263 1368 2320; x_wconf 89' lang='lat' dir='ltr'>abscondita</span> <span class='ocrx_word' id='word_1_91' title='bbox 1387 2270 1414 2318; x_wconf 90' lang='lat' dir='ltr'>et</span> <span class='ocrx_word' id='word_1_92' title='bbox 1433 2265 1525 2321; x_wconf 77' lang='lat' dir='ltr'>seculi</span> <span class='ocrx_word' id='word_1_93' title='bbox 1550 2266 1722 2338; x_wconf 75' lang='lat' dir='ltr'>malignitate</span> 
     </span>
     <span class='ocr_line' id='line_1_11' title="bbox 86 2352 1722 2432; baseline 0.006 -24"><span class='ocrx_word' id='word_1_94' title='bbox 86 2352 206 2424; x_wconf 88' lang='lat' dir='ltr'>Sugerio</span> <span class='ocrx_word' id='word_1_95' title='bbox 218 2361 314 2409; x_wconf 91' lang='lat' dir='ltr'>nostro</span> <span class='ocrx_word' id='word_1_96' title='bbox 323 2352 438 2424; x_wconf 80' lang='lat' dir='ltr'>aliquid,</span> <span class='ocrx_word' id='word_1_97' title='bbox 450 2354 524 2425; x_wconf 84' lang='lat' dir='ltr'>quod</span> <span class='ocrx_word' id='word_1_98' title='bbox 536 2360 564 2411; x_wconf 89' lang='lat' dir='ltr'>et</span> <span class='ocrx_word' id='word_1_99' title='bbox 585 2353 636 2409; x_wconf 91' lang='lat' dir='ltr'>tibi</span> <span class='ocrx_word' id='word_1_100' title='bbox 656 2354 693 2411; x_wconf 91' lang='lat' dir='ltr'>sit</span> <span class='ocrx_word' id='word_1_101' title='bbox 708 2362 827 2426; x_wconf 90' lang='lat' dir='ltr'>gratum,</span> <span class='ocrx_word' id='word_1_102' title='bbox 850 2363 879 2413; x_wconf 93' lang='lat' dir='ltr'>et</span> <span class='ocrx_word' id='word_1_103' title='bbox 929 2368 1088 2426; x_wconf 88' lang='lat' dir='ltr'>compressa</span> <span class='ocrx_word' id='word_1_104' title='bbox 1102 2357 1131 2413; x_wconf 93' lang='lat' dir='ltr'>in</span> <span class='ocrx_word' id='word_1_105' title='bbox 1142 2356 1231 2413; x_wconf 91' lang='lat' dir='ltr'>lucem</span> <span class='ocrx_word' id='word_1_106' title='bbox 1245 2356 1318 2412; x_wconf 89' lang='lat' dir='ltr'>bona</span> <span class='ocrx_word' id='word_1_107' title='bbox 1331 2355 1433 2413; x_wconf 81' lang='lat' dir='ltr'>ederet.</span> <span class='ocrx_word' id='word_1_108' title='bbox 1448 2357 1539 2413; x_wconf 90' lang='lat' dir='ltr'>Unum</span> <span class='ocrx_word' id='word_1_109' title='bbox 1553 2360 1645 2432; x_wconf 88' lang='lat' dir='ltr'>itaque</span> <span class='ocrx_word' id='word_1_110' title='bbox 1659 2377 1675 2417; x_wconf 88' lang='lat' dir='ltr'>a</span> <span class='ocrx_word' id='word_1_111' title='bbox 1692 2368 1722 2419; x_wconf 90' lang='lat' dir='ltr'>te</span> 
     </span>
     <span class='ocr_line' id='line_1_12' title="bbox 83 2444 1721 2521; baseline 0.005 -20"><span class='ocrx_word' id='word_1_112' title='bbox 83 2446 185 2501; x_wconf 90' lang='lat' dir='ltr'>multis</span> <span class='ocrx_word' id='word_1_113' title='bbox 199 2446 276 2502; x_wconf 88' lang='lat' dir='ltr'>utile.</span> <span class='ocrx_word' id='word_1_114' title='bbox 289 2444 403 2513; x_wconf 83' lang='lat' dir='ltr'>Quoties</span> <span class='ocrx_word' id='word_1_115' title='bbox 417 2445 491 2502; x_wconf 89' lang='lat' dir='ltr'>enim</span> <span class='ocrx_word' id='word_1_116' title='bbox 502 2445 552 2501; x_wconf 92' lang='lat' dir='ltr'>viri</span> <span class='ocrx_word' id='word_1_117' title='bbox 565 2445 639 2501; x_wconf 92' lang='lat' dir='ltr'>illius</span> <span class='ocrx_word' id='word_1_118' title='bbox 651 2447 801 2503; x_wconf 87' lang='lat' dir='ltr'>venerandi</span> <span class='ocrx_word' id='word_1_119' title='bbox 820 2463 879 2505; x_wconf 88' lang='lat' dir='ltr'>me·</span> <span class='ocrx_word' id='word_1_120' title='bbox 929 2454 1038 2519; x_wconf 82' lang='lat' dir='ltr'>oportet</span> <span class='ocrx_word' id='word_1_121' title='bbox 1051 2449 1204 2521; x_wconf 88' lang='lat' dir='ltr'>impetrem,</span> <span class='ocrx_word' id='word_1_122' title='bbox 1218 2464 1253 2505; x_wconf 90' lang='lat' dir='ltr'>ne</span> <span class='ocrx_word' id='word_1_123' title='bbox 1268 2449 1294 2505; x_wconf 92' lang='lat' dir='ltr'>in</span> <span class='ocrx_word' id='word_1_124' title='bbox 1307 2450 1421 2521; x_wconf 84' lang='lat' dir='ltr'>hisquae</span> <span class='ocrx_word' id='word_1_125' title='bbox 1435 2450 1468 2506; x_wconf 92' lang='lat' dir='ltr'>de</span> <span class='ocrx_word' id='word_1_126' title='bbox 1482 2449 1530 2507; x_wconf 92' lang='lat' dir='ltr'>illo</span> <span class='ocrx_word' id='word_1_127' title='bbox 1553 2462 1721 2509; x_wconf 88' lang='lat' dir='ltr'>memoratu-</span> 
     </span>
     <span class='ocr_line' id='line_1_13' title="bbox 83 2537 1720 2615; baseline 0.005 -22"><span class='ocrx_word' id='word_1_128' title='bbox 83 2552 150 2593; x_wconf 88' lang='lat' dir='ltr'>cum</span> <span class='ocrx_word' id='word_1_129' title='bbox 165 2537 282 2594; x_wconf 88' lang='lat' dir='ltr'>virtutes</span> <span class='ocrx_word' id='word_1_130' title='bbox 296 2539 415 2603; x_wconf 89' lang='lat' dir='ltr'>intueor,</span> <span class='ocrx_word' id='word_1_131' title='bbox 441 2538 525 2594; x_wconf 92' lang='lat' dir='ltr'>toties</span> <span class='ocrx_word' id='word_1_132' title='bbox 550 2538 696 2595; x_wconf 85' lang='lat' dir='ltr'>verborum</span> <span class='ocrx_word' id='word_1_133' title='bbox 711 2538 878 2597; x_wconf 88' lang='lat' dir='ltr'>recordoret</span> <span class='ocrx_word' id='word_1_134' title='bbox 929 2554 977 2596; x_wconf 89' lang='lat' dir='ltr'>rus</span> <span class='ocrx_word' id='word_1_135' title='bbox 992 2555 1054 2596; x_wconf 90' lang='lat' dir='ltr'>sum</span> <span class='ocrx_word' id='word_1_136' title='bbox 1070 2546 1177 2595; x_wconf 88' lang='lat' dir='ltr'>certum</span> <span class='ocrx_word' id='word_1_137' title='bbox 1199 2540 1317 2612; x_wconf 76' lang='lat' dir='ltr'>aliquem</span> <span class='ocrx_word' id='word_1_138' title='bbox 1340 2556 1384 2597; x_wconf 88' lang='lat' dir='ltr'>me</span> <span class='ocrx_word' id='word_1_139' title='bbox 1398 2542 1476 2613; x_wconf 84' lang='lat' dir='ltr'>sequi</span> <span class='ocrx_word' id='word_1_140' title='bbox 1490 2542 1558 2599; x_wconf 89' lang='lat' dir='ltr'>velis</span> <span class='ocrx_word' id='word_1_141' title='bbox 1580 2544 1720 2615; x_wconf 66' lang='lat' dir='ltr'>ordinem</span> 
     </span>
     <span class='ocr_line' id='line_1_14' title="bbox 82 2629 1721 2707; baseline 0.005 -22"><span class='ocrx_word' id='word_1_142' title='bbox 82 2645 220 2703; x_wconf 85' lang='lat' dir='ltr'>operum,</span> <span class='ocrx_word' id='word_1_143' title='bbox 246 2630 275 2685; x_wconf 93' lang='lat' dir='ltr'>in</span> <span class='ocrx_word' id='word_1_144' title='bbox 288 2631 427 2702; x_wconf 86' lang='lat' dir='ltr'>exemplar</span> <span class='ocrx_word' id='word_1_145' title='bbox 445 2640 518 2687; x_wconf 90' lang='lat' dir='ltr'>certe</span> <span class='ocrx_word' id='word_1_146' title='bbox 530 2629 598 2685; x_wconf 87' lang='lat' dir='ltr'>milri</span> <span class='ocrx_word' id='word_1_147' title='bbox 612 2629 721 2687; x_wconf 81' lang='lat' dir='ltr'>ridetur</span> <span class='ocrx_word' id='word_1_148' title='bbox 733 2631 834 2701; x_wconf 89' lang='lat' dir='ltr'>editos,</span> <span class='ocrx_word' id='word_1_149' title='bbox 848 2640 879 2688; x_wconf 91' lang='lat' dir='ltr'>ut</span> <span class='ocrx_word' id='word_1_150' title='bbox 928 2646 992 2687; x_wconf 89' lang='lat' dir='ltr'>cum</span> <span class='ocrx_word' id='word_1_151' title='bbox 1005 2632 1126 2691; x_wconf 87' lang='lat' dir='ltr'>scribere</span> <span class='ocrx_word' id='word_1_152' title='bbox 1141 2634 1329 2705; x_wconf 77' lang='lat' dir='ltr'>proposuerim</span> <span class='ocrx_word' id='word_1_153' title='bbox 1343 2642 1425 2704; x_wconf 86' lang='lat' dir='ltr'>prout</span> <span class='ocrx_word' id='word_1_154' title='bbox 1440 2634 1507 2689; x_wconf 90' lang='lat' dir='ltr'>mibi</span> <span class='ocrx_word' id='word_1_155' title='bbox 1517 2636 1657 2707; x_wconf 86' lang='lat' dir='ltr'>potuerint</span> <span class='ocrx_word' id='word_1_156' title='bbox 1673 2652 1721 2695; x_wconf 91' lang='lat' dir='ltr'>oo-</span> 
     </span>
     <span class='ocr_line' id='line_1_15' title="bbox 82 2713 1728 2801; baseline 0.01 -26"><span class='ocrx_word' id='word_1_157' title='bbox 82 2727 187 2775; x_wconf 82' lang='lat' dir='ltr'>tanrex</span> <span class='ocrx_word' id='word_1_158' title='bbox 200 2719 293 2777; x_wconf 86' lang='lat' dir='ltr'>verbis</span> <span class='ocrx_word' id='word_1_159' title='bbox 310 2720 371 2790; x_wconf 83' lang='lat' dir='ltr'>ejus</span> <span class='ocrx_word' id='word_1_160' title='bbox 396 2735 478 2792; x_wconf 79' lang='lat' dir='ltr'>quam</span> <span class='ocrx_word' id='word_1_161' title='bbox 491 2720 622 2792; x_wconf 90' lang='lat' dir='ltr'>operibus</span> <span class='ocrx_word' id='word_1_162' title='bbox 635 2720 743 2778; x_wconf 86' lang='lat' dir='ltr'>vivendi</span> <span class='ocrx_word' id='word_1_163' title='bbox 761 2720 878 2779; x_wconf 83' lang='lat' dir='ltr'>sormam</span> <span class='ocrx_word' id='word_1_164' title='bbox 928 2726 1183 2797; x_wconf 87' lang='lat' dir='ltr'>currerepaucadc</span> <span class='ocrx_word' id='word_1_165' title='bbox 1206 2726 1310 2793; x_wconf 87' lang='lat' dir='ltr'>rnultis.</span> <span class='ocrx_word' id='word_1_166' title='bbox 1326 2728 1371 2784; x_wconf 84' lang='lat' dir='ltr'>vix</span> <span class='ocrx_word' id='word_1_167' title='bbox 1391 2728 1482 2801; x_wconf 85' lang='lat' dir='ltr'>aliqua</span> <span class='ocrx_word' id='word_1_168' title='bbox 1504 2729 1539 2788; x_wconf 89' lang='lat' dir='ltr'>dc</span> <span class='ocrx_word' id='word_1_169' title='bbox 1555 2713 1728 2791; x_wconf 57' lang='lat' dir='ltr'>innumeris.²</span> 
     </span>
     <span class='ocr_line' id='line_1_16' title="bbox 82 2811 1720 2897; baseline 0.009 -28"><span class='ocrx_word' id='word_1_170' title='bbox 82 2828 251 2869; x_wconf 86' lang='lat' dir='ltr'>successura</span> <span class='ocrx_word' id='word_1_171' title='bbox 262 2812 354 2867; x_wconf 90' lang='lat' dir='ltr'>trabat</span> <span class='ocrx_word' id='word_1_172' title='bbox 363 2812 520 2885; x_wconf 86' lang='lat' dir='ltr'>posteritas.</span> <span class='ocrx_word' id='word_1_173' title='bbox 541 2811 629 2884; x_wconf 78' lang='lat' dir='ltr'>Cuius</span> <span class='ocrx_word' id='word_1_174' title='bbox 649 2812 715 2885; x_wconf 78' lang='lat' dir='ltr'>guia</span> <span class='ocrx_word' id='word_1_175' title='bbox 739 2814 802 2871; x_wconf 76' lang='lat' dir='ltr'>rita</span> <span class='ocrx_word' id='word_1_176' title='bbox 823 2813 877 2869; x_wconf 87' lang='lat' dir='ltr'>ali-</span> <span class='ocrx_word' id='word_1_177' title='bbox 928 2818 1059 2887; x_wconf 79' lang='lat' dir='ltr'>Quamvis</span> <span class='ocrx_word' id='word_1_178' title='bbox 1071 2820 1164 2875; x_wconf 90' lang='lat' dir='ltr'>omnia</span> <span class='ocrx_word' id='word_1_179' title='bbox 1174 2820 1273 2877; x_wconf 89' lang='lat' dir='ltr'>melius</span> <span class='ocrx_word' id='word_1_180' title='bbox 1288 2822 1347 2892; x_wconf 88' lang='lat' dir='ltr'>ipsc</span> <span class='ocrx_word' id='word_1_181' title='bbox 1356 2822 1476 2887; x_wconf 87' lang='lat' dir='ltr'>noveris,</span> <span class='ocrx_word' id='word_1_182' title='bbox 1489 2830 1517 2878; x_wconf 88' lang='lat' dir='ltr'>et</span> <span class='ocrx_word' id='word_1_183' title='bbox 1540 2839 1556 2879; x_wconf 93' lang='lat' dir='ltr'>a</span> <span class='ocrx_word' id='word_1_184' title='bbox 1576 2833 1604 2881; x_wconf 89' lang='lat' dir='ltr'>te</span> <span class='ocrx_word' id='word_1_185' title='bbox 1627 2825 1720 2897; x_wconf 90' lang='lat' dir='ltr'>potius</span> 
     </span>
     <span class='ocr_line' id='line_1_17' title="bbox 82 2904 1722 2987; baseline 0.007 -28"><span class='ocrx_word' id='word_1_186' title='bbox 82 2905 210 2977; x_wconf 77' lang='lat' dir='ltr'>quandiu</span> <span class='ocrx_word' id='word_1_187' title='bbox 222 2912 312 2963; x_wconf 90' lang='lat' dir='ltr'>tecum</span> <span class='ocrx_word' id='word_1_188' title='bbox 327 2904 449 2971; x_wconf 88' lang='lat' dir='ltr'>interlui,</span> <span class='ocrx_word' id='word_1_189' title='bbox 460 2911 487 2961; x_wconf 89' lang='lat' dir='ltr'>et</span> <span class='ocrx_word' id='word_1_190' title='bbox 498 2912 603 2963; x_wconf 85' lang='lat' dir='ltr'>secreta</span> <span class='ocrx_word' id='word_1_191' title='bbox 616 2905 757 2977; x_wconf 80' lang='lat' dir='ltr'>perspexi,</span> <span class='ocrx_word' id='word_1_192' title='bbox 779 2921 878 2963; x_wconf 87' lang='lat' dir='ltr'>vereor</span> <span class='ocrx_word' id='word_1_193' title='bbox 928 2912 982 2967; x_wconf 89' lang='lat' dir='ltr'>ista</span> <span class='ocrx_word' id='word_1_194' title='bbox 998 2910 1083 2967; x_wconf 87' lang='lat' dir='ltr'>scribi</span> <span class='ocrx_word' id='word_1_195' title='bbox 1102 2911 1266 2983; x_wconf 88' lang='lat' dir='ltr'>oportuerit.</span> <span class='ocrx_word' id='word_1_196' title='bbox 1283 2909 1336 2969; x_wconf 87' lang='lat' dir='ltr'>Sed</span> <span class='ocrx_word' id='word_1_197' title='bbox 1356 2912 1420 2983; x_wconf 88' lang='lat' dir='ltr'>qnia</span> <span class='ocrx_word' id='word_1_198' title='bbox 1434 2912 1481 2981; x_wconf 66' lang='lat' dir='ltr'>itas</span> <span class='ocrx_word' id='word_1_199' title='bbox 1490 2913 1544 2978; x_wconf 90' lang='lat' dir='ltr'>vis,</span> <span class='ocrx_word' id='word_1_200' title='bbox 1567 2913 1631 2985; x_wconf 85' lang='lat' dir='ltr'>quia</span> <span class='ocrx_word' id='word_1_201' title='bbox 1654 2930 1722 2987; x_wconf 86' lang='lat' dir='ltr'>prae·</span> 
     </span>
     <span class='ocr_line' id='line_1_18' title="bbox 83 2990 1750 3079; baseline 0.007 -26"><span class='ocrx_word' id='word_1_202' title='bbox 83 2996 415 3069; x_wconf 84' lang='lat' dir='ltr'>satisneingratitudinis</span> <span class='ocrx_word' id='word_1_203' title='bbox 425 2995 523 3053; x_wconf 82' lang='lat' dir='ltr'>morito</span> <span class='ocrx_word' id='word_1_204' title='bbox 533 3010 643 3068; x_wconf 86' lang='lat' dir='ltr'>arguar,</span> <span class='ocrx_word' id='word_1_205' title='bbox 657 2995 747 3053; x_wconf 87' lang='lat' dir='ltr'>sinon</span> <span class='ocrx_word' id='word_1_206' title='bbox 760 3010 793 3053; x_wconf 78' lang='lat' dir='ltr'>es</span> <span class='ocrx_word' id='word_1_207' title='bbox 815 3012 878 3069; x_wconf 76' lang='lat' dir='ltr'>gun</span> <span class='ocrx_word' id='word_1_208' title='bbox 927 3002 1008 3075; x_wconf 88' lang='lat' dir='ltr'>cipis,</span> <span class='ocrx_word' id='word_1_209' title='bbox 1032 3001 1131 3059; x_wconf 89' lang='lat' dir='ltr'>laciam</span> <span class='ocrx_word' id='word_1_210' title='bbox 1145 3011 1176 3059; x_wconf 92' lang='lat' dir='ltr'>ut</span> <span class='ocrx_word' id='word_1_211' title='bbox 1191 3010 1296 3075; x_wconf 91' lang='lat' dir='ltr'>potero,</span> <span class='ocrx_word' id='word_1_212' title='bbox 1315 3003 1381 3076; x_wconf 85' lang='lat' dir='ltr'>quin</span> <span class='ocrx_word' id='word_1_213' title='bbox 1409 3004 1457 3061; x_wconf 91' lang='lat' dir='ltr'>tibi</span> <span class='ocrx_word' id='word_1_214' title='bbox 1478 3005 1548 3063; x_wconf 90' lang='lat' dir='ltr'>nibil</span> <span class='ocrx_word' id='word_1_215' title='bbox 1563 3007 1720 3079; x_wconf 87' lang='lat' dir='ltr'>negandum</span> <span class='ocrx_word' id='word_1_216' title='bbox 1745 2990 1750 3003; x_wconf 72' lang='grc'><em>’</em></span> 
     </span>
     <span class='ocr_line' id='line_1_19' title="bbox 81 3086 1043 3161; baseline 0.003 -18"><span class='ocrx_word' id='word_1_217' title='bbox 81 3089 120 3145; x_wconf 82' lang='lat' dir='ltr'>ad</span> <span class='ocrx_word' id='word_1_218' title='bbox 130 3103 220 3145; x_wconf 85' lang='lat' dir='ltr'>meam</span> <span class='ocrx_word' id='word_1_219' title='bbox 227 3104 375 3161; x_wconf 84' lang='lat' dir='ltr'>pervenere</span> <span class='ocrx_word' id='word_1_220' title='bbox 384 3088 522 3153; x_wconf 86' lang='lat' dir='ltr'>notitiam,</span> <span class='ocrx_word' id='word_1_221' title='bbox 534 3086 634 3159; x_wconf 67' lang='lat' dir='ltr'>qubus</span> <span class='ocrx_word' id='word_1_222' title='bbox 654 3102 767 3158; x_wconf 83' lang='lat' dir='ltr'>possum</span> <span class='ocrx_word' id='word_1_223' title='bbox 784 3088 877 3147; x_wconf 85' lang='lat' dir='ltr'>verbis</span> <span class='ocrx_word' id='word_1_224' title='bbox 926 3095 1043 3151; x_wconf 63' lang='lat' dir='ltr'>admo.</span> 
     </span>
     <span class='ocr_line' id='line_1_20' title="bbox 81 3178 877 3253; baseline -0.005 -14"><span class='ocrx_word' id='word_1_225' title='bbox 81 3181 224 3251; x_wconf 74' lang='lat' dir='ltr'>exsulem,</span> <span class='ocrx_word' id='word_1_226' title='bbox 237 3180 356 3239; x_wconf 82' lang='lat' dir='ltr'>manime</span> <span class='ocrx_word' id='word_1_227' title='bbox 369 3196 431 3239; x_wconf 86' lang='lat' dir='ltr'>cum</span> <span class='ocrx_word' id='word_1_228' title='bbox 441 3186 470 3239; x_wconf 81' lang='lat' dir='ltr'>et</span> <span class='ocrx_word' id='word_1_229' title='bbox 481 3187 580 3253; x_wconf 79' lang='lat' dir='ltr'>praeter</span> <span class='ocrx_word' id='word_1_230' title='bbox 598 3178 728 3238; x_wconf 79' lang='lat' dir='ltr'>muitum</span> <span class='ocrx_word' id='word_1_231' title='bbox 740 3194 809 3236; x_wconf 85' lang='lat' dir='ltr'>usus</span> <span class='ocrx_word' id='word_1_232' title='bbox 822 3178 877 3235; x_wconf 87' lang='lat' dir='ltr'>sim</span> 
     </span>
    </p>
   </div>
   <div class='ocr_carea' id='block_1_6' title="bbox 674 3371 1134 3467">
    <p class='ocr_par' dir='ltr' id='par_1_6' title="bbox 674 3371 1134 3467">
     <span class='ocr_line' id='line_1_21' title="bbox 674 3371 1134 3467; baseline 0.002 -3"><span class='ocrx_word' id='word_1_233' title='bbox 674 3371 857 3466; x_wconf 83' lang='lat' dir='ltr'>LIBER</span> <span class='ocrx_word' id='word_1_234' title='bbox 890 3372 1134 3467; x_wconf 82' lang='lat' dir='ltr'><strong>PRIMUS.</strong></span> 
     </span>
    </p>
   </div>
   <div class='ocr_carea' id='block_1_7' title="bbox 30 3658 1726 6032">
    <p class='ocr_par' dir='ltr' id='par_1_7' title="bbox 30 3658 1726 6032">
     <span class='ocr_line' id='line_1_22' title="bbox 79 3658 1720 3737; baseline -0.001 -16"><span class='ocrx_word' id='word_1_235' title='bbox 79 3673 280 3722; x_wconf 90' lang='lat' dir='ltr'>utnonunum</span> <span class='ocrx_word' id='word_1_236' title='bbox 291 3665 453 3721; x_wconf 89' lang='lat' dir='ltr'>tantumcui</span> <span class='ocrx_word' id='word_1_237' title='bbox 467 3663 698 3737; x_wconf 74' lang='lat' dir='ltr'>praeeratlocum,</span> <span class='ocrx_word' id='word_1_238' title='bbox 714 3662 763 3719; x_wconf 91' lang='lat' dir='ltr'>sed</span> <span class='ocrx_word' id='word_1_239' title='bbox 785 3669 873 3719; x_wconf 88' lang='lat' dir='ltr'>totum</span> <span class='ocrx_word' id='word_1_240' title='bbox 924 3660 1040 3716; x_wconf 85' lang='lat' dir='ltr'>mumin</span> <span class='ocrx_word' id='word_1_241' title='bbox 1055 3659 1102 3716; x_wconf 92' lang='lat' dir='ltr'>illo</span> <span class='ocrx_word' id='word_1_242' title='bbox 1115 3658 1295 3727; x_wconf 88' lang='lat' dir='ltr'>moderatum,</span> <span class='ocrx_word' id='word_1_243' title='bbox 1312 3659 1616 3725; x_wconf 78' lang='lat' dir='ltr'>excellentemomnem</span> <span class='ocrx_word' id='word_1_244' title='bbox 1631 3669 1720 3719; x_wconf 76' lang='lat' dir='ltr'>turmo-</span> 
     </span>
     <span class='ocr_line' id='line_1_23' title="bbox 78 3752 1719 3829; baseline 0.001 -16"><span class='ocrx_word' id='word_1_245' title='bbox 78 3756 254 3813; x_wconf 77' lang='lat' dir='ltr'>Francorum</span> <span class='ocrx_word' id='word_1_246' title='bbox 265 3758 415 3815; x_wconf 85' lang='lat' dir='ltr'>illustraret</span> <span class='ocrx_word' id='word_1_247' title='bbox 423 3757 583 3829; x_wconf 78' lang='lat' dir='ltr'>imperium:</span> <span class='ocrx_word' id='word_1_248' title='bbox 597 3754 632 3811; x_wconf 84' lang='lat' dir='ltr'>nd</span> <span class='ocrx_word' id='word_1_249' title='bbox 645 3755 698 3811; x_wconf 88' lang='lat' dir='ltr'>lroc</span> <span class='ocrx_word' id='word_1_250' title='bbox 718 3761 872 3825; x_wconf 79' lang='lat' dir='ltr'>promotos,</span> <span class='ocrx_word' id='word_1_251' title='bbox 925 3769 983 3811; x_wconf 87' lang='lat' dir='ltr'>rem</span> <span class='ocrx_word' id='word_1_252' title='bbox 1006 3752 1100 3811; x_wconf 80' lang='lat' dir='ltr'>saeculi</span> <span class='ocrx_word' id='word_1_253' title='bbox 1122 3754 1286 3818; x_wconf 83' lang='lat' dir='ltr'>calcantem,</span> <span class='ocrx_word' id='word_1_254' title='bbox 1301 3760 1329 3811; x_wconf 88' lang='lat' dir='ltr'>et</span> <span class='ocrx_word' id='word_1_255' title='bbox 1342 3752 1476 3825; x_wconf 83' lang='lat' dir='ltr'>quidquid</span> <span class='ocrx_word' id='word_1_256' title='bbox 1497 3754 1593 3825; x_wconf 82' lang='lat' dir='ltr'>vulgus</span> <span class='ocrx_word' id='word_1_257' title='bbox 1621 3754 1719 3813; x_wconf 86' lang='lat' dir='ltr'>timere</span> 
     </span>
     <span class='ocr_line' id='line_1_24' title="bbox 79 3842 1721 3918; baseline 0.001 -15"><span class='ocrx_word' id='word_1_258' title='bbox 79 3862 140 3905; x_wconf 92' lang='lat' dir='ltr'>non</span> <span class='ocrx_word' id='word_1_259' title='bbox 154 3854 185 3903; x_wconf 89' lang='lat' dir='ltr'>ut</span> <span class='ocrx_word' id='word_1_260' title='bbox 196 3862 281 3903; x_wconf 83' lang='lat' dir='ltr'>unum</span> <span class='ocrx_word' id='word_1_261' title='bbox 293 3848 489 3905; x_wconf 72' lang='lat' dir='ltr'>monachorum</span> <span class='ocrx_word' id='word_1_262' title='bbox 499 3862 597 3918; x_wconf 85' lang='lat' dir='ltr'>genus,</span> <span class='ocrx_word' id='word_1_263' title='bbox 611 3845 660 3901; x_wconf 87' lang='lat' dir='ltr'>sed</span> <span class='ocrx_word' id='word_1_264' title='bbox 669 3845 812 3901; x_wconf 81' lang='lat' dir='ltr'>universos</span> <span class='ocrx_word' id='word_1_265' title='bbox 822 3842 875 3899; x_wconf 81' lang='lat' dir='ltr'>lio-</span> <span class='ocrx_word' id='word_1_266' title='bbox 925 3846 995 3903; x_wconf 91' lang='lat' dir='ltr'>solet</span> <span class='ocrx_word' id='word_1_267' title='bbox 1010 3846 1053 3903; x_wconf 90' lang='lat' dir='ltr'>rel</span> <span class='ocrx_word' id='word_1_268' title='bbox 1067 3854 1162 3917; x_wconf 82' lang='lat' dir='ltr'>optare</span> <span class='ocrx_word' id='word_1_269' title='bbox 1173 3845 1319 3911; x_wconf 90' lang='lat' dir='ltr'>ridentem,</span> <span class='ocrx_word' id='word_1_270' title='bbox 1335 3846 1362 3901; x_wconf 90' lang='lat' dir='ltr'>in</span> <span class='ocrx_word' id='word_1_271' title='bbox 1379 3846 1481 3903; x_wconf 70' lang='lat' dir='ltr'>:undo</span> <span class='ocrx_word' id='word_1_272' title='bbox 1494 3845 1604 3917; x_wconf 83' lang='lat' dir='ltr'>quidem</span> <span class='ocrx_word' id='word_1_273' title='bbox 1614 3850 1721 3905; x_wconf 85' lang='lat' dir='ltr'>consti·</span> 
     </span>
     <span class='ocr_line' id='line_1_25' title="bbox 79 3934 1726 4013; baseline -0.001 -15"><span class='ocrx_word' id='word_1_274' title='bbox 79 3941 175 3998; x_wconf 78' lang='lat' dir='ltr'>etesiae</span> <span class='ocrx_word' id='word_1_275' title='bbox 184 3941 297 3997; x_wconf 86' lang='lat' dir='ltr'>ordines</span> <span class='ocrx_word' id='word_1_276' title='bbox 310 3941 485 4013; x_wconf 84' lang='lat' dir='ltr'>singulariter</span> <span class='ocrx_word' id='word_1_277' title='bbox 497 3941 556 4012; x_wconf 86' lang='lat' dir='ltr'>ipse</span> <span class='ocrx_word' id='word_1_278' title='bbox 574 3937 744 4010; x_wconf 81' lang='lat' dir='ltr'>proveheret.</span> <span class='ocrx_word' id='word_1_279' title='bbox 756 3934 825 3993; x_wconf 87' lang='lat' dir='ltr'>lllud</span> <span class='ocrx_word' id='word_1_280' title='bbox 835 3935 875 3993; x_wconf 91' lang='lat' dir='ltr'>si·</span> <span class='ocrx_word' id='word_1_281' title='bbox 924 3945 1025 4003; x_wconf 85' lang='lat' dir='ltr'>tutum,</span> <span class='ocrx_word' id='word_1_282' title='bbox 1045 3938 1093 3995; x_wconf 88' lang='lat' dir='ltr'>sed</span> <span class='ocrx_word' id='word_1_283' title='bbox 1109 3937 1221 3994; x_wconf 73' lang='lat' dir='ltr'>mdiore</span> <span class='ocrx_word' id='word_1_284' title='bbox 1234 3938 1276 3993; x_wconf 83' lang='lat' dir='ltr'>sui</span> <span class='ocrx_word' id='word_1_285' title='bbox 1290 3945 1369 4009; x_wconf 88' lang='lat' dir='ltr'>parto</span> <span class='ocrx_word' id='word_1_286' title='bbox 1381 3938 1539 3995; x_wconf 72' lang='lat' dir='ltr'>coelestibus</span> <span class='ocrx_word' id='word_1_287' title='bbox 1553 3936 1726 3999; x_wconf 72' lang='lat' dir='ltr'>inhiantem*</span> 
     </span>
     <span class='ocr_line' id='line_1_26' title="bbox 77 4027 1719 4105; baseline -0.002 -15"><span class='ocrx_word' id='word_1_288' title='bbox 77 4033 196 4105; x_wconf 79' lang='lat' dir='ltr'>quidem</span> <span class='ocrx_word' id='word_1_289' title='bbox 208 4034 244 4089; x_wconf 86' lang='lat' dir='ltr'>de</span> <span class='ocrx_word' id='word_1_290' title='bbox 259 4034 311 4090; x_wconf 86' lang='lat' dir='ltr'>boc</span> <span class='ocrx_word' id='word_1_291' title='bbox 325 4033 385 4090; x_wconf 87' lang='lat' dir='ltr'>viro</span> <span class='ocrx_word' id='word_1_292' title='bbox 396 4032 492 4089; x_wconf 87' lang='lat' dir='ltr'>mirari</span> <span class='ocrx_word' id='word_1_293' title='bbox 510 4032 586 4095; x_wconf 87' lang='lat' dir='ltr'>libet,</span> <span class='ocrx_word' id='word_1_294' title='bbox 597 4029 671 4101; x_wconf 84' lang='lat' dir='ltr'>quod</span> <span class='ocrx_word' id='word_1_295' title='bbox 681 4029 710 4085; x_wconf 92' lang='lat' dir='ltr'>in</span> <span class='ocrx_word' id='word_1_296' title='bbox 726 4037 783 4084; x_wconf 78' lang='lat' dir='ltr'>tam</span> <span class='ocrx_word' id='word_1_297' title='bbox 797 4028 874 4085; x_wconf 87' lang='lat' dir='ltr'>brevi</span> <span class='ocrx_word' id='word_1_298' title='bbox 960 4027 993 4085; x_wconf 90' lang='lat' dir='ltr'>ll.</span> <span class='ocrx_word' id='word_1_299' title='bbox 1013 4027 1066 4097; x_wconf 81' lang='lat' dir='ltr'>Qui</span> <span class='ocrx_word' id='word_1_300' title='bbox 1081 4044 1144 4085; x_wconf 89' lang='lat' dir='ltr'>curn</span> <span class='ocrx_word' id='word_1_301' title='bbox 1159 4036 1288 4101; x_wconf 75' lang='lat' dir='ltr'>praesset</span> <span class='ocrx_word' id='word_1_302' title='bbox 1299 4030 1478 4097; x_wconf 77' lang='lat' dir='ltr'>monasterio,</span> <span class='ocrx_word' id='word_1_303' title='bbox 1498 4037 1614 4101; x_wconf 77' lang='lat' dir='ltr'>preerat</span> <span class='ocrx_word' id='word_1_304' title='bbox 1626 4039 1656 4088; x_wconf 91' lang='lat' dir='ltr'>et</span> <span class='ocrx_word' id='word_1_305' title='bbox 1667 4046 1719 4105; x_wconf 86' lang='lat' dir='ltr'>pa·</span> 
     </span>
     <span class='ocr_line' id='line_1_27' title="bbox 78 4120 1718 4196; baseline -0.001 -15"><span class='ocrx_word' id='word_1_306' title='bbox 78 4125 251 4196; x_wconf 79' lang='lat' dir='ltr'>corpusculo</span> <span class='ocrx_word' id='word_1_307' title='bbox 260 4125 342 4181; x_wconf 79' lang='lat' dir='ltr'>talem</span> <span class='ocrx_word' id='word_1_308' title='bbox 354 4131 454 4179; x_wconf 87' lang='lat' dir='ltr'>natura</span> <span class='ocrx_word' id='word_1_309' title='bbox 467 4122 642 4179; x_wconf 78' lang='lat' dir='ltr'>collocaverit</span> <span class='ocrx_word' id='word_1_310' title='bbox 656 4120 789 4185; x_wconf 74' lang='lat' dir='ltr'>aninum,</span> <span class='ocrx_word' id='word_1_311' title='bbox 817 4128 873 4175; x_wconf 73' lang='lat' dir='ltr'>mvn</span> <span class='ocrx_word' id='word_1_312' title='bbox 923 4122 1007 4188; x_wconf 87' lang='lat' dir='ltr'>latio,</span> <span class='ocrx_word' id='word_1_313' title='bbox 1020 4122 1114 4192; x_wconf 85' lang='lat' dir='ltr'>sicque</span> <span class='ocrx_word' id='word_1_314' title='bbox 1124 4122 1456 4194; x_wconf 79' lang='lat' dir='ltr'>utrumqnc&#39;dispensabat</span> <span class='ocrx_word' id='word_1_315' title='bbox 1472 4121 1605 4182; x_wconf 86' lang='lat' dir='ltr'>ollrcinrn.</span> <span class='ocrx_word' id='word_1_316' title='bbox 1621 4130 1651 4179; x_wconf 92' lang='lat' dir='ltr'>ut</span> <span class='ocrx_word' id='word_1_317' title='bbox 1665 4138 1718 4183; x_wconf 85' lang='lat' dir='ltr'>nec</span> 
     </span>
     <span class='ocr_line' id='line_1_28' title="bbox 78 4199 1715 4287; baseline -0.002 -14"><span class='ocrx_word' id='word_1_318' title='bbox 78 4214 248 4282; x_wconf 70' lang='lat' dir='ltr'>formosum,</span> <span class='ocrx_word' id='word_1_319' title='bbox 256 4223 314 4271; x_wconf 83' lang='lat' dir='ltr'>tarn</span> <span class='ocrx_word' id='word_1_320' title='bbox 328 4215 536 4287; x_wconf 76' lang='lat' dir='ltr'>magnum3nisi</span> <span class='ocrx_word' id='word_1_321' title='bbox 546 4214 619 4285; x_wconf 80' lang='lat' dir='ltr'>qood</span> <span class='ocrx_word' id='word_1_322' title='bbox 633 4211 736 4283; x_wconf 76' lang='lat' dir='ltr'>liquide</span> <span class='ocrx_word' id='word_1_323' title='bbox 743 4226 792 4282; x_wconf 88' lang='lat' dir='ltr'>per</span> <span class='ocrx_word' id='word_1_324' title='bbox 799 4199 873 4265; x_wconf 88' lang='lat' dir='ltr'>bunc</span> <span class='ocrx_word' id='word_1_325' title='bbox 924 4214 1001 4270; x_wconf 90' lang='lat' dir='ltr'>illum</span> <span class='ocrx_word' id='word_1_326' title='bbox 1013 4230 1029 4271; x_wconf 92' lang='lat' dir='ltr'>a</span> <span class='ocrx_word' id='word_1_327' title='bbox 1042 4214 1156 4271; x_wconf 87' lang='lat' dir='ltr'>claustri</span> <span class='ocrx_word' id='word_1_328' title='bbox 1170 4230 1235 4271; x_wconf 91' lang='lat' dir='ltr'>cura</span> <span class='ocrx_word' id='word_1_329' title='bbox 1249 4200 1408 4286; x_wconf 75' lang='lat' dir='ltr'>protuberet</span> <span class='ocrx_word' id='word_1_330' title='bbox 1421 4214 1510 4279; x_wconf 89' lang='lat' dir='ltr'>curia,</span> <span class='ocrx_word' id='word_1_331' title='bbox 1525 4230 1577 4270; x_wconf 90' lang='lat' dir='ltr'>nec</span> <span class='ocrx_word' id='word_1_332' title='bbox 1590 4230 1606 4271; x_wconf 93' lang='lat' dir='ltr'>a</span> <span class='ocrx_word' id='word_1_333' title='bbox 1620 4216 1715 4273; x_wconf 87' lang='lat' dir='ltr'>consi·</span> 
     </span>
     <span class='ocr_line' id='line_1_29' title="bbox 77 4300 1716 4377; baseline -0.002 -12"><span class='ocrx_word' id='word_1_334' title='bbox 77 4307 229 4365; x_wconf 83' lang='lat' dir='ltr'>ostendere</span> <span class='ocrx_word' id='word_1_335' title='bbox 242 4307 329 4363; x_wconf 88' lang='lat' dir='ltr'>voluit</span> <span class='ocrx_word' id='word_1_336' title='bbox 346 4322 428 4377; x_wconf 90' lang='lat' dir='ltr'>posse</span> <span class='ocrx_word' id='word_1_337' title='bbox 441 4306 495 4363; x_wconf 90' lang='lat' dir='ltr'>snb</span> <span class='ocrx_word' id='word_1_338' title='bbox 517 4303 640 4377; x_wconf 83' lang='lat' dir='ltr'>qualibet</span> <span class='ocrx_word' id='word_1_339' title='bbox 666 4310 730 4359; x_wconf 89' lang='lat' dir='ltr'>cote</span> <span class='ocrx_word' id='word_1_340' title='bbox 749 4300 873 4359; x_wconf 86' lang='lat' dir='ltr'>animum</span> <span class='ocrx_word' id='word_1_341' title='bbox 922 4304 968 4361; x_wconf 91' lang='lat' dir='ltr'>liis</span> <span class='ocrx_word' id='word_1_342' title='bbox 987 4303 1143 4375; x_wconf 88' lang='lat' dir='ltr'>principum</span> <span class='ocrx_word' id='word_1_343' title='bbox 1164 4305 1239 4361; x_wconf 87' lang='lat' dir='ltr'>hunc</span> <span class='ocrx_word' id='word_1_344' title='bbox 1247 4310 1392 4361; x_wconf 82' lang='lat' dir='ltr'>excusaret</span> <span class='ocrx_word' id='word_1_345' title='bbox 1407 4304 1614 4363; x_wconf 89' lang='lat' dir='ltr'>monasterium.</span> <span class='ocrx_word' id='word_1_346' title='bbox 1636 4304 1716 4363; x_wconf 89' lang='lat' dir='ltr'>llunc</span> 
     </span>
     <span class='ocr_line' id='line_1_30' title="bbox 77 4390 1716 4472; baseline -0.005 -19"><span class='ocrx_word' id='word_1_347' title='bbox 77 4399 168 4455; x_wconf 89' lang='lat' dir='ltr'>latere</span> <span class='ocrx_word' id='word_1_348' title='bbox 181 4398 460 4465; x_wconf 87' lang='lat' dir='ltr'>lormosissimum,et</span> <span class='ocrx_word' id='word_1_349' title='bbox 470 4393 871 4467; x_wconf 80' lang='lat' dir='ltr'>quovisloconascivirtutcrn;</span> <span class='ocrx_word' id='word_1_350' title='bbox 922 4390 1035 4469; x_wconf 87' lang='lat' dir='ltr'>propter</span> <span class='ocrx_word' id='word_1_351' title='bbox 1050 4398 1194 4469; x_wconf 71' lang='lat' dir='ltr'>magnilica</span> <span class='ocrx_word' id='word_1_352' title='bbox 1203 4404 1232 4455; x_wconf 86' lang='lat' dir='ltr'>ct</span> <span class='ocrx_word' id='word_1_353' title='bbox 1245 4405 1321 4454; x_wconf 82' lang='lat' dir='ltr'>recta</span> <span class='ocrx_word' id='word_1_354' title='bbox 1332 4398 1448 4455; x_wconf 88' lang='lat' dir='ltr'>consilia</span> <span class='ocrx_word' id='word_1_355' title='bbox 1465 4398 1593 4472; x_wconf 83' lang='lat' dir='ltr'>princeps</span> <span class='ocrx_word' id='word_1_356' title='bbox 1604 4416 1716 4457; x_wconf 63' lang='lat' dir='ltr'>venera.</span> 
     </span>
     <span class='ocr_line' id='line_1_31' title="bbox 77 4481 1716 4562; baseline -0.009 -17"><span class='ocrx_word' id='word_1_357' title='bbox 77 4499 108 4545; x_wconf 84' lang='lat' dir='ltr'>et</span> <span class='ocrx_word' id='word_1_358' title='bbox 120 4488 297 4545; x_wconf 83' lang='lat' dir='ltr'>utsciremos</span> <span class='ocrx_word' id='word_1_359' title='bbox 313 4486 446 4545; x_wconf 90' lang='lat' dir='ltr'>brevitate</span> <span class='ocrx_word' id='word_1_360' title='bbox 457 4486 581 4557; x_wconf 89' lang='lat' dir='ltr'>corporis</span> <span class='ocrx_word' id='word_1_361' title='bbox 593 4485 717 4541; x_wconf 86' lang='lat' dir='ltr'>animum</span> <span class='ocrx_word' id='word_1_362' title='bbox 731 4498 788 4538; x_wconf 89' lang='lat' dir='ltr'>non</span> <span class='ocrx_word' id='word_1_363' title='bbox 795 4481 873 4537; x_wconf 88' lang='lat' dir='ltr'>intir-</span> <span class='ocrx_word' id='word_1_364' title='bbox 921 4490 1004 4547; x_wconf 63' lang='lat' dir='ltr'>hacun</span> <span class='ocrx_word' id='word_1_365' title='bbox 1022 4497 1052 4546; x_wconf 71' lang='lat' dir='ltr'>uo</span> <span class='ocrx_word' id='word_1_366' title='bbox 1073 4499 1195 4562; x_wconf 61' lang='lat' dir='ltr'>patrem,</span> <span class='ocrx_word' id='word_1_367' title='bbox 1211 4490 1357 4547; x_wconf 52' lang='lat' dir='ltr'>serenatur</span> <span class='ocrx_word' id='word_1_368' title='bbox 1376 4496 1407 4545; x_wconf 73' lang='lat' dir='ltr'>uc</span> <span class='ocrx_word' id='word_1_369' title='bbox 1435 4488 1623 4561; x_wconf 53' lang='lat' dir='ltr'>paragogum,</span> <span class='ocrx_word' id='word_1_370' title='bbox 1643 4488 1716 4552; x_wconf 62' lang='lat' dir='ltr'>nup,</span> 
     </span>
     <span class='ocr_line' id='line_1_32' title="bbox 78 4573 1714 4656; baseline -0.005 -7"><span class='ocrx_word' id='word_1_371' title='bbox 78 4580 164 4648; x_wconf 57' lang='lat'>¹¹²5.</span> <span class='ocrx_word' id='word_1_372' title='bbox 179 4580 227 4638; x_wconf 55' lang='grc' dir='ltr'><em>Μ</em></span> <span class='ocrx_word' id='word_1_373' title='bbox 241 4578 326 4635; x_wconf 62' lang='lat' dir='ltr'>”timi</span> <span class='ocrx_word' id='word_1_374' title='bbox 341 4579 448 4635; x_wconf 73' lang='lat' dir='ltr'>viribus</span> <span class='ocrx_word' id='word_1_375' title='bbox 462 4592 563 4649; x_wconf 81' lang='lat' dir='ltr'>corpus</span> <span class='ocrx_word' id='word_1_376' title='bbox 575 4577 679 4633; x_wconf 82' lang='lat' dir='ltr'>ornari.</span> <span class='ocrx_word' id='word_1_377' title='bbox 690 4573 792 4631; x_wconf 81' lang='lat' dir='ltr'>Verum</span> <span class='ocrx_word' id='word_1_378' title='bbox 806 4574 872 4645; x_wconf 83' lang='lat' dir='ltr'>quia</span> <span class='ocrx_word' id='word_1_379' title='bbox 923 4581 1079 4641; x_wconf 88' lang='lat' dir='ltr'>advenienti</span> <span class='ocrx_word' id='word_1_380' title='bbox 1094 4583 1276 4655; x_wconf 70' lang='lat' dir='ltr'>assurgebant</span> <span class='ocrx_word' id='word_1_381' title='bbox 1290 4582 1431 4653; x_wconf 71' lang='lat' dir='ltr'>presules,</span> <span class='ocrx_word' id='word_1_382' title='bbox 1443 4588 1470 4639; x_wconf 88' lang='lat' dir='ltr'>ot</span> <span class='ocrx_word' id='word_1_383' title='bbox 1485 4583 1556 4639; x_wconf 87' lang='lat' dir='ltr'>inter</span> <span class='ocrx_word' id='word_1_384' title='bbox 1578 4582 1639 4641; x_wconf 90' lang='lat' dir='ltr'>illos</span> <span class='ocrx_word' id='word_1_385' title='bbox 1653 4585 1714 4656; x_wconf 93' lang='lat' dir='ltr'>pri·</span> 
     </span>
     <span class='ocr_line' id='line_1_33' title="bbox 78 4672 1715 4749; baseline -0.003 -15"><span class='ocrx_word' id='word_1_386' title='bbox 78 4675 180 4735; x_wconf 75' lang='lat' dir='ltr'>[alsam</span> <span class='ocrx_word' id='word_1_387' title='bbox 190 4677 225 4733; x_wconf 90' lang='lat' dir='ltr'>de</span> <span class='ocrx_word' id='word_1_388' title='bbox 238 4677 286 4732; x_wconf 90' lang='lat' dir='ltr'>illo</span> <span class='ocrx_word' id='word_1_389' title='bbox 298 4674 456 4749; x_wconf 86' lang='lat' dir='ltr'>opinionem</span> <span class='ocrx_word' id='word_1_390' title='bbox 481 4674 512 4730; x_wconf 90' lang='lat' dir='ltr'>in</span> <span class='ocrx_word' id='word_1_391' title='bbox 538 4673 719 4746; x_wconf 82' lang='lat' dir='ltr'>quorumdam</span> <span class='ocrx_word' id='word_1_392' title='bbox 741 4672 872 4729; x_wconf 85' lang='lat' dir='ltr'>cordibus</span> <span class='ocrx_word' id='word_1_393' title='bbox 922 4692 984 4743; x_wconf 85' lang='lat' dir='ltr'>mus</span> <span class='ocrx_word' id='word_1_394' title='bbox 997 4675 1144 4735; x_wconf 86' lang='lat' dir='ltr'>residebat.</span> <span class='ocrx_word' id='word_1_395' title='bbox 1159 4672 1227 4729; x_wconf 79' lang='lat' dir='ltr'>Nam</span> <span class='ocrx_word' id='word_1_396' title='bbox 1242 4672 1350 4744; x_wconf 86' lang='lat' dir='ltr'>quoties</span> <span class='ocrx_word' id='word_1_397' title='bbox 1365 4672 1526 4743; x_wconf 85' lang='lat' dir='ltr'>urgentibus</span> <span class='ocrx_word' id='word_1_398' title='bbox 1540 4673 1616 4745; x_wconf 90' lang='lat' dir='ltr'>regni</span> <span class='ocrx_word' id='word_1_399' title='bbox 1631 4688 1715 4745; x_wconf 85' lang='lat' dir='ltr'>nego-</span> 
     </span>
     <span class='ocr_line' id='line_1_34' title="bbox 75 4762 1714 4837; baseline -0.007 -10"><span class='ocrx_word' id='word_1_400' title='bbox 75 4766 257 4827; x_wconf 82' lang='lat' dir='ltr'>convaluisse</span> <span class='ocrx_word' id='word_1_401' title='bbox 268 4768 337 4833; x_wconf 90' lang='lat' dir='ltr'>scio,</span> <span class='ocrx_word' id='word_1_402' title='bbox 354 4765 422 4823; x_wconf 90' lang='lat' dir='ltr'>illud</span> <span class='ocrx_word' id='word_1_403' title='bbox 436 4763 590 4830; x_wconf 89' lang='lat' dir='ltr'>sciendum,</span> <span class='ocrx_word' id='word_1_404' title='bbox 604 4764 745 4820; x_wconf 86' lang='lat' dir='ltr'>absentem</span> <span class='ocrx_word' id='word_1_405' title='bbox 760 4762 871 4817; x_wconf 87' lang='lat' dir='ltr'>huncet</span> <span class='ocrx_word' id='word_1_406' title='bbox 922 4769 969 4827; x_wconf 69' lang='lat' dir='ltr'>uis</span> <span class='ocrx_word' id='word_1_407' title='bbox 983 4767 1072 4824; x_wconf 62' lang='lat' dir='ltr'>oncant</span> <span class='ocrx_word' id='word_1_408' title='bbox 1099 4765 1292 4823; x_wconf 75' lang='lat' dir='ltr'>convenissent</span> <span class='ocrx_word' id='word_1_409' title='bbox 1314 4764 1446 4837; x_wconf 77' lang='lat' dir='ltr'>episcopi,</span> <span class='ocrx_word' id='word_1_410' title='bbox 1467 4765 1626 4823; x_wconf 71' lang='lat' dir='ltr'>consulente</span> <span class='ocrx_word' id='word_1_411' title='bbox 1652 4767 1714 4825; x_wconf 63' lang='lat' dir='ltr'>illos</span> 
     </span>
     <span class='ocr_line' id='line_1_35' title="bbox 74 4854 1715 4934; baseline -0.004 -16"><span class='ocrx_word' id='word_1_412' title='bbox 74 4863 163 4933; x_wconf 85' lang='lat' dir='ltr'>longe</span> <span class='ocrx_word' id='word_1_413' title='bbox 175 4862 295 4934; x_wconf 88' lang='lat' dir='ltr'>positum</span> <span class='ocrx_word' id='word_1_414' title='bbox 309 4861 345 4916; x_wconf 90' lang='lat' dir='ltr'>ad</span> <span class='ocrx_word' id='word_1_415' title='bbox 356 4858 478 4931; x_wconf 86' lang='lat' dir='ltr'>regimen</span> <span class='ocrx_word' id='word_1_416' title='bbox 496 4864 622 4915; x_wconf 84' lang='lat' dir='ltr'>vocatum</span> <span class='ocrx_word' id='word_1_417' title='bbox 646 4855 741 4919; x_wconf 87' lang='lat' dir='ltr'>luisse,</span> <span class='ocrx_word' id='word_1_418' title='bbox 764 4854 803 4909; x_wconf 95' lang='lat' dir='ltr'>nil</span> <span class='ocrx_word' id='word_1_419' title='bbox 817 4854 873 4911; x_wconf 87' lang='lat' dir='ltr'>tale</span> <span class='ocrx_word' id='word_1_420' title='bbox 921 4860 1056 4933; x_wconf 80' lang='lat' dir='ltr'>principe,</span> <span class='ocrx_word' id='word_1_421' title='bbox 1074 4859 1149 4915; x_wconf 90' lang='lat' dir='ltr'>bunc</span> <span class='ocrx_word' id='word_1_422' title='bbox 1173 4872 1224 4928; x_wconf 93' lang='lat' dir='ltr'>pro</span> <span class='ocrx_word' id='word_1_423' title='bbox 1246 4864 1359 4928; x_wconf 84' lang='lat' dir='ltr'>experta</span> <span class='ocrx_word' id='word_1_424' title='bbox 1383 4864 1411 4913; x_wconf 88' lang='lat' dir='ltr'>et</span> <span class='ocrx_word' id='word_1_425' title='bbox 1432 4856 1546 4929; x_wconf 87' lang='lat' dir='ltr'>probata</span> <span class='ocrx_word' id='word_1_426' title='bbox 1569 4858 1715 4929; x_wconf 79' lang='lat' dir='ltr'>prudentio</span> 
     </span>
     <span class='ocr_line' id='line_1_36' title="bbox 75 4935 1714 5024; baseline -0.001 -15"><span class='ocrx_word' id='word_1_427' title='bbox 75 4951 335 5024; x_wconf 86' lang='lat' dir='ltr'>suspicantem,sed</span> <span class='ocrx_word' id='word_1_428' title='bbox 344 4960 373 5022; x_wconf 85' lang='lat' dir='ltr'>et</span> <span class='ocrx_word' id='word_1_429' title='bbox 383 4950 535 5009; x_wconf 80' lang='lat' dir='ltr'>accessisse</span> <span class='ocrx_word' id='word_1_430' title='bbox 545 4947 734 5007; x_wconf 79' lang='lat' dir='ltr'>invisumtloc</span> <span class='ocrx_word' id='word_1_431' title='bbox 741 4946 781 5003; x_wconf 92' lang='lat' dir='ltr'>illi</span> <span class='ocrx_word' id='word_1_432' title='bbox 792 4947 872 5003; x_wconf 88' lang='lat' dir='ltr'>reniti</span> <span class='ocrx_word' id='word_1_433' title='bbox 886 4935 907 4995; x_wconf 77' lang='lat' dir='ltr'>C</span> <span class='ocrx_word' id='word_1_434' title='bbox 924 4968 1009 5009; x_wconf 88' lang='lat' dir='ltr'>nnnm</span> <span class='ocrx_word' id='word_1_435' title='bbox 1024 4967 1074 5023; x_wconf 92' lang='lat' dir='ltr'>pro</span> <span class='ocrx_word' id='word_1_436' title='bbox 1086 4950 1214 5007; x_wconf 86' lang='lat' dir='ltr'>omnibus</span> <span class='ocrx_word' id='word_1_437' title='bbox 1223 4964 1355 5020; x_wconf 84' lang='lat' dir='ltr'>responsa</span> <span class='ocrx_word' id='word_1_438' title='bbox 1368 4948 1434 5005; x_wconf 86' lang='lat' dir='ltr'>dare</span> <span class='ocrx_word' id='word_1_439' title='bbox 1445 4949 1613 5007; x_wconf 86' lang='lat' dir='ltr'>unanimiter</span> <span class='ocrx_word' id='word_1_440' title='bbox 1638 4966 1714 5007; x_wconf 88' lang='lat' dir='ltr'>com·</span> 
     </span>
     <span class='ocr_line' id='line_1_37' title="bbox 75 5038 1711 5117; baseline -0.003 -12"><span class='ocrx_word' id='word_1_441' title='bbox 75 5045 170 5113; x_wconf 81' lang='lat' dir='ltr'>licuit,</span> <span class='ocrx_word' id='word_1_442' title='bbox 181 5051 230 5101; x_wconf 88' lang='lat' dir='ltr'>aut</span> <span class='ocrx_word' id='word_1_443' title='bbox 242 5046 362 5103; x_wconf 83' lang='lat' dir='ltr'>obscure</span> <span class='ocrx_word' id='word_1_444' title='bbox 372 5044 457 5101; x_wconf 87' lang='lat' dir='ltr'>vitam</span> <span class='ocrx_word' id='word_1_445' title='bbox 471 5044 634 5115; x_wconf 72' lang='lat' dir='ltr'>transigere,</span> <span class='ocrx_word' id='word_1_446' title='bbox 644 5057 679 5099; x_wconf 91' lang='lat' dir='ltr'>eo</span> <span class='ocrx_word' id='word_1_447' title='bbox 688 5040 761 5113; x_wconf 77' lang='lat' dir='ltr'>guod</span> <span class='ocrx_word' id='word_1_448' title='bbox 772 5042 800 5097; x_wconf 88' lang='lat' dir='ltr'>in</span> <span class='ocrx_word' id='word_1_449' title='bbox 812 5056 870 5097; x_wconf 88' lang='lat' dir='ltr'>mo·</span> <span class='ocrx_word' id='word_1_450' title='bbox 921 5044 1070 5117; x_wconf 83' lang='lat' dir='ltr'>pellebant.</span> <span class='ocrx_word' id='word_1_451' title='bbox 1088 5042 1187 5099; x_wconf 79' lang='lat' dir='ltr'>Verbis</span> <span class='ocrx_word' id='word_1_452' title='bbox 1199 5040 1285 5103; x_wconf 89' lang='lat' dir='ltr'>illius,</span> <span class='ocrx_word' id='word_1_453' title='bbox 1301 5047 1331 5096; x_wconf 91' lang='lat' dir='ltr'>ut</span> <span class='ocrx_word' id='word_1_454' title='bbox 1345 5039 1378 5095; x_wconf 89' lang='lat' dir='ltr'>de</span> <span class='ocrx_word' id='word_1_455' title='bbox 1393 5054 1423 5097; x_wconf 91' lang='lat' dir='ltr'>se</span> <span class='ocrx_word' id='word_1_456' title='bbox 1435 5038 1488 5095; x_wconf 84' lang='lat' dir='ltr'>lob</span> <span class='ocrx_word' id='word_1_457' title='bbox 1497 5048 1613 5097; x_wconf 87' lang='lat' dir='ltr'>testatur</span> <span class='ocrx_word' id='word_1_458' title='bbox 1632 5039 1711 5113; x_wconf 70' lang='lat' dir='ltr'>torp.</span> 
     </span>
     <span class='ocr_line' id='line_1_38' title="bbox 74 5130 1713 5211; baseline -0.007 -13"><span class='ocrx_word' id='word_1_459' title='bbox 74 5141 158 5199; x_wconf 67' lang='lat' dir='ltr'>mum</span> <span class='ocrx_word' id='word_1_460' title='bbox 169 5140 228 5211; x_wconf 83' lang='lat' dir='ltr'>jaro</span> <span class='ocrx_word' id='word_1_461' title='bbox 238 5141 315 5197; x_wconf 87' lang='lat' dir='ltr'>illum</span> <span class='ocrx_word' id='word_1_462' title='bbox 328 5139 489 5211; x_wconf 88' lang='lat' dir='ltr'>protulisset</span> <span class='ocrx_word' id='word_1_463' title='bbox 502 5137 603 5210; x_wconf 83' lang='lat' dir='ltr'>ingenii</span> <span class='ocrx_word' id='word_1_464' title='bbox 615 5137 695 5208; x_wconf 90' lang='lat' dir='ltr'>vigor</span> <span class='ocrx_word' id='word_1_465' title='bbox 703 5142 733 5193; x_wconf 88' lang='lat' dir='ltr'>et</span> <span class='ocrx_word' id='word_1_466' title='bbox 739 5132 868 5199; x_wconf 87' lang='lat' dir='ltr'>eruditio,</span> <span class='ocrx_word' id='word_1_467' title='bbox 922 5135 1015 5207; x_wconf 84' lang='lat' dir='ltr'>xrrx),</span> <span class='ocrx_word' id='word_1_468' title='bbox 1030 5133 1131 5191; x_wconf 88' lang='lat' dir='ltr'>addere</span> <span class='ocrx_word' id='word_1_469' title='bbox 1142 5132 1212 5189; x_wconf 93' lang='lat' dir='ltr'>nihil</span> <span class='ocrx_word' id='word_1_470' title='bbox 1220 5132 1366 5197; x_wconf 87' lang='lat' dir='ltr'>audebant,</span> <span class='ocrx_word' id='word_1_471' title='bbox 1382 5146 1444 5187; x_wconf 88' lang='lat' dir='ltr'>curn</span> <span class='ocrx_word' id='word_1_472' title='bbox 1466 5146 1549 5203; x_wconf 86' lang='lat' dir='ltr'>super</span> <span class='ocrx_word' id='word_1_473' title='bbox 1572 5131 1634 5187; x_wconf 90' lang='lat' dir='ltr'>illos</span> <span class='ocrx_word' id='word_1_474' title='bbox 1651 5130 1713 5189; x_wconf 88' lang='lat' dir='ltr'>stil-</span> 
     </span>
     <span class='ocr_line' id='line_1_39' title="bbox 30 5221 1713 5305; baseline -0.008 -14"><span class='ocrx_word' id='word_1_475' title='bbox 30 5243 31 5254; x_wconf 72' lang='grc'>’</span> <span class='ocrx_word' id='word_1_476' title='bbox 74 5234 123 5291; x_wconf 87' lang='lat' dir='ltr'>vel</span> <span class='ocrx_word' id='word_1_477' title='bbox 133 5247 296 5305; x_wconf 79' lang='lat' dir='ltr'>magnorum</span> <span class='ocrx_word' id='word_1_478' title='bbox 310 5232 432 5289; x_wconf 88' lang='lat' dir='ltr'>virorum</span> <span class='ocrx_word' id='word_1_479' title='bbox 445 5230 552 5287; x_wconf 88' lang='lat' dir='ltr'>nobiles</span> <span class='ocrx_word' id='word_1_480' title='bbox 565 5227 701 5294; x_wconf 87' lang='lat' dir='ltr'>amicitiae,</span> <span class='ocrx_word' id='word_1_481' title='bbox 726 5226 783 5282; x_wconf 87' lang='lat' dir='ltr'>imo</span> <span class='ocrx_word' id='word_1_482' title='bbox 795 5223 870 5297; x_wconf 83' lang='lat' dir='ltr'>guod</span> <span class='ocrx_word' id='word_1_483' title='bbox 920 5225 1138 5297; x_wconf 74' lang='lat' dir='ltr'>lareteloquium</span> <span class='ocrx_word' id='word_1_484' title='bbox 1151 5221 1574 5295; x_wconf 75' lang='lat' dir='ltr'>eiusPcrbuncclamorpupilli</span> <span class='ocrx_word' id='word_1_485' title='bbox 1588 5230 1713 5279; x_wconf 89' lang='lat' dir='ltr'>etcausa</span> 
     </span>
     <span class='ocr_line' id='line_1_40' title="bbox 74 5312 1713 5400; baseline -0.011 -14"><span class='ocrx_word' id='word_1_486' title='bbox 74 5344 167 5400; x_wconf 80' lang='lat' dir='ltr'>sopra</span> <span class='ocrx_word' id='word_1_487' title='bbox 180 5328 240 5385; x_wconf 80' lang='lat' dir='ltr'>brec</span> <span class='ocrx_word' id='word_1_488' title='bbox 250 5326 343 5385; x_wconf 86' lang='lat' dir='ltr'>omnia</span> <span class='ocrx_word' id='word_1_489' title='bbox 357 5332 411 5392; x_wconf 85' lang='lat' dir='ltr'>est,</span> <span class='ocrx_word' id='word_1_490' title='bbox 424 5324 516 5381; x_wconf 87' lang='lat' dir='ltr'>divina</span> <span class='ocrx_word' id='word_1_491' title='bbox 527 5322 706 5393; x_wconf 86' lang='lat' dir='ltr'>dispensatio,</span> <span class='ocrx_word' id='word_1_492' title='bbox 721 5334 783 5391; x_wconf 78' lang='lat' dir='ltr'>gnae</span> <span class='ocrx_word' id='word_1_493' title='bbox 796 5317 871 5374; x_wconf 87' lang='lat' dir='ltr'>bunc</span> <span class='ocrx_word' id='word_1_494' title='bbox 921 5316 1011 5376; x_wconf 75' lang='lat' dir='ltr'>viduos</span> <span class='ocrx_word' id='word_1_495' title='bbox 1029 5314 1254 5388; x_wconf 71' lang='lat' dir='ltr'>ingrediebantur</span> <span class='ocrx_word' id='word_1_496' title='bbox 1266 5312 1301 5369; x_wconf 86' lang='lat' dir='ltr'>ad</span> <span class='ocrx_word' id='word_1_497' title='bbox 1311 5312 1477 5385; x_wconf 72' lang='lat' dir='ltr'>principem,</span> <span class='ocrx_word' id='word_1_498' title='bbox 1490 5318 1518 5369; x_wconf 92' lang='lat' dir='ltr'>et</span> <span class='ocrx_word' id='word_1_499' title='bbox 1533 5327 1582 5383; x_wconf 95' lang='lat' dir='ltr'>pro</span> <span class='ocrx_word' id='word_1_500' title='bbox 1593 5312 1636 5369; x_wconf 88' lang='lat' dir='ltr'>tris</span> <span class='ocrx_word' id='word_1_501' title='bbox 1653 5312 1713 5385; x_wconf 84' lang='lat' dir='ltr'>qui·</span> 
     </span>
     <span class='ocr_line' id='line_1_41' title="bbox 73 5404 1710 5485; baseline -0.011 -7"><span class='ocrx_word' id='word_1_502' title='bbox 73 5417 338 5477; x_wconf 70' lang='lat' dir='ltr'>Ecdosiaesrmvas</span> <span class='ocrx_word' id='word_1_503' title='bbox 355 5415 385 5471; x_wconf 91' lang='lat' dir='ltr'>in</span> <span class='ocrx_word' id='word_1_504' title='bbox 406 5415 539 5471; x_wconf 89' lang='lat' dir='ltr'>bonorem</span> <span class='ocrx_word' id='word_1_505' title='bbox 556 5417 764 5485; x_wconf 79' lang='lat' dir='ltr'>preparaverat.</span> <span class='ocrx_word' id='word_1_506' title='bbox 782 5406 871 5464; x_wconf 84' lang='lat' dir='ltr'>Tanta</span> <span class='ocrx_word' id='word_1_507' title='bbox 922 5408 984 5469; x_wconf 87' lang='lat' dir='ltr'>dem</span> <span class='ocrx_word' id='word_1_508' title='bbox 1000 5424 1108 5481; x_wconf 84' lang='lat' dir='ltr'>semper</span> <span class='ocrx_word' id='word_1_509' title='bbox 1122 5406 1330 5473; x_wconf 90' lang='lat' dir='ltr'>interveniebat,</span> <span class='ocrx_word' id='word_1_510' title='bbox 1345 5404 1492 5477; x_wconf 85' lang='lat' dir='ltr'>aliquando</span> <span class='ocrx_word' id='word_1_511' title='bbox 1502 5420 1568 5462; x_wconf 89' lang='lat' dir='ltr'>vero</span> <span class='ocrx_word' id='word_1_512' title='bbox 1592 5405 1710 5479; x_wconf 87' lang='lat' dir='ltr'>impera-</span> 
     </span>
     <span class='ocr_line' id='line_1_42' title="bbox 73 5496 1711 5575; baseline -0.007 -7"><span class='ocrx_word' id='word_1_513' title='bbox 73 5511 154 5569; x_wconf 88' lang='lat' dir='ltr'>enim</span> <span class='ocrx_word' id='word_1_514' title='bbox 166 5510 245 5567; x_wconf 88' lang='lat' dir='ltr'>illurn</span> <span class='ocrx_word' id='word_1_515' title='bbox 257 5508 355 5567; x_wconf 84' lang='lat' dir='ltr'>notitia</span> <span class='ocrx_word' id='word_1_516' title='bbox 368 5508 518 5572; x_wconf 73' lang='lat' dir='ltr'>inusserat,</span> <span class='ocrx_word' id='word_1_517' title='bbox 531 5514 562 5561; x_wconf 90' lang='lat' dir='ltr'>ut</span> <span class='ocrx_word' id='word_1_518' title='bbox 573 5505 657 5561; x_wconf 88' lang='lat' dir='ltr'>etiam</span> <span class='ocrx_word' id='word_1_519' title='bbox 671 5503 695 5559; x_wconf 89' lang='lat' dir='ltr'>si</span> <span class='ocrx_word' id='word_1_520' title='bbox 709 5503 737 5559; x_wconf 88' lang='lat' dir='ltr'>in</span> <span class='ocrx_word' id='word_1_521' title='bbox 748 5508 871 5560; x_wconf 86' lang='lat' dir='ltr'>extrema</span> <span class='ocrx_word' id='word_1_522' title='bbox 921 5502 977 5560; x_wconf 88' lang='lat' dir='ltr'>bat.</span> <span class='ocrx_word' id='word_1_523' title='bbox 990 5501 1059 5570; x_wconf 79' lang='lat' dir='ltr'>ouis</span> <span class='ocrx_word' id='word_1_524' title='bbox 1074 5516 1195 5575; x_wconf 82' lang='lat' dir='ltr'>unquam</span> <span class='ocrx_word' id='word_1_525' title='bbox 1213 5514 1363 5571; x_wconf 88' lang='lat' dir='ltr'>oppressus</span> <span class='ocrx_word' id='word_1_526' title='bbox 1382 5505 1411 5555; x_wconf 89' lang='lat' dir='ltr'>et</span> <span class='ocrx_word' id='word_1_527' title='bbox 1425 5496 1555 5569; x_wconf 76' lang='lat' dir='ltr'>injuriam</span> <span class='ocrx_word' id='word_1_528' title='bbox 1571 5498 1711 5557; x_wconf 85' lang='lat' dir='ltr'>sustinens</span> 
     </span>
     <span class='ocr_line' id='line_1_43' title="bbox 75 5589 1711 5673; baseline -0.008 -11"><span class='ocrx_word' id='word_1_529' title='bbox 75 5604 289 5666; x_wconf 79' lang='lat' dir='ltr'>reconderetur,</span> <span class='ocrx_word' id='word_1_530' title='bbox 300 5602 418 5673; x_wconf 84' lang='lat' dir='ltr'>prlstim</span> <span class='ocrx_word' id='word_1_531' title='bbox 429 5608 522 5658; x_wconf 87' lang='lat' dir='ltr'>tamen</span> <span class='ocrx_word' id='word_1_532' title='bbox 537 5600 613 5655; x_wconf 89' lang='lat' dir='ltr'>illum</span> <span class='ocrx_word' id='word_1_533' title='bbox 624 5598 746 5671; x_wconf 85' lang='lat' dir='ltr'>probitas</span> <span class='ocrx_word' id='word_1_534' title='bbox 760 5598 873 5656; x_wconf 88' lang='lat' dir='ltr'>demon·</span> <span class='ocrx_word' id='word_1_535' title='bbox 922 5610 979 5653; x_wconf 89' lang='lat' dir='ltr'>non</span> <span class='ocrx_word' id='word_1_536' title='bbox 992 5595 1068 5653; x_wconf 85' lang='lat' dir='ltr'>lrrnrc</span> <span class='ocrx_word' id='word_1_537' title='bbox 1081 5605 1226 5667; x_wconf 86' lang='lat' dir='ltr'>patronum</span> <span class='ocrx_word' id='word_1_538' title='bbox 1240 5593 1345 5657; x_wconf 85' lang='lat' dir='ltr'>babuit,</span> <span class='ocrx_word' id='word_1_539' title='bbox 1361 5592 1385 5650; x_wconf 92' lang='lat' dir='ltr'>si</span> <span class='ocrx_word' id='word_1_540' title='bbox 1401 5590 1482 5651; x_wconf 88' lang='lat' dir='ltr'>modo</span> <span class='ocrx_word' id='word_1_541' title='bbox 1495 5591 1611 5648; x_wconf 84' lang='lat' dir='ltr'>honesta</span> <span class='ocrx_word' id='word_1_542' title='bbox 1637 5589 1711 5649; x_wconf 87' lang='lat' dir='ltr'>illius</span> 
     </span>
     <span class='ocr_line' id='line_1_44' title="bbox 75 5680 1711 5765; baseline -0.01 -12"><span class='ocrx_word' id='word_1_543' title='bbox 75 5699 194 5761; x_wconf 80' lang='lat' dir='ltr'>straret,</span> <span class='ocrx_word' id='word_1_544' title='bbox 207 5695 367 5753; x_wconf 73' lang='lat' dir='ltr'>stvirnoes</span> <span class='ocrx_word' id='word_1_545' title='bbox 386 5691 545 5765; x_wconf 88' lang='lat' dir='ltr'>proderent,</span> <span class='ocrx_word' id='word_1_546' title='bbox 567 5692 597 5749; x_wconf 90' lang='lat' dir='ltr'>io</span> <span class='ocrx_word' id='word_1_547' title='bbox 621 5690 723 5763; x_wconf 81' lang='lat' dir='ltr'>guibm</span> <span class='ocrx_word' id='word_1_548' title='bbox 750 5706 872 5762; x_wconf 76' lang='lat' dir='ltr'>apsero</span> <span class='ocrx_word' id='word_1_549' title='bbox 922 5680 1711 5760; x_wconf 71' lang='lat' dir='ltr'>mummstitittllurnqueabeojurajdictarentur,nullo</span> 
     </span>
     <span class='ocr_line' id='line_1_45' title="bbox 73 5774 1710 5854; baseline -0.012 -10"><span class='ocrx_word' id='word_1_550' title='bbox 73 5786 250 5844; x_wconf 79' lang='lat' dir='ltr'>exercitatus</span> <span class='ocrx_word' id='word_1_551' title='bbox 269 5785 368 5843; x_wconf 80' lang='lat' dir='ltr'>tuerat.</span> <span class='ocrx_word' id='word_1_552' title='bbox 393 5781 481 5841; x_wconf 74' lang='lat' dir='ltr'>lanta</span> <span class='ocrx_word' id='word_1_553' title='bbox 494 5782 574 5841; x_wconf 86' lang='lat' dir='ltr'>illurn</span> <span class='ocrx_word' id='word_1_554' title='bbox 593 5781 641 5839; x_wconf 84' lang='lat' dir='ltr'>lun</span> <span class='ocrx_word' id='word_1_555' title='bbox 653 5786 767 5854; x_wconf 89' lang='lat' dir='ltr'>propter</span> <span class='ocrx_word' id='word_1_556' title='bbox 782 5778 871 5852; x_wconf 80' lang='lat' dir='ltr'>prima</span> <span class='ocrx_word' id='word_1_557' title='bbox 922 5789 1044 5850; x_wconf 70' lang='lat' dir='ltr'>unquam</span> <span class='ocrx_word' id='word_1_558' title='bbox 1058 5778 1147 5849; x_wconf 85' lang='lat' dir='ltr'>pretio</span> <span class='ocrx_word' id='word_1_559' title='bbox 1161 5778 1309 5835; x_wconf 85' lang='lat' dir='ltr'>declinavit</span> <span class='ocrx_word' id='word_1_560' title='bbox 1321 5791 1340 5833; x_wconf 90' lang='lat' dir='ltr'>a</span> <span class='ocrx_word' id='word_1_561' title='bbox 1353 5782 1440 5843; x_wconf 83' lang='lat' dir='ltr'>recto,</span> <span class='ocrx_word' id='word_1_562' title='bbox 1456 5774 1560 5831; x_wconf 87' lang='lat' dir='ltr'>nullius</span> <span class='ocrx_word' id='word_1_563' title='bbox 1567 5785 1710 5846; x_wconf 69' lang='lat' dir='ltr'>personum</span> 
     </span>
     <span class='ocr_line' id='line_1_46' title="bbox 73 5868 1709 5950; baseline -0.012 -13"><span class='ocrx_word' id='word_1_564' title='bbox 73 5886 106 5937; x_wconf 83' lang='lat' dir='ltr'>st</span> <span class='ocrx_word' id='word_1_565' title='bbox 118 5879 228 5950; x_wconf 82' lang='lat' dir='ltr'>integro</span> <span class='ocrx_word' id='word_1_566' title='bbox 237 5876 354 5933; x_wconf 77' lang='lat' dir='ltr'>masilia</span> <span class='ocrx_word' id='word_1_567' title='bbox 367 5873 603 5948; x_wconf 80' lang='lat' dir='ltr'>circumlulgcbot,</span> <span class='ocrx_word' id='word_1_568' title='bbox 612 5883 643 5932; x_wconf 91' lang='lat' dir='ltr'>ot</span> <span class='ocrx_word' id='word_1_569' title='bbox 655 5873 781 5949; x_wconf 69' lang='lat' dir='ltr'>mansis</span> <span class='ocrx_word' id='word_1_570' title='bbox 791 5872 873 5930; x_wconf 85' lang='lat' dir='ltr'>vellet</span> <span class='ocrx_word' id='word_1_571' title='bbox 922 5868 1045 5943; x_wconf 79' lang='lat' dir='ltr'>respexit</span> <span class='ocrx_word' id='word_1_572' title='bbox 1058 5868 1210 5941; x_wconf 76' lang='lat' dir='ltr'>injudicio,</span> <span class='ocrx_word' id='word_1_573' title='bbox 1224 5884 1275 5925; x_wconf 87' lang='lat' dir='ltr'>nec</span> <span class='ocrx_word' id='word_1_574' title='bbox 1288 5868 1516 5934; x_wconf 83' lang='lat' dir='ltr'>dilenitmuners,</span> <span class='ocrx_word' id='word_1_575' title='bbox 1533 5877 1585 5921; x_wconf 88' lang='lat' dir='ltr'>nec</span> <span class='ocrx_word' id='word_1_576' title='bbox 1599 5868 1709 5919; x_wconf 78' lang='lat' dir='ltr'>secono</span> 
     </span>
     <span class='ocr_line' id='line_1_47' title="bbox 200 5959 1572 6032; baseline -0.008 -1"><span class='ocrx_word' id='word_1_577' title='bbox 200 5970 340 6032; x_wconf 78' lang='lat' dir='ltr'>Parnon.</span> <span class='ocrx_word' id='word_1_578' title='bbox 362 5968 558 6031; x_wconf 79' lang='lat' dir='ltr'>ctxxxvl.</span> <span class='ocrx_word' id='word_1_579' title='bbox 1532 5959 1572 6021; x_wconf 80' lang='lat'>³8</span> 
     </span>
    </p>
   </div>
   <div class='ocr_carea' id='block_1_8' title="bbox 0 0 1988 6330">
    <p class='ocr_par' dir='ltr' id='par_1_8' title="bbox 0 0 1988 6330">
     <span class='ocr_line' id='line_1_48' title="bbox 0 0 1988 6330; baseline 0 0"><span class='ocrx_word' id='word_1_580' title='bbox 0 0 1988 6330; x_wconf 95' lang='lat' dir='ltr'> </span> 
     </span>
    </p>
   </div>
  </div>
 </body>
</html>
