3967 6334
287 331 360 396 tosa
721 332 768 388 sn
789 329 942 389 aonsnn
959 327 1061 389 ruunt
1081 321 1351 389 suntnurunuu
1369 317 1493 390 bunos
1814 341 1863 410 qq

307 449 372 505 tur.
381 442 510 504 Florebat
516 443 816 518 lheophylactusanno
824 443 904 509 loro,
915 442 1084 500 Pullusvero
1097 449 1122 507 Α
1133 449 1221 500 retur.
1235 441 1279 500 lla
1292 458 1357 500 uero
1370 443 1465 501 carnis
1479 445 1638 517 assumptio,
1652 447 1865 520 sturminium

308 520 370 583 130,
386 527 414 575 es
426 519 508 575 utura,
588 541 592 549 ·
1130 515 1315 638 precesserit,
1330 529 1426 580 necne,
1455 530 1590 587 nusquam
1603 517 1631 572 in
1643 519 1754 577 conciliis
1763 523 1866 588 ticinium

324 589 358 644 Et
371 588 482 660 quidem
500 587 525 644 si
539 603 618 646 mens
627 585 807 641 conciliorum
819 594 847 641 et
858 583 970 640 Patrum
984 584 1082 640 libera·
1141 586 1231 656 egeris
1243 603 1250 653 ;
1264 592 1311 641 aut
1319 586 1341 641 si
1351 585 1417 656 quid
1439 584 1492 640 iam
1503 585 1714 659 proferuntquod
1727 591 1815 652 inbane
1825 616 1866 658 reu

287 659 474 718 liordoctrina
484 659 604 730 penitius
613 658 797 728 inspiciantur
807 657 841 710 ab
851 655 886 710 iis
895 655 1022 711 omuibus
1032 655 1080 725 qui
1130 669 1192 712 esse
1206 655 1347 720 uideatur,
1371 601 1447 711 nulfo
1467 655 1496 712 id
1512 672 1616 712 canone
1634 668 1678 714 aut
1697 658 1776 732 aliquo
1787 665 1868 730 durato

288 733 358 788 citra
372 728 560 802 praejudicium
572 728 688 800 quodvis
701 742 793 783 rerum
809 726 931 781 omnium
942 733 1080 780 momenta
1131 726 1268 782 sancitum
1280 745 1287 791 ;
1308 727 1356 783 sed
1370 742 1403 782 eo
1418 726 1498 783 modo
1513 727 1615 782 dictum
1628 729 1748 800 reperies,
1760 734 1817 792 sicut
1827 743 1868 811 ple-

288 802 392 858 librare
405 801 505 861 solent,
516 799 586 856 nihil
595 807 670 856 certe
682 797 777 852 Pullus
791 797 942 852 asseruerit
952 796 1026 866 quod
1038 795 1081 850 vel
1130 797 1285 868 raquealia,
1300 797 1437 868 quaelicet
1450 797 1478 852 in
1492 798 1615 854 conciliis
1628 807 1735 864 erstem,
1749 813 1830 864 oenum
1840 819 1870 866 ep
1929 805 1930 816 ¹

290 872 408 929 decretis
417 871 597 928 conciliorum
607 910 615 935 ,
626 869 670 924 vel
687 869 713 924 ei
727 865 839 922 Patruus
850 868 984 922 doetrinae
998 881 1081 938 quam
1130 874 1222 922 tamen
1237 868 1308 924 iuter
1322 868 1384 924 dulei
1398 866 1523 938 dogmata
1537 883 1591 923 non
1606 871 1741 928 rmeuoeri.

287 956 405 1014 operose
419 943 488 998 satis
502 949 530 997 et
544 941 625 996 auxie
637 939 810 1001 dictitabant,
821 937 929 993 officere
944 937 1078 994 uideatur.
1167 937 1205 994 lle
1217 937 1326 994 duobus
1338 938 1492 994 canonibus
1504 938 1577 1009 apud
1591 937 1760 1011 Nicephorum
1773 942 1870 1018 (siquam
1929 961 1930 976 ¹

287 1010 346 1068 lmo
356 1013 430 1096 quod
445 1013 617 1083 potissimum
631 1010 763 1080 urgebant
775 1009 882 1073 Patres,
895 1009 938 1064 uel
952 1009 980 1063 in
996 1023 1081 1089 riuum
1131 1007 1250 1064 habeant
1264 1008 1466 1079 auctoritatem)
1478 1009 1536 1079 jaun
1548 1017 1687 1066 ostensum
1704 1027 1775 1082 supra
1786 1021 1870 1098 puerili·

287 1083 462 1147 dilliurentes,
486 1083 530 1139 rel
545 1081 667 1138 solitarie
681 1080 834 1136 scribentes
847 1080 923 1134 circa
937 1077 1019 1134 llerbi
1035 1077 1081 1132 br·
1132 1087 1174 1135 ter
1184 1081 1252 1136 satis
1261 1079 1472 1135 contraPullum
1484 1095 1516 1133 ur
1535 1081 1666 1146 eri;cum
1680 1082 1871 1156 potiuseyusseu.
1929 1101 1930 1142 3

290 1155 346 1210 tini
357 1155 507 1224 ὀνκονὸμιαν,
523 1153 575 1207 hac
589 1153 649 1222 ipsa
661 1149 773 1205 liuberti
784 1150 910 1205 doctrina
924 1159 1028 1206 certum
1039 1154 1082 1204 est
1132 1151 1246 1206 tentiam
1260 1151 1333 1207 ultro
1346 1151 1489 1206 suadeant.
1514 1095 1654 1213 fiisimus,
1677 1152 1699 1204 si
1711 1168 1779 1222 quom
1792 1155 1871 1214 lolem
1929 1173 1930 1226 y

287 1224 505 1281 luculentissime
518 1223 663 1294 probatum
678 1221 729 1275 iri:
743 1220 849 1278 scilicet
859 1237 913 1276 non
925 1220 1003 1291 prius
1017 1219 1082 1274 ller-
1133 1221 1329 1286 auctoritatem,
1351 1227 1410 1277 tum
1433 1220 1498 1303 quia
1514 1221 1625 1275 vacillat
1638 1221 1665 1276 in
1684 1221 1801 1294 plerisque
1816 1227 1871 1286 lituu
1929 1271 1930 1282 ,

288 1295 353 1351 hum
367 1297 474 1350 unitum
492 1295 600 1357 animae,
636 1305 698 1345 nam
713 1291 1083 1363 carni;uecprius1conce·
1133 1291 1213 1362 pheri
1229 1291 1316 1359 iides;
1331 1298 1390 1347 tum
1403 1306 1468 1362 quta
1481 1301 1584 1347 certum
1604 1299 1647 1346 est
1662 1305 1695 1346 er
1707 1289 1816 1366 Gregorio
1825 1315 1872 1370 papi
1929 1297 1930 1314 ¹

287 1373 365 1490 ptam
378 1364 482 1421 Christi
495 1307 720 1425 carnem‘luisse,
742 1377 824 1433 quam
843 1369 1033 1432 assumptam:
1050 1360 1084 1441 il·
1133 1363 1256 1433 quintam
1282 1362 1416 1433 synodum
1434 1361 1536 1417 nullum
1557 1359 1592 1416 de
1606 1361 1657 1416 lide
1668 1365 1820 1431 quaestionem
1834 1373 1872 1440 ayi·
1929 1397 1930 1400 ν

301 1436 520 1505 udqueprimum
529 1433 704 1504 peculiariter
716 1433 849 1502 urgebant
868 1433 1002 1487 aduersus
1021 1428 1083 1486 Ort·
1134 1443 1217 1490 tasse.
1240 1431 1356 1488 Exstant
1367 1432 1477 1502 quidem
1487 1431 1522 1486 ad
1537 1432 1639 1486 calcem
1655 1431 1730 1501 hujus
1742 1437 1819 1491 sinodi
1827 1455 1872 1509 qua·
1929 1435 1930 1484 l

287 1509 424 1578 genistas,
441 1507 489 1576 qui
504 1504 642 1575 fingebant
657 1503 776 1556 animam
798 1502 900 1558 Christi
915 1501 1005 1558 Verbo
1019 1501 1083 1556 uni·
1134 1501 1517 1566 tuurdeeimanatbematismi,
1531 1502 1578 1558 sed
1588 1493 1872 1581 abeorutnnnllo,nequi
1929 1495 1930 1514 ¹

286 1578 448 1640 tumnultu
458 1573 1085 1646 temporepraeexstitisseejusincarnationi,ut
1135 1575 1196 1630 dem
1212 1581 1321 1645 quarto,
1339 1573 1433 1628 Pullus
1446 1572 1554 1628 feritur.

285 1647 427 1717 colligitur
438 1663 473 1702 ex
488 1646 548 1715 ipso
571 1644 689 1715 Origene
704 1644 750 1698 lib.
766 1648 872 1718 rumpi
890 1651 997 1721 ορχᾱνν,
1013 1659 1038 1698 c.
1055 1641 1083 1707 6,
1171 1643 1608 1715 Quodeprbesiuasynodo,seu
1617 1643 1873 1722 polinserepistohiy·

285 1732 322 1773 es
335 1718 418 1788 epist.
436 1715 585 1842 Sophronii
602 1717 631 1771 in
645 1715 763 1770 coricilio
781 1713 1085 1784 Constantinopolitano
1135 1715 1189 1769 rilli
1202 1715 1235 1769 ad
1247 1713 1402 1771 Nestorium
1414 1713 1561 1783 prolertur,
1577 1729 1632 1768 non
1647 1713 1683 1768 itu
1697 1715 1763 1771 clarc
1773 1726 1795 1772 et
1805 1719 1873 1774 distin·

287 1802 327 1854 vt,
338 1789 471 1843 actiouel
496 1803 552 1851 ,es
561 1786 696 1842 concilior
711 1784 904 1851 Bracbareusi,
916 1799 976 1855 cap.
985 1783 1012 1850 6,
1028 1791 1082 1840 etc.
1100 1785 1634 1858 13ctesententiamauctorisimpuquat,
1643 1789 1873 1860 uttanquamaliquod

324 1857 405 1914 Hunc
414 1867 506 1915 annm
518 1856 605 1913 luisse
619 1871 733 1927 scopum
744 1855 925 1910 conciliorum
937 1871 998 1926 quae
1009 1853 1082 1910 eirca
1134 1855 1197 1912 fidei
1206 1856 1304 1927 dogma
1311 1871 1372 1920 eam
1382 1854 1548 1912 labefactare
1555 1856 1689 1911 uideatur.
1701 1853 1874 1930 (Fallunturps

287 1929 457 1999 prioritatem
465 1924 788 1999 assumpturumallerbo
794 1925 1083 1996 partium,aliquidvi-
1132 1926 1204 1981 viter
1218 1927 1265 1997 qui
1279 1925 1424 1997 epistolam
1445 1925 1518 1980 illam
1533 1927 1606 1982 inter
1620 1927 1831 1985 anathematismos
1840 1931 1873 2003 ly-

287 1999 389 2056 dentnr
404 1997 580 2064 dedoluisse;
599 2013 650 2053 nec
664 1996 842 2067 questionem
856 1996 930 2050 illam
944 2011 1027 2067 quam
1038 1996 1083 2053 bic
1133 1997 1187 2052 rilli
1196 2006 1332 2121 rgponunt
1340 2011 1417 2052 num.
1428 1996 1472 2051 ts.
1481 1994 1564 2066 Pejus
1572 1995 1619 2068 qui
1629 1999 1873 2056 voesntcamllcaro

287 2068 383 2127 Pullus
398 2070 493 2141 agitat,
517 2069 599 2140 320
613 2068 751 2122 ullatenus
764 2074 909 2131 tractasse,
933 2073 1009 2137 patet
1024 2074 1083 2122 tum
1133 2084 1196 2122 nem
1236 2067 1401 2138 phesinum,
1416 2073 1446 2121 ut
1462 2065 1565 2122 Suareu
1578 2076 1606 2123 et
1617 2065 1685 2136 uiri.)
1709 2066 1774 2124 Licet
1784 2070 1839 2124 enin
1850 2073 1874 2127 ili

285 2156 324 2197 es
337 2141 434 2213 quinta
445 2147 472 2196 et
483 2149 558 2196 sexta
568 2137 697 2210 synodis,
714 2145 772 2191 tum
788 2154 823 2193 ex
836 2137 870 2193 iis
884 2138 1036 2208 prasertim
1046 2137 1084 2192 lo·
1133 2137 1253 2193 Verbum
1273 2139 1380 2194 dicatur
1393 2135 1507 2192 Carnem
1525 2138 1673 2192 orrimotom
1693 2138 1774 2192 onium
1786 2143 1873 2196 rationi
1929 2181 1930 2206 ,

287 2211 331 2267 cis
349 2225 411 2295 quae
423 2210 607 2265 communiter
620 2215 763 2280 opponunt
776 2215 903 2263 auctores
917 2206 997 2263 Pullo
1010 2223 1079 2264 cou-
1132 2208 1368 2278 siiieopulosse,et
1379 2207 1519 2264 sublimem
1528 2205 1595 2262 :Sed
1603 2207 1873 2282 quodeseodlliryin,

286 2283 386 2350 trarir;
407 2281 535 2337 videlicet
552 2295 673 2335 canones
687 2279 805 2350 primum
828 2284 857 2334 et
871 2278 1023 2334 secundum
1038 2293 1051 2334 s
1069 2308 1084 2320 ·
1135 2291 1228 2334 notum
1245 2279 1279 2334 sit
1301 2294 1407 2334 socrum
1421 2278 1489 2334 illud
1505 2293 1599 2348 corpus
1615 2279 1755 2334 orrimotam
1767 2281 1836 2334 ouius
1847 2300 1874 2334 rs

287 2352 471 2424 nudiquintre
483 2347 1012 2421 constantinop,proutreleruntura
1059 2350 1083 2403 i·
1133 2351 1237 2416 tionoli,
1258 2349 1336 2419 321
1353 2349 1395 2403 cui
1410 2348 1623 2404 substantialiter
1636 2349 1820 2404 odurrotumlbi
1834 2351 1874 2405 l'rr·

287 2423 409 2494 ecphoro
420 2422 469 2478 lib.
482 2437 551 2486 nuit,
563 2436 588 2476 c.
602 2421 648 2485 28,
660 2435 778 2490 qnorum
798 2419 822 2476 is
835 2419 960 2488 primus:
975 2418 1007 2475 Si
1024 2421 1082 2490 quis
1133 2419 1205 2484 burn,
1223 2421 1367 2474 carnaliter
1381 2429 1475 2474 notum
1497 2436 1553 2476 esse
1572 2419 1681 2475 dicitur.
1698 2419 1764 2474 liibil
1777 2421 1833 2476 allud
1848 2423 1875 2478 his
1929 2473 1930 2480 ,

288 2493 354 2548 dicit
364 2502 411 2549 out
422 2493 501 2548 sentit
511 2490 743 2547 onimomflontini
756 2491 954 2560 proecstitisse,
964 2496 1083 2544 unitum·
1132 2492 1223 2547 verbis
1246 2491 1418 2554 insinuatur,
1442 2503 1525 2560 quam
1561 2491 1616 2546 uod
1630 2490 1710 2546 etiam
1725 2493 1875 2548 audorsinu·
1929 2489 1930 2506 ¹

287 2580 338 2636 qne
350 2581 407 2620 esse
415 2563 472 2620 Deo
487 2561 570 2618 Verbo
584 2572 645 2618 oute
656 2563 867 2616 incarnationem
877 2570 903 2614 et
916 2562 1082 2615 notiuitotem
1132 2561 1244 2618 tissime
1259 2561 1375 2628 latetur;
1391 2559 1519 2616 videlicet
1533 2507 1653 2616 verbum
1666 2561 1777 2616 univisse
1785 2561 1826 2616 sihi
1836 2579 1875 2616 ur·

288 2649 322 2690 ss
339 2635 456 2706 Vimine,
477 2632 619 2688 cosduno
634 2633 679 2689 sit.
705 2631 782 2687 iliter
794 2647 861 2686 vero
875 2650 883 2687 ι
898 2629 928 2686 Si
943 2632 1002 2714 quis
1016 2631 1083 2685 dicit
1132 2647 1195 2688 nem
1212 2631 1359 2686 animatam
1375 2632 1466 2686 anima
1488 2631 1628 2699 rationali,
1647 2647 1708 2686 cum
1725 2631 1756 2686 ad
1774 2631 1875 2690 roriston

289 2714 338 2761 ont
351 2707 432 2760 scutit
441 2705 515 2774 prius
536 2703 682 2774 lorntotsm
696 2718 753 2757 esse
764 2717 859 2770 turpem
874 2701 983 2756 Domini
997 2704 1083 2757 nostri
1132 2702 1260 2758 humanae
1273 2709 1377 2758 naturae
1390 2701 1580 2774 principaliter
1594 2715 1644 2773 pet·
1659 2717 1688 2758 se
1701 2703 1875 2772 sequuturis

286 2773 354 2831 less
363 2774 499 2830 christiin
509 2783 584 2829 utero
598 2773 717 2844 Vispinis
727 2781 837 2836 sancte,
853 2781 878 2826 et
887 2771 1009 2844 deinceps
1021 2775 1083 2827 uni·
1133 2780 1225 2828 summ
1236 2787 1394 2844 enprorsus
1409 2780 1546 2827 nrorrrento
1556 2774 1690 2844 temporis
1704 2773 1876 2828 relnatureaui

290 2852 347 2900 tum
360 2847 455 2901 siesse
468 2844 554 2900 Deum
573 2844 697 2908 Verium,
710 2851 788 2913 utque
802 2843 922 2897 unimam
935 2846 1082 2914 qooeprius
1132 2859 1205 2898 mam
1224 2843 1416 2914 assumpserit,
1435 2856 1490 2913 quo
1505 2857 1617 2899 carnem
1632 2840 1690 2914 (qui
1702 2841 1802 2898 Pullion
1811 2843 1876 2914 dispo·

286 2914 580 2982 nestorianorum
591 2917 636 2970 sit.
652 2912 793 2985 Siquidem
807 2913 892 2984 priori
907 2915 1083 2972 anathemate
1133 2914 1248 2970 tationis
1261 2914 1373 2984 scopus)
1387 2920 1478 2968 tacent
1487 2912 1645 2969 omnimode
1653 2913 1772 2984 cyrillus,
1782 2913 1876 2984 Ephesius
1929 2959 1930 2964 ,

289 2989 380 3046 solum
398 2987 463 3044 ierit
477 2985 664 3058 origenistas,
679 2985 823 3057 posteriori
837 3000 902 3040 sero
917 2984 945 3038 iu
959 2999 1007 3040 eos
1018 2991 1082 3039 tan·
1133 2983 1264 3056 synodus,
1281 2981 1451 3055 Sophronias
1475 2982 1504 3037 in
1518 2990 1595 3039 serta
1618 2983 1736 3056 synodo,
1751 2983 1876 3056 aliique,qul
1929 2979 1930 2992 ¹

288 3065 348 3115 lum
368 3058 560 3114 animadvertit
573 3057 621 3129 qui
636 3055 829 3111 formationem
843 3053 968 3126 corporis
979 3054 1083 3111 Christi
1133 3062 1247 3111 sumnus
1261 3055 1350 3110 solum
1370 3053 1510 3109 inculcant
1523 3051 1646 3111 Verbum
1661 3054 1708 3111 [lei
1726 3055 1876 3110 unitunearri
1929 3061 1930 3124 ζ

307 3129 465 3188 recessisse
487 3129 615 3184 uolebant
633 3127 694 3197 ejus
710 3125 926 3198 assumptionem
949 3123 1081 3182 aterno.
1096 3160 1117 3216 C
1134 3125 1261 3182 animatas
1279 3123 1384 3196 Spiritu
1402 3124 1540 3190 rationali,
1556 3133 1694 3196 quatenus
1712 3133 1795 3180 contra
1806 3123 1876 3195 spis
1929 3139 1930 3180 3

287 3145 359 3254 Korn
373 3215 440 3256 vcro
450 3199 536 3263 addit,
556 3207 635 3270 oque
645 3198 762 3252 animum
781 3213 840 3268 qne
853 3198 927 3266 prius
938 3198 1082 3264 exstiterit,
1134 3211 1239 3262 narem,
1254 3195 1359 3260 Arium,
1374 3195 1537 3251 Eunomium
1550 3204 1578 3251 et
1590 3196 1620 3250 id
1629 3211 1714 3266 genus
1724 3194 1877 3266 segregesdo
1929 3253 1930 3260 ,

287 3286 346 3327 nou
360 3276 443 3342 negat
458 3269 579 3325 Verbum
591 3269 700 3324 unitum
714 3267 813 3323 animae
826 3267 912 3324 luisse
925 3275 989 3338 post
1003 3269 1084 3323 unio·
1133 3275 1227 3323 cerent
1242 3267 1413 3323 divinitatem
1429 3267 1458 3320 in
1471 3264 1583 3322 Christo
1597 3266 1673 3322 vices
1687 3267 1774 3322 anime
1783 3280 1878 3336 nonurp·
1929 3279 1930 3296 ³

287 3354 351 3397 nem
365 3340 489 3410 ejusdem
505 3339 587 3396 Verbi
608 3355 671 3394 cum
684 3353 819 3410 corpore;
835 3338 883 3394 sed
899 3339 988 3393 solum
1002 3345 1084 3410 negat
1133 3337 1268 3420 plerisse,
1298 3337 1347 3393 sed
1375 3344 1624 3392 morecaeterornm
1652 3336 1781 3393 hominum
1795 3345 1878 3391 rems

288 3411 396 3466 unitum
412 3411 450 3465 illi
465 3410 564 3466 animae
576 3425 638 3482 que
650 3410 737 3464 multo
754 3415 877 3480 tempore
891 3407 1083 3464 formationem
1133 3407 1309 3465 intellectuali
1324 3407 1416 3462 anima
1426 3407 1569 3478 preditum
1582 3406 1680 3464 luisse.
1695 3405 1747 3464 llee
1757 3413 1837 3464 carrd
1843 3405 1878 3476 ty-

288 3483 333 3536 sui
346 3481 472 3551 corporis
485 3482 690 3547 concessisset,
702 3486 885 3551 ut‘perperam
897 3478 1083 3550 opinabantur
1132 3479 1269 3535 rillocum
1287 3477 1414 3534 Nestorio
1438 3475 1599 3550 disputandi
1624 3493 1724 3543 causa,
1745 3477 1821 3532 autin
1837 3492 1876 3531 eon

288 3544 336 3609 0ri
355 3551 464 3614 entste,
1131 3549 1261 3620 praelatos
1274 3549 1516 3606 anathematismos
1532 3547 1685 3614 condendi,
1702 3550 1747 3604 sed
1764 3545 1877 3603 dechnndi

348 3623 376 3677 ui
389 3622 493 3693 duplici
504 3621 604 3677 canoni
617 3629 728 3676 cautum
745 3635 808 3676 esse
820 3619 916 3676 uolens
929 3616 1080 3688 liebertus,
1132 3621 1222 3676 solum
1235 3620 1370 3691 duplicem
1385 3621 1413 3674 in
1424 3619 1536 3675 Christo
1549 3635 1607 3675 nou
1622 3634 1685 3675 csse
1697 3633 1834 3690 personam
1844 3631 1877 3671 uer

287 3691 583 3763 dotetnonpreiactae
599 3693 687 3756 carni,
701 3706 757 3745 non
772 3691 869 3746 animae
901 3689 1079 3754 raecuistenti,
1131 3689 1428 3762 eumpriushominem
1444 3688 1653 3754 luisse,deinde
1672 3688 1877 3752 bmuuituunu

288 3763 337 3820 sed
348 3763 402 3833 ipsi
413 3763 591 3818 humanitatis
604 3762 753 3818 seminario
763 3761 871 3817 unitum
883 3707 932 3817 liat
940 3758 1081 3830 l'erbum;
1132 3763 1261 3818 unionem
1275 3761 1349 3816 illam
1363 3774 1438 3816 merc
1452 3760 1651 3817 accidentalem
1672 3760 1760 3820 imese.
1782 3757 1877 3816 morib

288 3831 354 3890 dein
366 3833 444 3888 carni
459 3833 602 3888 animate:
615 3839 754 3906 Σαρνοῦταν
774 3838 845 3902 γοῦν,
861 3831 951 3903 inquit
963 3831 990 3884 in
1004 3835 1082 3887 sexta
1132 3832 1287 3888 stantialem
1303 3840 1330 3887 et
1344 3830 1561 3956 hypostaticam:
1584 3829 1661 3902 qnod
1681 3831 1786 3901 primum
1798 3827 1877 3908 middle

289 3903 395 3976 synodo
410 3901 596 3974 Sophronias,
611 3903 725 3977 iiipoe,
738 3906 781 3959 ael
792 3902 853 3964 siis
866 3905 897 3960 τὸ
915 3903 1037 3977 ἡμὲτορον
1052 3905 1082 3958 oi
1131 3903 1367 3959 commentabatur
1399 3901 1529 3958 estorius.
1541 3901 1634 3968 Quare
1643 3901 1797 3972 proierthnc
1808 3899 1876 3952 ihdon

289 3976 484 4050 upanluudriop
497 3978 572 4050 capsi
585 3976 784 4046 ονναπτόμονος,
797 3973 813 4032 ἦ
827 3975 1082 4048 repopoppndr'urarnl
1131 3973 1270 4046 Cyrillus:
1294 3971 1351 4028 Not
1373 3972 1444 4027 ertim
1458 3973 1573 4042 primurn
1595 3983 1675 4027 notus
1697 3969 1809 4027 miuus
1827 3983 1875 4047 ωο-

288 4043 344 4101 sol*
354 4047 419 4102 αὐτὸ
431 4047 628 4118 amorensium
647 4047 709 4101 noti
727 4045 948 4119 προοπλοκὸμονος
961 4046 1080 4113 σώματι,
1131 4045 1219 4100 munis
1233 4043 1266 4098 de
1286 4051 1379 4099 sancto
1399 4043 1518 4115 Virpine,
1529 4052 1554 4098 et
1569 4051 1633 4097 tatus
1646 4041 1747 4098 άοννιοοι
1764 4037 1877 4116 indolibus

288 4115 506 4190 lupo-'loosriup
521 4119 599 4192 ψυχῇ
622 4116 808 4187 συντιθέμενος,
832 4115 895 4170 ebs
907 4114 966 4170 sire
981 4116 1082 4176 τούτοις
1130 4115 1159 4169 in
1184 4131 1213 4170 eo
1233 4114 1366 4178 l'erlum,⁸
1382 4113 1427 4169 sed
1440 4115 1468 4168 in
1483 4115 1540 4183 ipso
1561 4113 1642 4167 uulso
1661 4121 1775 4182 uteroque
1790 4107 1876 4178 rumolt

288 4189 507 4262 παραγινομένοις
519 4194 584 4262 πρὸς
597 4186 721 4259 ὕπαρξιν,
734 4183 776 4241 ὅτε
793 4181 878 4246 adroic
891 4183 904 4239 i
915 4184 989 4257 λόγος
1003 4186 1082 4246 αὐτὸς
1131 4200 1219 4239 secum
1238 4191 1345 4242 carnem
1369 4184 1520 4254 conjunxit,
1546 4193 1571 4239 et
1590 4184 1717 4240 smerde
1732 4181 1877 4254 pmuotiorrs

289 4261 334 4313 set
355 4261 418 4319 esis
440 4257 585 4313 συνετίθετο
606 4265 718 4329 φυσικῶς
753 4256 899 4331 ούγχρονον
925 4253 1025 4325 ἔχοντα
1050 4262 1082 4330 τῇ
1131 4255 1265 4310 carnalem
1288 4255 1378 4310 cornis
1401 4272 1457 4310 suc
1472 4254 1640 4310 natiuitotcrn
1657 4253 1760 4324 [scion.
1774 4250 1877 4306 hiuma

288 4329 345 4382 diri
375 4349 398 4384 u
415 4333 462 4387 sis
478 4330 573 4392 ἴνοσνν,
598 4329 644 4383 aei
667 4328 696 4382 oi
713 4327 761 4416 epi
786 4333 832 4388 τῆς
858 4322 924 4402 πρὸς
944 4329 987 4381 τὸν
1009 4325 1081 4399 lipsi
1131 4326 1256 4383 scribens
1271 4327 1306 4382 ad
1318 4325 1486 4388 Nestorium,
1498 4324 1583 4380 dicit:
1601 4325 1664 4380 ideo
1673 4324 1752 4378 Deum
1762 4331 1877 4375 οοιιοιονο

289 4398 321 4452 rii
353 4400 461 4459 seritur
485 4397 641 4472 rapidiores
662 4395 809 4453 καθ’ναυτᾰ
822 4397 940 4470 γινόμενα
961 4398 1079 4462 πώποτε,
1130 4405 1163 4452 dn
1185 4395 1291 4468 l'irpine
1304 4405 1329 4450 et
1347 4403 1514 4466 conception,
1548 4397 1595 4450 uio
1616 4397 1646 4450 in
1660 4406 1732 4450 utero
1750 4391 1877 4462 tinniat

288 4468 386 4530 ἥτινος
401 4471 535 4543 ἀνθρώπου
547 4467 661 4523 τῶνκαθ’
672 4470 740 4542 ἡμᾶς
752 4467 838 4541 ἑτέρου
850 4470 973 4543 παράπαν
993 4467 1079 4542 liudp·
1094 4510 1117 4565 D
1131 4467 1189 4535 ipso
1203 4468 1368 4536 conceptione
1378 4467 1502 4530 irominis,
1544 4483 1590 4522 eus
1604 4467 1682 4521 corni
1694 4465 1774 4520 esitus
1784 4471 1824 4516 tsi.
1834 4459 1876 4525 Ψ

288 4538 380 4605 ξαντα.
406 4540 469 4596 ἀλλὰ
490 4538 632 4613 σύνδρομον
650 4538 745 4607 ἔχοντα
761 4547 793 4611 τῇ
820 4545 913 4608 φυσική
936 4533 1079 4610 τοῦλόγου
1131 4545 1207 4594 celle
1221 4533 1290 4592 Pulli
1304 4539 1467 4594 sententiam
1483 4537 1551 4592 stills
1565 4536 1693 4594 suadenl.

289 4609 421 4696 confidere
449 4614 501 4699 fain
518 4609 635 4699 ὕπαρξιν,
662 4611 705 4664 καὶ
731 4610 778 4696 οὐκ
802 4597 1034 4730 ὶκιὶννοςόὐδῖἀὼο
1056 4609 1080 4662 s'u
1167 4606 1200 4662 Et
1215 4608 1325 4690 quidem
1343 4607 1509 4690 solandum,
1525 4606 1590 4663 dum
1603 4605 1720 4690 Patruus
1731 4599 1875 4720 sulcotts‘llz

290 4679 1080 4819 tesserescedecadis*ruitisuri,
1130 4693 1193 4806 {ll
1206 4677 1873 4821 ,litlillltdliillhl,taidellitols.

289 4821 425 4890 prefecto
437 4821 513 4874 sorni
526 4818 664 4890 emulatus
677 4818 878 4889 pretermittere
892 4827 969 4889 atque
982 4818 1009 4872 in
1024 4835 1080 4874 sose
1131 4821 1206 4876 bibet
1221 4821 1280 4891 ipsa
1291 4819 1441 4876 dictionum
1456 4820 1552 4884 series,
1567 4821 1664 4876 mutila
1678 4811 1872 4890 pmcisaquetitc

288 4890 499 4960 presehsistenti
512 4889 655 4962 aliquando
670 4889 773 4960 corpori
786 4889 927 4943 conlinitus
950 4887 997 4961 [al.
1017 4904 1081 4942 coo·
1130 4907 1219 4962 quens
1235 4891 1307 4961 apud
1321 4891 1511 4955 scholasticos
1527 4891 1680 4962 presertim
1692 4887 1810 4947 rudiores,
1826 4882 1872 4952 ΙΨ

290 4958 404 5033 uitus.1;
420 4960 460 5016 uel
471 4961 566 5014 anime
578 4961 756 5030 preminenti
771 4960 943 5029 conjunctus:
958 4958 1003 5013 sed
1018 4970 1080 5014 tuns
1130 4960 1311 5088 offensionis}¹
1324 4977 1376 5016 nec
1396 4962 1431 5017 ad
1444 4976 1493 5018 eas
1507 4961 1688 5018 scholasticos
1700 4957 1806 5030 argutias
1817 4953 1875 5008 dode

289 5030 331 5086 his
340 5029 576 5086 odsehsistendum
584 5029 815 5104 [aleuistendum]
823 5028 1081 5100 maeotidumque·
1130 5034 1229 5098 cenda,
1264 5034 1291 5088 ui

289 5101 372 5157 doeio
386 5103 472 5171 ipsam
491 5100 603 5156 Verium
616 5110 642 5156 et
656 5101 727 5158 Deus
742 5103 880 5170 copulatus
893 5107 951 5163 est,·
967 5108 1080 5154 notura·
1130 5050 1387 5168 runatalomrine,
1402 5108 1430 5158 ct
1443 5103 1502 5173 ipsa
1512 5101 1627 5159 sinceras
1638 5101 1699 5156 lidei
1710 5101 1825 5172 oquae.
1835 5103 1875 5172 qut

290 5172 352 5226 liter
362 5173 583 5244 conumporolcnt
597 5172 693 5228 itabens
707 5173 832 5226 unionem
843 5179 921 5242 utque
931 5169 1096 5226 subsistes·
1131 5173 1243 5230 lubricae
1259 5174 1374 5230 rationis
1388 5173 1551 5229 discrimina
1564 5172 1669 5240 nescit;
1684 5169 1730 5226 setl
1742 5171 1874 5241 lpnruun

290 5242 366 5305 tiont,
379 5251 404 5298 et
415 5260 468 5297 non
480 5253 540 5298 unte
552 5243 717 5299 rorissimam
730 5242 813 5311 ipsium
827 5239 905 5296 Verbi
914 5251 1079 5305 conuentum,
1131 5245 1307 5316 telligentiam
1329 5242 1525 5300 desumendum
1545 5258 1608 5300 esse
1628 5259 1663 5299 ex
1684 5243 1738 5296 inte
1791 5235 1874 5305 sttt'lfl

288 5313 443 5382 lnseipsisu
478 5331 541 5368 nom
550 5314 717 5376 sustiterunt,
726 5314 765 5368 uei
774 5312 924 5382 cujuspiam
936 5311 1080 5366 meandum
1130 5321 1271 5380 connato,
1293 5321 1321 5370 et
1336 5331 1371 5371 es
1391 5329 1483 5370 rerum
1498 5328 1560 5384 quas
1574 5321 1640 5369 tnnc
1654 5319 1738 5368 tracta
1786 5316 1828 5368 tur,
1842 5315 1873 5358 ὓ

289 5399 336 5438 nos
347 5383 456 5439 ulterius
484 5384 579 5439 ominis
590 5384 691 5454 penitus
704 5385 871 5444 exstiterunt,
883 5381 929 5437 sed
939 5396 999 5436 cunr
1015 5381 1080 5436 Ver·
1130 5392 1192 5439 tura
1217 5393 1245 5441 et
1260 5385 1357 5441 modo:
1381 5383 1597 5455 investigandam
1616 5384 1727 5454 insupm
1738 5379 1873 5438 concil'ffll·

290 5453 316 5507 ii
325 5454 409 5524 ipsius
420 5455 539 5509 naturali
553 5463 680 5509 conserus
692 5452 891 5508 subsistentiam
900 5451 948 5528 [al
964 5453 1080 5508 existen·
1130 5455 1297 5527 Patrumque
1315 5465 1442 5518 mentem,
1465 5469 1576 5512 cauum
1595 5453 1741 5514 scribendi,
1755 5457 1779 5506 el
1790 5449 1813 5501 il
1827 5453 1874 5514 ll*

290 5522 366 5596 tium]
383 5523 507 5580 deutoro
520 5532 719 5588 coaesrrerunt,
733 5532 759 5577 et
770 5540 816 5580 nec
835 5532 964 5592 montem
982 5525 1011 5578 in
1026 5523 1080 5578 ictu
1130 5527 1303 5598 potissimum
1326 5525 1445 5582 hareses
1464 5528 1564 5597 stylum
1586 5526 1775 5596 intorquerent.
1788 5515 1873 5595 Pristi!

289 5591 360 5649 osuii
368 5594 438 5675 hone
451 5612 530 5665 quom
544 5595 621 5650 illum
634 5596 751 5664 priorem
765 5593 900 5649 brientio.
1130 5597 1192 5722 plus
1212 5613 1290 5668 aequo
1313 5595 1422 5653 lucilius
1434 5596 1573 5654 obtinetur
1586 5597 1655 5654 solis
1667 5601 1795 5671 ausurum
1806 5585 1872 5668 indo·

326 5663 401 5723 Satis
413 5665 565 5735 igiturerat
577 5665 707 5720 Patribus
723 5664 777 5719 illis
791 5663 920 5719 docuisse
933 5678 989 5719 non
1003 5663 1079 5734 prius
1151 5683 1182 5723 us
1205 5678 1232 5724 et
1254 5668 1375 5737 tabuiis;
1400 5669 1518 5724 alterium
1540 5667 1650 5724 nonnisi
1671 5665 1738 5722 seria
1755 5661 1872 5730 dronuaqtt

1312 5048 1345 5088 us
1359 5031 1482 5103 plerique
1495 5032 1631 5102 subiicere
1641 5030 1734 5087 uolunt
1744 5041 1815 5084 sacre
1824 5023 1875 5076 tto

290 5732 409 5816 animam
424 5744 593 5806 assumptam
606 5735 692 5791 luisse
705 5749 787 5816 quarn
801 5749 919 5804 corpus;
936 5749 988 5816 nec
1003 5735 1079 5817 prius
1130 5738 1266 5806 lectiune;
1285 5755 1346 5810 quae
1362 5755 1424 5794 eunt
1443 5753 1507 5794 rara
1526 5737 1606 5796 luerit
1620 5727 1691 5810 apud
1705 5732 1825 5818 quosdtts·
1839 5737 1871 5792 l¹¹

290 5809 432 5877 tutiusse
446 5821 556 5862 carnem
571 5821 654 5877 quam
667 5805 714 5860 ber
733 5802 804 5860 Frbo
816 5806 997 5876 personaliter
1017 5817 1078 5864 unt·
1130 5809 1164 5866 de
1178 5811 1258 5866 rebus
1272 5807 1601 5884 theologicisdisserucre,
1617 5824 1671 5866 non
1682 5821 1771 5863 mnam
1782 5817 1800 5858 u
1810 5797 1871 5868 lli*
