3967 6334
116 317 172 372 aar
592 317 863 376 smrnvrnnua
880 319 970 374 aram
990 320 1091 378 occo.
1108 353 1142 365 ..
1157 321 1220 380 rna.
1243 321 1286 380 rr.
1706 335 1759 390 ιιι

114 447 234 504 sperare
248 430 338 500 debet,
354 430 489 504 faciasque
501 430 656 504 beusquod
671 443 772 508 sperat.
785 434 911 506 Opuscst
926 447 946 500 Α
962 438 1759 510 recusent,quideulpaejuredebeatur,utitareusbumilie·

114 513 244 596 sperare,
265 524 330 594 quia
344 524 404 580 siue
418 539 467 593 spe
480 538 537 579 uon
561 532 604 580 est
624 526 781 598 impetrare.
798 517 914 583 Verunn·
964 537 1019 595 tur,
1035 530 1174 600 ostendat;
1190 532 1263 603 qrrod
1279 540 1369 588 tamen
1379 534 1492 590 tolerari
1505 536 1603 606 possit,
1624 536 1755 610 imponat.

116 621 214 670 tamen
228 615 252 670 si
264 615 327 685 quis
340 614 424 670 vitam
438 631 494 670 nou
505 616 629 686 corrigit,
643 624 670 672 et
688 619 796 673 reniam
810 627 918 704 sperat,
963 620 1042 678 Alius
1066 623 1213 695 jejunium,
1230 625 1301 680 alius
1320 626 1433 698 virgam,
1453 627 1524 684 alius
1549 627 1663 700 frigora,
1685 631 1757 690 alins

114 707 145 762 is
162 706 267 764 frustra
281 716 385 780 sperat,
400 710 531 780 quoniam
547 719 687 782 speratum
697 728 753 768 nou
774 714 910 784 impetrat.
963 710 1085 778 labores,
1102 714 1211 771 tandem
1228 716 1298 774 alius
1312 716 1374 781 hoc,
1391 718 1461 774 alius
1489 720 1555 776 illud
1570 719 1692 792 perferre
1707 739 1756 794 po-

113 793 255 853 Nimirum
264 799 419 856 maledicam
434 801 510 856 borno
519 803 565 874 qai
572 813 662 873 peccat
674 805 753 874 inape
764 803 830 874 (fer.
842 818 911 869 ιιιι,
963 809 1028 858 test.
1044 801 1165 860 lledicus
1179 815 1280 876 aegroto
1293 806 1319 860 id
1334 823 1420 878 genus
1435 811 1587 867 curationis
1602 813 1755 883 provideat,

112 887 166 962 5);
181 891 311 962 quoniam
321 907 418 948 secure
428 900 571 962 pcccat,ut
583 909 645 948 cum
657 894 749 965 potius
760 895 912 966 geliennam
961 893 1037 963 quod
1055 896 1142 965 possit
1161 911 1222 952 esse
1237 896 1368 962 remedio,
1378 914 1434 953 non
1445 900 1585 970 languoris
1597 914 1755 975 augmento.

115 985 218 1040 timere
231 985 353 1051 deberet,
368 986 475 1041 veniam
486 994 637 1059 exspectat,
663 987 809 1058 inquiens:
828 987 857 1041 ll
860 989 912 1043 ise·
961 983 1096 1040 Nimirum
1108 987 1237 1058 quoniam
1251 987 1396 1044 dulcedine
1406 992 1513 1060 peccati
1532 990 1616 1049 Derim
1641 997 1757 1054 ollandi·

116 1073 237 1130 picardia
249 1076 298 1132 002·
312 1094 408 1148 magma
418 1087 457 1133 ,ει
466 1077 553 1150 (pm,
567 1069 842 1154 g1157‚13),f{agn2
858 1081 913 1136 uri.
961 1090 1034 1140 mus,
1046 1090 1159 1130 necesse
1173 1082 1216 1130 est
1228 1084 1257 1129 ιιι
1272 1077 1363 1148 aliqua
1381 1077 1570 1136 satisfactione
1583 1081 1663 1138 nobis
1674 1088 1755 1142 anxia

115 1182 173 1237 que
187 1173 244 1235 est;
257 1168 305 1224 sed
317 1184 461 1237 coruverso,
473 1174 602 1243 quoniam
619 1174 660 1228 ira
673 1174 789 1232 debenus·
802 1190 909 1230 averso,
961 1165 1051 1238 ipsum
1062 1167 1212 1239 placemus.
1229 1163 1306 1223 Unde
1321 1168 1401 1240 primi
1415 1178 1552 1238 parentes,
1566 1175 1697 1245 qnoniam
1717 1177 1757 1231 of·

153 1260 221 1318 Post
234 1265 472 1336 compunctionem
487 1268 589 1334 cornis,
599 1277 627 1326 ev
642 1286 718 1342 spem
733 1270 828 1335 venire,
849 1276 912 1340 post
961 1259 1066 1316 fensam
1078 1261 1105 1318 in
1117 1260 1233 1316 amoenis
1247 1268 1454 1327 contraxerunt,
1466 1279 1526 1317 caru
1547 1265 1615 1320 dura
1635 1267 1756 1324 animad-

115 1353 237 1427 denique
250 1355 463 1424 consessionem,
475 1375 545 1432 opus
556 1369 599 1417 εει
612 1363 754 1434 superum
774 1363 911 1434 poenpen.
959 1353 1087 1408 versione
1097 1352 1285 1422 expiaverunt.
1302 1351 1380 1410 Unde
1391 1363 1488 1426 praeter
1501 1368 1583 1427 opera
1597 1357 1755 1416 misericor-

115 1446 163 1501 tia
178 1445 322 1504 fructibus.
337 1447 496 1506 sicutenim
507 1454 682 1523 compunctio
701 1455 769 1509 nihil
783 1461 826 1512 est
850 1455 910 1510 sine
959 1443 1022 1512 (Ῑῑῑθ,
1037 1460 1097 1517 (11¹ae
1111 1453 1206 1501 ¹¹⁰⁵ll³
1230 1445 1264 1501 de
1284 1445 1449 1502 sufficienda
1469 1451 1639 1512 1l0811'05inc
1660 1453 1754 1511 labore

115 1552 178 1608 spe,
190 1553 242 1594 nec
257 1546 403 1611 utrumque
418 1540 676 1612 praeconfessi0n03
693 1544 730 1599 im
754 1546 808 1600 tria
827 1545 910 1602 simul
960 1537 1149 1594 ministramus
1159 1538 1263 1608 egenis,
1277 1552 1346 1608 opus
1359 1545 1400 1594 est
1411 1540 1508 1596 ardore
1531 1541 1664 1610 fornacis,
1681 1547 1754 1604 undo

114 1629 271 1685 inefficacia
280 1638 355 1697 sunt,
371 1631 394 1688 si
405 1642 588 1707 cumtempus
613 1638 733 1708 suppetit
750 1643 777 1691 et
806 1638 909 1708 possis,
959 1630 1060 1701 rubigo
1074 1631 1253 1685 consumatur
1267 1631 1419 1701 pravitatis.
1439 1627 1489 1688 liic
1503 1642 1593 1691 autem
1608 1639 1691 1694 ardor
1706 1645 1754 1694 aut

113 1727 167 1776 aut
180 1737 195 1776 a
210 1723 370 1793 presbytero
393 1727 561 1797 poenimptiae
583 1729 700 1784 lamenta
722 1744 778 1785 non
796 1731 907 1802 recipis,
959 1721 987 1778 iu
1000 1723 1127 1793 praesenti
1139 1721 1297 1792 suscipitur,
1313 1730 1361 1777 aut
1371 1723 1399 1778 in
1414 1722 1506 1782 futuro
1528 1744 1584 1784 non
1597 1730 1751 1804 effugietur.

111 1822 166 1868 aut
176 1822 285 1884 recepta
298 1829 430 1888 peragere
449 1817 637 1888 parvipendis.
656 1817 733 1875 Licet
754 1820 828 1876 euim
843 1822 947 1877 coa-li
997 1812 1131 1870 Sacerdos
1143 1829 1208 1885 ergo
1222 1811 1265 1870 his
1278 1813 1313 1870 de
1326 1815 1426 1886 quibus
1443 1820 1577 1876 rationem
1591 1831 1634 1879 est
1660 1825 1752 1883 reddi·

114 1902 247 1960 fcssionis
261 1903 380 1975 puritate
400 1907 539 1977 acceperis
556 1907 674 1974 veniam,
698 1907 722 1964 si
734 1909 909 1980 postmodum
960 1909 1050 1973 turus,
1063 1910 1224 1978 praesentem
1238 1907 1379 1979 provideat
1389 1923 1508 1980 poenam,
1524 1921 1554 1968 ut
1568 1915 1670 1972 evitent
1682 1919 1754 1975 lutu-

112 2001 234 2073 uegfigis
247 2000 417 2066 satisfacere,
424 2001 520 2072 perdis
531 2007 680 2072 acceptam.
693 1999 769 2057 Sicut
778 2003 826 2074 qui
842 2017 910 2059 cou-
959 2007 1029 2055 ram.
1043 1997 1118 2055 Nihil
1136 1999 1169 2054 ad
1187 2014 1249 2055 eum
1266 2000 1403 2072 pertinent
1418 2002 1514 2060 alienae
1531 2021 1606 2073 oves,
1629 2009 1685 2064 imo
1699 2027 1752 2068 nec

111 2092 232 2149 fratrum
247 2092 409 2149 delictauon
416 2093 540 2159 dimittit,
551 2092 741 2150 dimissionem
754 2095 806 2150 sibi
822 2110 837 2149 a
852 2094 908 2152 beo
957 2107 1006 2149 eas
1015 2091 1081 2163 liget
1094 2090 1249 2156 necsolvat,
1266 2090 1320 2148 nisi
1331 2107 1394 2148 cum
1404 2091 1475 2150 ratio
1486 2097 1648 2172 cogitatque
1659 2117 1752 2160 neces·

111 2182 338 2241 factammanere
357 2183 436 2240 facit.
456 2182 590 2256 Quisquis
612 2194 703 2241 tamen
723 2192 819 2241 caveat
836 2201 907 2243 orius
958 2183 1037 2238 sitas.
1047 2180 1257 2238 Consueverunt
1267 2184 1340 2240 enim
1351 2184 1462 2256 quidam
1479 2203 1556 2244 suam
1570 2191 1751 2252 abhorrentes

110 2273 288 2348 importabile
296 2276 355 2334 sibi
372 2289 524 2340 assumere,
539 2291 574 2331 ue
588 2277 738 2332 necessitas
759 2283 839 2347 cogat
854 2277 907 2333 sub
957 2273 1104 2340 maculam,
1113 2280 1168 2331 non
1178 2289 1254 2340 suos,
1265 2275 1312 2332 sed
1324 2277 1432 2348 ignotos
1440 2287 1578 2350 expetere,
1590 2284 1749 2358 apudquos,

110 2367 191 2423 fasce
204 2382 220 2422 a
233 2369 394 2440 presbytero
406 2383 463 2423 non
480 2377 555 2424 recte
573 2367 703 2439 imposita
714 2369 904 2427 succumbere.
957 2368 1004 2419 aut
1018 2363 1105 2422 levius
1117 2373 1274 2434 onerentur,
1292 2371 1338 2420 aut
1348 2368 1440 2424 minus
1462 2369 1675 2430 confundantur.
1693 2373 1750 2432 llu-

110 2455 271 2514 Dumenim
283 2459 426 2530 quioaera
438 2457 626 2530 importabilia
645 2459 675 2514 iu
701 2459 831 2517 humeros
855 2460 905 2516 bo-
952 2455 1075 2527 jusmodi
1087 2457 1252 2530 poenitentes
1264 2466 1371 2516 tantum
1397 2461 1500 2517 scelera
1527 2478 1578 2518 sua
1599 2464 1748 2535 deponant,

109 2550 220 2606 minum
237 2551 392 2624 imponunt,
406 2567 424 2607 a
437 2550 553 2608 Domino
567 2551 771 2624 redarguuntur
793 2553 903 2626 (dattln
954 2547 1124 2605 damnationi
1137 2565 1193 2607 non
1207 2549 1315 2622 obligo;
1327 2553 1458 2622 quoniam
1468 2569 1533 2610 vero
1547 2571 1613 2622 non,
1623 2564 1653 2612 ut
1667 2573 1749 2629 opor·

108 2642 249 2717 xxttt,i);
263 2645 291 2699 bi
303 2647 351 2716 qui
373 2645 503 2717 imposita
526 2645 691 2717 suscipiunt,
710 2646 824 2704 minime
844 2648 905 2704 lau·
953 2647 1003 2706 tet,
1018 2640 1047 2697 id
1061 2651 1154 2713 agunt,
1170 2642 1326 2698 durissimis
1341 2659 1395 2699 nou
1417 2661 1465 2702 eos
1490 2644 1604 2718 flagellis
1623 2649 1747 2709 absolvo.

108 2738 197 2795 dandi
205 2738 477 2810 matronarumquod
485 2739 557 2795 enim
563 2739 794 2810 importabilcest,
803 2757 904 2812 usque-
989 2731 1040 2790 Sin
1053 2750 1120 2790 vero
1133 2735 1225 2792 miuus
1235 2737 1344 2792 consilii
1358 2737 1430 2809 apud
1448 2755 1514 2796 suos
1527 2744 1685 2800 sacerdotes
1705 2744 1749 2800 in-

107 2845 221 2902 quaqpe
233 2830 455 2888 recusandam,
467 2829 558 2898 Quare
570 2829 644 2903 quod
655 2832 729 2890 vires
751 2831 822 2890 serre
842 2849 904 2904 pos.
952 2827 1076 2892 veniunt,
1091 2835 1173 2900 atquc
1187 2828 1248 2885 ideo
1258 2829 1293 2884 ab
1307 2831 1358 2894 eis,
1375 2838 1422 2885 ant
1436 2843 1546 2904 accepta
1564 2835 1684 2904 licentia,
1700 2848 1748 2896 aut

108 2930 178 2978 suat
190 2931 218 2979 et
227 2921 337 2990 debent,
348 2938 383 2979 ex
393 2939 449 2994 quo
463 2924 617 2998 susceperis
628 2939 685 2980 nou
694 2925 826 2996 deponas,
846 2927 903 2982 imo
951 2919 1141 2978 satisfactione
1154 2922 1336 2992 penitenciali
1349 2923 1474 2995 injuncta
1496 2927 1529 2982 ad
1544 2929 1613 2984 alios
1625 2931 1747 2990 melioris

107 3015 221 3085 suscipe
234 3015 320 3088 (5⁰8),
334 3030 386 3072 uec
400 3014 536 3086 deponas:
551 3014 721 3086 appetenda
734 3015 900 3087 diciplinam,
950 3009 1060 3067 consilii
1071 3011 1146 3067 viros
1157 3010 1339 3084 confugerint,
1367 3030 1483 3086 quorum
1502 3024 1570 3072 nutu
1584 3019 1668 3074 vitam
1684 3035 1748 3078 cor-

107 3107 248 3179 neqsando
259 3108 395 3162 nascatur
407 3107 537 3162 Dominus
555 3105 755 3181 (Pcaf.1r,l2).
769 3107 900 3182 erisquis
952 3103 1052 3175 rigant,
1066 3110 1114 3159 dui
1128 3103 1251 3174 injuncti
1264 3105 1399 3176 castigare
1409 3115 1548 3180 satagant3
1565 3109 1615 3168 hos
1630 3127 1685 3168 non
1700 3129 1747 3170 so·

105 3199 233 3264 oderadit,
250 3200 378 3270 supplicii
391 3216 457 3256 reus
476 3207 534 3268 est;
549 3200 576 3256 si
602 3201 765 3273 supplicium
789 3171 935 3274 refugit,G
951 3196 1007 3251 lum
1022 3212 1077 3252 non
1095 3211 1205 3261 accuso.
1220 3213 1315 3254 rerum
1326 3197 1476 3268 prudentiae
1489 3201 1661 3260 vivacitatem
1673 3221 1747 3260 com-

102 3291 214 3347 offensa
227 3292 336 3348 crescit.
354 3290 433 3347 Unde
449 3292 537 3348 iratus
553 3291 625 3349 Deus
638 3300 667 3348 et
688 3292 735 3363 qui
746 3309 817 3358 eam,
838 3309 901 3365 quae
949 3291 1058 3346 mendo.
1074 3289 1376 3361 Qualiscunquetamen
1386 3292 1515 3348 sacerdos
1525 3295 1746 3368 sit,etqualiter-

104 3383 184 3436 ultro
193 3381 234 3448 lit,
249 3381 411 3438 reformidat
424 3382 602 3448 anxietatem,
617 3381 691 3436 illam
705 3384 804 3454 infligit
815 3400 898 3454 quam
948 3397 1056 3456 cunque
1069 3383 1248 3449 consuluerit,
1262 3387 1369 3437 tantum
1383 3383 1519 3454 poenitens
1529 3386 1564 3441 de
1587 3389 1745 3448 commissis

102 3476 211 3532 toleres
223 3475 420 3546 invituslonge
433 3475 598 3546 graviorem.
610 3473 690 3542 Nam,
709 3482 740 3530 ut
756 3473 899 3547 Scriptura
948 3474 1048 3541 doleat,
1064 3473 1254 3546 sacerdotique
1281 3475 1393 3546 pandat,
1410 3485 1438 3532 et
1460 3476 1593 3552 quidquid
1618 3481 1745 3552 religiose

102 3569 250 3640 perbibet:
266 3568 319 3635 Qui
330 3570 403 3624 timet
410 3569 549 3638 mairam,
563 3568 646 3623 irruet
667 3584 746 3638 saper
771 3585 831 3623 cum
852 3571 898 3624 nia
947 3568 993 3624 ille
1010 3568 1136 3632 edixerit,
1152 3566 1197 3622 hic
1207 3568 1351 3640 suscipiat.
1366 3566 1445 3635 Quod
1460 3569 1484 3624 si
1495 3568 1587 3626 deviat
1600 3572 1656 3638 illc,
1669 3575 1742 3632 viana

103 3659 172 3732 (iob
184 3675 225 3726 rr,
243 3660 305 3734 lii),
321 3660 349 3715 id
372 3672 425 3725 est,
441 3659 567 3732 quisquis
590 3661 662 3716 male
681 3675 765 3732 agens
783 3676 799 3715 a
815 3675 897 3731 poeua
946 3667 1038 3716 tenera
1051 3660 1113 3727 iste,
1128 3676 1162 3718 ne
1177 3677 1250 3718 cacco
1267 3676 1357 3717 cacus
1372 3659 1502 3716 ducatum
1517 3663 1646 3734 praebeat,
1659 3673 1688 3721 st
1712 3666 1744 3724 in

101 3752 268 3808 humanitus
286 3752 429 3809 inferenda
446 3751 625 3826 praecavendo
639 3751 805 3819 defenditur,
822 3754 846 3810 is
861 3754 896 3810 ab
946 3748 1053 3806 foveam
1071 3751 1289 3822 uterquecadat;
1306 3750 1460 3822 poenitcnti,
1471 3751 1594 3824 inquam,
1606 3755 1742 3814 rationem

99 3845 152 3902 illa
167 3861 229 3917 quae
239 3845 350 3902 caelitus
363 3846 488 3911 debetur,
504 3845 633 3900 incautus
647 3844 896 3916 praeoccupabitur,
945 3841 1063 3900 sectanti
1076 3858 1176 3902 nocere
1185 3858 1241 3902 aon
1251 3843 1351 3915 poterit
1362 3857 1441 3900 error
1451 3843 1614 3917 presbyteri.
1624 3843 1742 3920 Presby-

96 3939 213 3996 evitans
226 3938 343 4004 facilem,
358 3938 482 3994 incidens
496 3936 525 3991 in
536 3952 656 4010 gravem.
944 3943 987 3990 ter
1002 3934 1118 3992 fortasse
1132 3934 1320 4007 indiligentius
1347 3937 1497 3993 acerbitate
1521 3935 1620 4010 flagelli
1640 3940 1741 3998 vulnus

354 4029 436 4102 210
451 4025 565 4085 CAPUT
592 4025 647 4082 Lll.
943 4027 1214 4098 curatpeccati,sed
1229 4027 1545 4100 periculumsalutisibi
1564 4031 1668 4086 nullum
1697 4039 1741 4088 est

272 4122 410 4190 Quomodo
424 4121 460 4174 cit
473 4118 661 4174 consulendam
672 4135 727 4174 reo.
944 4117 1098 4189 poenitenti.
1123 4115 1224 4176 Caveat
1247 4119 1375 4178 sacerdos
1390 4121 1462 4189 sibi;
1479 4122 1579 4194 quippe
1605 4124 1738 4196 quidquid

138 4212 175 4270 ta
186 4213 296 4287 quidem
310 4215 357 4285 qui
369 4218 482 4285 peccato
494 4211 670 4283 praepeditur,
687 4212 724 4267 ita
738 4211 791 4268 sibi
805 4213 894 4283 provi·
942 4210 1034 4266 miuus
1045 4209 1075 4264 lit
1088 4226 1104 4264 a
1116 4213 1285 4284 presbytero,
1308 4213 1450 4284 suppletur
1465 4227 1481 4266 a
1504 4211 1570 4269 lieo.
1598 4212 1686 4280 Sicut,
1713 4217 1737 4273 si

95 4307 347 4375 detonantem
359 4306 504 4362 consulere
527 4302 609 4360 debet
625 4304 783 4376 praepedito,
808 4305 833 4360 is
849 4320 893 4377 ag·
941 4301 1066 4358 medicus
1081 4303 1191 4358 modum
1202 4302 1310 4359 excedit
1318 4303 1447 4368 secando,
1463 4311 1550 4359 totum
1564 4320 1616 4360 suo
1631 4308 1737 4362 rexmi=

95 4416 251 4474 gressum
262 4416 343 4472 opus,
359 4399 432 4471 quod
445 4398 491 4453 via
503 4412 520 4451 a
534 4412 671 4469 quoquam
682 4397 750 4453 satis
776 4396 892 4470 diligen·
942 4396 984 4451 liti
997 4396 1122 4468 rependit
1136 4397 1255 4456 incaelo.
1273 4396 1301 4454 Si
1324 4412 1391 4462 non,
1420 4403 1451 4452 ut
1466 4405 1582 4468 oportet,
1605 4399 1736 4458 sacerdos

94 4503 144 4552 ter
158 4495 282 4565 beneque
295 4493 444 4564 peragitur,
460 4490 587 4546 invocata
600 4490 693 4547 divina
711 4492 930 4583 opitulatione„
941 4489 1031 4561 punit,
1047 4501 1157 4561 poenam
1172 4487 1244 4544 Deus
1253 4487 1421 4560 superaddit,
1436 4497 1484 4542 aut
1499 4489 1526 4544 in
1550 4489 1642 4544 futuro
1665 4491 1736 4564 igni-

94 4603 132 4644 se
145 4587 325 4659 praemuniat;
335 4585 435 4642 deinde
444 4585 607 4642 attendens:
941 4579 993 4636 bus
1009 4580 1184 4652 purgatoriis,
1201 4587 1247 4634 aut
1261 4579 1290 4633 iu
1301 4579 1353 4634 boc
1367 4579 1558 4636 saeculovariis
1574 4580 1665 4638 modis
1676 4598 1734 4654 poe-

939 4673 1073 4728 nitentem
1088 4687 1161 4730 auno
1174 4672 1335 4728 confusione
1349 4671 1484 4738 afficiens,
1509 4690 1582 4732 raone
1609 4675 1734 4733 cruciatu

939 4769 1057 4835 mens,
1065 4783 1261 4839 nonuunquam
1272 4782 1333 4838 quae
1342 4766 1426 4822 chara
1439 4767 1557 4824 habebat
1565 4769 1671 4826 tollens.
1683 4768 1734 4828 Ne-

92 4859 205 4916 fecerit.
213 4859 281 4914 Nam
290 4859 369 4930 juxta
383 4858 479 4914 barum
492 4856 650 4928 qualitatem
669 4858 889 4913 circumstantia·
938 4861 1071 4932 quecuim
1080 4860 1103 4916 si
1114 4859 1244 4916 sacerdos
1254 4859 1403 4916 inscienter
1414 4858 1548 4916 solvitaut
1561 4861 1637 4933 ligat,
1646 4862 1733 4933 judex

91 4969 172 5018 rum,
185 4952 305 5023 qualitas
314 4951 373 5022 ipsa
386 4951 488 5021 negotii
496 4948 682 5021 perpenditur,
694 4956 721 5005 et
731 4949 773 5004 vel
790 4949 886 5016 levior,
935 4951 1029 5021 iustus
1043 4951 1202 5023 imprudens
1214 4951 1352 5008 decretum
1371 4967 1482 5008 servare
1509 4961 1601 5022 curat;
1631 4961 1679 5010 aut
1706 4955 1730 5010 si

90 5049 141 5106 vel
155 5047 266 5118 gravior
275 5045 356 5117 culpa
367 5044 526 5100 asdmatur.
538 5041 653 5114 Cognita
662 5058 746 5099 causa
756 5043 887 5114 quoniam
937 5051 1038 5112 servat,
1049 5043 1238 5118 quomodoille
1245 5041 1323 5114 juxta
1333 5043 1406 5118 (309)
1417 5044 1607 5100 auctoritatem
1619 5045 1729 5116 propria

89 5141 205 5197 nullum
218 5145 359 5210 peccatum
376 5136 540 5207 impunitum
555 5132 639 5207 (Deus
655 5135 728 5190 enim
738 5149 794 5190 non
807 5135 889 5190 mise·
937 5155 967 5197 se
980 5146 1116 5212 potestate
1129 5138 1236 5211 privati
1249 5137 1383 5194 Nimirum
1394 5146 1460 5194 tunc
1474 5139 1604 5209 privaret,
1620 5137 1644 5192 si
1654 5137 1728 5208 iudi-

89 5226 887 5301 oeturomnibusquioperanturiniquitatem,alcisceusin
936 5233 1010 5289 dum
1024 5247 1079 5288 non
1089 5238 1190 5288 staret:
1211 5229 1304 5286 Facite
1315 5233 1396 5304 igitar
1407 5229 1499 5302 dignos
1524 5229 1626 5299 fricatae
1645 5217 1728 5298 parri-

86 5339 194 5381 omucs
206 5323 416 5378 adinventiones
427 5319 782 5393 ιοιιιιιι)(Ριιι.ιιιιιι,8),
794 5336 885 5376 sacer·
937 5324 1025 5378 tentia
1044 5320 1119 5392 (Luc.
1149 5337 1180 5388 n,
1205 5322 1255 5395 8);
1276 5320 1459 5392 apprehendite
1479 5319 1658 5389 disciplinam,
1681 5329 1729 5374 ne-'

84 5417 145 5474 dos
166 5429 276 5487 paenam
293 5413 458 5484 condignam
475 5427 523 5468 reo
537 5412 719 5482 impositurus
737 5412 885 5484 excogitet,
934 5413 1040 5486 mando
1054 5414 1189 5470 irascatur
1204 5413 1333 5468 flamines
1354 5409 1439 5482 (Paul.
1453 5427 1484 5474 n,
1500 5410 1672 5482 itl3daram
1686 5421 1727 5467 eat

80 5510 172 5580 juata
188 5505 255 5562 illud
267 5504 473 5577 :Facitcdipnaa
485 5501 830 5575 fructecpoenitentioeibac.
839 5519 882 5571 ιιι,
933 5503 1004 5557 caina
1024 5501 1138 5558 incidere
1162 5505 1191 5557 ia
1209 5519 1303 5560 manac
1315 5501 1364 5556 lici
1387 5503 1494 5558 cineratis
1508 5500 1602 5574 (deor.
1614 5517 1642 5568 x,
1667 5502 1723 5572 st).

81 5602 130 5675 8);
137 5599 319 5656 considerans
328 5595 609 5668 quidcujusqucvires
615 5595 732 5660 valeant,
738 5593 805 5666 quid
812 5594 884 5651 ferre
970 5593 1025 5652 Sed
1037 5595 1060 5652 si
1071 5611 1157 5668 usque
1173 5597 1241 5652 adeo
1254 5604 1374 5668 opusest
1384 5595 1528 5668 disciplina
1536 5596 1648 5667 pmnali,
1658 5595 1725 5668 quid

94 4723 181 4793 Quis,
190 4721 263 4794 qaid,
272 4719 766 4796 vbi,qaibuaanailiia,cur,qaomado,
781 4720 888 4793 qaarrdo

123 5712 204 5786 (ὅθι)
219 5710 319 5770 Videat
331 5710 403 5767 fieus
415 5709 587 5766 devotionem
598 5716 673 5765 tuam
681 5707 789 5766 etiamsi
801 5707 883 5764 bomo
933 5707 1018 5776 vict,
1033 5707 1071 5766 be
1081 5723 1198 5768 sacram.
1213 5717 1296 5783 part..
1312 5711 1330 5770 1.
1346 5726 1383 5775 iv,
1395 5725 1420 5768 ι.
1438 5710 1462 5768 b.

80 5803 145 5844 non
158 5783 295 5857 condigne
320 5781 478 5840 moderetur
499 5779 672 5836 afflictionem
689 5787 774 5835 taam.
804 5777 882 5850 liuga
969 5779 1044 5854 (ste)
1062 5779 1155 5854 Greg,
1171 5782 1245 5838 bom.
1260 5781 1296 5837 26
1311 5783 1339 5838 in
1353 5779 1466 5876 biangi
