3967 6334
245 370 298 426 aas
526 313 533 324 ⁵
713 361 898 426 ascusam
918 356 1219 420 coarsurourrm
1238 357 1396 421 rerscorr
1807 369 1848 430 a,

283 479 405 535 Naaman
420 481 502 536 etiarn
519 478 615 552 Syrus,
632 479 712 549 cujus
728 493 828 533 nomeu
842 477 1075 546 interpretaturA
1091 473 1154 527 talis
1165 473 1206 525 sui
1218 487 1318 526 canam
1329 474 1391 542 {ecit
1407 472 1568 543 pnnetpttss
1578 483 1603 536 st
1618 469 1729 530 tribunis
1739 487 1763 529 st
1773 481 1850 545 print,

243 588 335 627 aecor.
361 572 491 642 populum
514 570 684 626 demonstrat
709 569 872 632 nationum,
897 564 1035 636 oriundam
1086 561 1216 618 cutrtoeoe.

244 661 365 734 pertidia
387 662 462 730 lrpra
486 661 667 723 uraculosnm,
693 659 741 716 sed
763 674 812 729 per
833 663 1035 714 sacramentnm
1120 653 1230 709 Nullum
1255 654 1337 709 aliurn
1353 654 1509 710 invemmns
1533 655 1696 710 observasse
1707 653 1775 710 dieto
1787 667 1850 713 nata·

242 753 415 830 baptismatis
430 752 464 806 ab
479 751 552 806 onnri
568 750 691 806 loeditatc
705 759 798 820 postea
814 756 969 821 purgatum.
982 746 1034 814 Qui
1084 743 1138 798 lem
1152 744 1206 807 sui,
1217 744 1270 799 nisi
1280 743 1415 801 Herodem
1425 744 1637 810 etharaonem,
1649 753 1794 816 uterorum
1803 759 1850 804 erat

239 851 331 914 captae
352 843 467 897 consilio
491 843 597 913 puellm,
622 842 673 896 hoc
695 849 748 906 est,
775 841 964 912 inspirationis
987 856 1035 895 su·

243 947 335 1003 pernae
348 932 447 1003 gratia,
468 947 550 1001 quarn
571 931 672 987 ludaeis
695 933 765 986 rnale
780 931 954 987 servantibus
968 945 1035 1000 gen-

242 1032 286 1080 tes
300 1038 415 1094 rapuere
430 1038 480 1094 pro
495 1024 594 1086 saluto,
620 1024 653 1076 ab
672 1021 762 1078 illisce
777 1024 879 1092 septies
891 1024 976 1078 lavari
989 1023 1036 1092 ju·

242 1113 306 1179 brt,
323 1113 387 1182 quia
404 1114 492 1168 solum
515 1113 647 1182 baptisma
670 1114 767 1176 salvat,
790 1113 863 1183 quod
879 1113 1033 1184 septiformi

244 1199 347 1269 Spiritu
365 1211 516 1270 regenerat.
541 1199 619 1256 Unde
639 1214 705 1256 caro
730 1201 789 1270 ejus
811 1211 874 1271 post
892 1202 1032 1256 lavacrum

242 1292 317 1345 velat
331 1305 396 1344 caro
410 1291 487 1361 pueri
510 1291 669 1360 apparuisse
691 1299 869 1356 memoratur,
894 1293 952 1347 sive
967 1292 1032 1362 quia

242 1379 399 1434 cunctosin
414 1378 525 1435 Christo
540 1379 692 1450 baptizatos
713 1381 741 1434 in
756 1397 837 1436 unam
853 1383 924 1452 parit
938 1385 1032 1454 gratiae

241 1480 329 1527 matu
354 1470 507 1536 infantiam,
533 1471 590 1527 sive
611 1472 738 1529 Christus
762 1473 930 1544 intelligatur
952 1489 1031 1544 puer,

1085 849 1141 887 una
1150 835 1288 904 impietas.
1302 844 1376 891 esset
1390 851 1444 890 una
1460 838 1628 893 solemnitas.
1643 837 1700 893 Nos
1711 845 1794 893 autem
1807 857 1851 899 ooo

1084 925 1236 980 nativitatis
1255 926 1326 982 diem
1348 927 1513 982 luxuriando
1532 929 1715 990 celebremus,
1735 930 1779 984 sed
1792 931 1850 988 dieru

1085 1015 1850 1086 mortissempercommemorandotimeamus.ilomoeuiot

1086 1103 1120 1157 od
1135 1104 1252 1158 laborem
1261 1105 1383 1160 nascitur
1396 1102 1458 1177 (tot
1477 1105 1517 1176 v),
1532 1116 1560 1162 et
1570 1097 1658 1162 saneti
1669 1115 1804 1163 transeunt
1812 1127 1851 1180 per

1085 1206 1201 1266 utonem
1215 1195 1250 1250 ad
1258 1211 1384 1266 regnum

1121 1284 1237 1355 Cumque
1246 1287 1378 1342 introisset
1389 1287 1449 1357 filia
1468 1288 1552 1356 ipsius
1564 1285 1725 1342 Herodiodis
1735 1298 1760 1343 et
1768 1290 1851 1344 saltu·

1085 1384 1134 1441 set,
1145 1384 1170 1430 et
1180 1376 1324 1449 placuisset
1336 1376 1447 1443 Herodi,
1458 1379 1587 1448 rimamur
1594 1378 1805 1445 recumbentibus,
1815 1400 1852 1438 rea

1086 1468 1126 1522 sit
1134 1469 1247 1538 praelim:
1264 1467 1327 1524 Pete
1337 1487 1354 1523 a
1364 1486 1405 1525 me
1418 1468 1488 1541 guod
1498 1470 1546 1537 ris,
1558 1478 1582 1524 et
1592 1469 1661 1524 dabo
1673 1471 1729 1526 tibt.
1748 1470 1851 1542 Etjsra·

163 2417 166 2424 .
235 2378 350 2432 illorum
362 2377 428 2433 ibat.

242 1563 322 1633 etrjus
336 1563 444 1632 corpori
458 1578 507 1632 per
520 1563 685 1636 baptismum
700 1571 757 1618 tota
769 1564 938 1620 credentium
953 1565 1033 1621 sobo-
1086 1559 1121 1612 ait
1132 1559 1185 1624 ilbi
1196 1559 1268 1625 Quia
1285 1559 1412 1631 qvidqvid
1429 1561 1534 1630 velleris
1549 1560 1618 1614 dabo
1635 1561 1699 1626 tibi,
1715 1563 1774 1617 licet
1786 1565 1852 1619 bini·

241 1655 282 1710 les
304 1654 449 1708 adtrnator.
472 1651 582 1708 Partem
606 1661 708 1710 sanctae
729 1663 809 1710 terrae
830 1671 922 1710 secum
937 1655 1034 1710 tulisse
1086 1645 1158 1701 didm
1168 1664 1241 1718 reum
1251 1649 1312 1705 mei·
1328 1649 1396 1716 ΟΜ
1410 1666 1469 1704 Μ
1483 1651 1602 1716 mimis
1617 1651 1686 1705 dian
1701 1654 1777 1707 matri
1792 1659 1854 1712 stuf

239 1743 353 1808 dieitur,
370 1743 433 1814 arria
455 1749 563 1814 oportet
583 1743 735 1814 baptizatos
758 1743 892 1799 bonriniei
908 1745 1034 1815 corporis
1087 1737 1277 1807 Qibdieissm?
1295 1738 1331 1793 M
1343 1739 1391 1793 ilbi
1402 1739 1491 1794 bibli?
1508 1738 1718 1810 Capsslbvatmbt
1731 1742 1851 1812 Burbida.

240 1835 450 1904 participatione
461 1834 628 1889 conformari
641 1833 831 1907 [conlrrmari]¹
1048 1818 1070 1873 Β
1084 1826 1200 1900 Cumque
1211 1831 1346 1885 introisset
1356 1832 1447 1885 statim
1464 1847 1523 1884 cum
1534 1832 1704 1902 festinatione
1723 1832 1757 1887 ad
1772 1851 1853 1907 regens,

278 1923 311 1977 Et
327 1926 416 1992 repleti
441 1933 501 1978 sunt
522 1941 610 1979 omarus
631 1926 658 1978 in
680 1923 820 1995 Sgttapogu
840 1925 892 1987 ira,
916 1927 971 1980 lactc
986 1943 1034 1980 nu·
1079 1920 1294 1989 -petioitdicensr
1313 1921 1379 1976 Volo
1390 1931 1419 1975 ut
1429 1923 1549 1990 protinus
1560 1922 1606 1978 alea
1622 1923 1685 1977 milri
1704 1924 1808 1979 indisco
1816 1943 1854 1980 ca·

237 2014 349 2070 dientes.
364 2013 399 2069 m
414 2023 596 2081 sancierunt,
611 2022 635 2068 et
648 2015 777 2084 eiecerunt
792 2015 866 2068 illum
881 2026 957 2070 estre
970 2018 1034 2071 civi·
1082 2020 1128 2080 pul
1141 2009 1255 2066 loannis
1265 2011 1402 2082 Baptista.
1415 2011 1451 2067 m
1461 2015 1635 2069 contristatura
1647 2023 1687 2069 est
1699 2031 1757 2079 rea,·
1765 2027 1855 2087 propter

241 2114 335 2168 tutans,
352 2115 377 2159 et
390 2104 523 2158 duxerunt
537 2104 611 2158 illum
628 2121 708 2176 usque
724 2105 758 2159 ad
773 2107 944 2176 supercilium
958 2123 1034 2163 aton·
1079 2101 1261 2171 juramentum
1277 2111 1365 2158 abiem
1380 2112 1404 2158 el
1413 2113 1519 2173 moriter
1534 2105 1616 2158 simul
1628 2104 1798 2163 recumbentes
1816 2125 1855 2162 no·

238 2197 286 2260 iis,
313 2212 390 2265 ευμεν
413 2213 490 2266 quem
512 2197 605 2250 civitas
627 2195 734 2250 illoram
753 2206 813 2251 erat
835 2196 978 2268 edificata,
1004 2209 1033 2254 nt
1083 2193 1132 2246 bttt‘t
1141 2209 1200 2247 eam
1211 2195 1379 2249 contristare.
1399 2193 1524 2266 bbist'lqtte
1542 2195 1738 2265 spiculatorem,
1748 2207 1772 2252 el
1782 2198 1854 2253 brat

237 2287 435 2356 praecipitarent
444 2303 513 2342 eum.
530 2286 590 2356 lpse
605 2297 693 2342 autem
708 2289 850 2354 transiens,
861 2304 907 2357 per
918 2289 1032 2345 medium
1084 2285 1147 2338 babil
1156 2284 1287 2339 loannem
1300 2286 1327 2339 in
1337 2302 1442 2340 carcere
1453 2302 1463 2348 ἕ
1473 2296 1498 2340 ei
1510 2287 1624 2341 oblatum
1634 2297 1673 2342 esi
1682 2298 1760 2357 capsi
1769 2290 1853 2359 cissis

1082 2372 1166 2439 disco,
1178 2383 1203 2428 et
1213 2372 1307 2427 dotum
1317 2382 1356 2428 est
1365 2376 1470 2443 puelia.
1482 2384 1507 2430 et
1517 2376 1589 2431 dedit
1600 2377 1681 2430 matri
1692 2395 1758 2434 succ.
1775 2378 1807 2433 lit
1815 2397 1852 2434 ac·

275 2467 354 2535 Quod
369 2468 632 2524 boninusuestatur
646 2468 680 2526 de
692 2468 779 2526 lrrdaei
794 2470 887 2535 verbo,
912 2469 965 2526 boc
978 2471 1032 2542 ipsi
1081 2463 1199 2520 cedentes
1208 2464 1332 2536 discipuli
1341 2465 1408 2536 ejus,
1421 2466 1535 2528 tuleram
1546 2484 1640 2538 corpus
1649 2469 1719 2538 ejus,
1730 2472 1853 2540 essentie-

239 2565 379 2614 testantur
392 2556 475 2622 lacto,
491 2558 675 2615 retribuentes
690 2561 761 2615 mala
775 2575 826 2631 pro
839 2559 929 2616 bonis.
947 2559 969 2616 0
984 2547 1032 2633 pe·
1082 2567 1144 2612 runt
1162 2556 1228 2612 illud
1245 2559 1272 2612 in
1287 2567 1464 2614 monumento.
1486 2558 1520 2614 lit
1539 2561 1667 2618 uenientes
1684 2564 1854 2617 nuntiauerant

235 2652 283 2721 jor
313 2649 445 2722 magistro
476 2649 674 2720 discipulorum
703 2650 868 2707 baereditasi
901 2650 1031 2709 Diabolus
1081 2649 1156 2704 iesu.

237 2743 366 2799 diucrat:
382 2740 459 2796 liitte
477 2753 502 2796 tc
519 2741 642 2798 deorsum
663 2740 773 2807 (baran.
793 2742 843 2814 rr),
859 2741 944 2800 ludaei
960 2744 1032 2801 iacto
1117 2736 1227 2797 Timens
1243 2739 1386 2804 nerodias.
1408 2756 1443 2796 ne
1456 2740 1603 2810 aliquam
1617 2739 1751 2806 Ηθῐῡᾶθδ,
1765 2741 1854 2798 ibiibi

236 2835 348 2889 mittere
363 2833 541 2889 conabantur.
564 2830 617 2888 Sed
639 2832 747 2887 illorum
768 2832 916 2890 iurantium
940 2837 1032 2892 subito
1081 2835 1218 2891 moliente,
1234 2828 1424 2898 resipisceret,
1437 2829 1548 2899 0bl³b³l
1563 2829 1591 2883 51¹
1606 2831 1854 2902 boleslalebususm

236 2933 330 3002 anenge
343 2923 541 2994 obstupefacta,
557 2922 688 2979 Dominus
702 2923 853 2989 deseendit,
868 2927 972 2983 malens
982 2943 1031 2984 eos
1081 2916 1196 2982 babere,
1212 2933 1273 2988 (11¹ae
1287 2918 1397 2974 illicitis
1410 2919 1522 2988 ”Uibiis
1537 2921 1668 2990 arguebat
1683 2919 1790 2992 bssffll·
1810 2922 1854 2977 lb·

237 3031 339 3072 sanare
356 3016 584 3087 quamperdere,
606 3022 637 3071 ut
657 3022 765 3075 cassata
786 3032 881 3073 eurum
897 3020 1029 3090 nequitia,
1080 3007 1278 3078 rodis(1¹¹⁰(111‘2
1300 3010 1390 3064 ⁸00¹¹¹⁸
1409 3008 1596 3078 iuramentum
1616 3011 1732 3068 minime
1744 3021 1854 3078 flebili·

238 3107 370 3178 deinceps
385 3106 684 3176 desisterentabejus
704 3113 801 3164 morte.
816 3105 942 3163 Nondum
956 3110 1029 3164 enim
1081 3098 1128 3168 (1¹¹3
1142 3098 1178 3153 ³⁸¹
1192 3098 1244 3154 ¹¹⁰⁰
1259 3097 1330 3154 ῐθῐῐθ
1347 3099 1468 3169 juravit,
1494 3107 1525 3155 bl
1538 3099 1636 3155 luturar
1658 3103 1796 3158 oucisioui
1809 3117 1856 3157 ms-

236 3205 353 3256 venerat
367 3198 440 3253 hora
450 3197 587 3269 passionis
601 3198 672 3268 ejus,
687 3211 739 3254 uec
753 3197 805 3254 boc
818 3213 917 3271 genere
932 3200 1029 3257 mortis
1080 3190 1176 3244 cltinfls
1191 3197 1364 3261 brumiate&
1373 3188 1499 3260 blibquin
1509 3191 1531 3245 sb
1541 3191 1576 3245 ob
1585 3191 1777 3261 iusiurandum
1788 3191 1857 3248 sedi·

238 3287 359 3359 elegerat
371 3287 453 3344 mori.

474 3377 600 3436 zcnrbr
618 3379 726 3437 sitnm
739 3379 790 3438 bis.

387 3486 451 3574 n.
477 3467 543 3577 *r
621 3549 633 3575 .
669 3469 701 3520 ³⁹
746 3487 799 3576 L.
836 3469 866 3519 ¹¹

276 3612 309 3668 ln
320 3613 367 3668 illo
379 3622 492 3683 tentpore
513 3610 631 3668 Herodes
648 3612 781 3668 terrarcna
793 3614 875 3668 tenuit
887 3613 1028 3678 loannem,

238 3715 265 3759 et
276 3705 360 3760 uinxit
370 3719 429 3758 eum
440 3703 467 3756 in
477 3717 608 3756 carcerem
618 3710 723 3771 propter
734 3701 911 3758 Herodiodem
921 3719 1030 3760 sacrent

238 3795 359 3865 Philippi
371 3794 464 3864 fratria
475 3794 528 3858 sui,
538 3794 600 3863 guia
610 3791 723 3848 duxerat
733 3809 800 3848 sum.

276 3885 360 3941 Vetus
374 3884 490 3940 historia
498 3891 595 3936 narrat
605 3878 770 3954 Philippum,
787 3881 903 3939 Herodis
917 3884 1030 3954 majoris

238 3974 337 4038 tilium,
350 3973 401 4029 sub
412 3989 467 4043 quo
478 3971 610 4028 Dominus
625 3970 693 4042 iugit
707 3971 734 4026 in
747 3969 907 4043 AEggptum,
917 3970 1029 4027 iratrem

237 4065 324 4135 'irrrjus
339 4063 454 4120 lierodis
475 4064 594 4134 subque
607 4077 707 4133 passus
717 4073 758 4119 est
771 4062 906 4128 Christus,
919 4063 1031 4130 duxisse

240 4151 432 4216 llerodiadem,
457 4151 539 4206 liliam
565 4150 653 4207 Aretae
683 4150 755 4221 regis
777 4150 909 4207 Arabum.
933 4151 1031 4208 Postea

239 4261 305 4301 vcro
316 4244 474 4314 socerejus,
488 4243 592 4298 exortis
606 4241 769 4313 quibusdam
780 4251 875 4296 contra
899 4257 1030 4313 generum

238 4337 438 4398 simultatibus,
460 4334 525 4389 tulit
546 4333 628 4387 filiam
650 4347 743 4396 suam,
769 4340 796 4387 ot
813 4347 873 4387 eam
890 4333 1031 4402 copulavit

239 4427 342 4484 llcrodi
358 4427 469 4482 inimico
483 4425 561 4496 ejus,
579 4433 607 4481 et
622 4425 650 4480 in
665 4425 785 4480 dolorem
801 4423 900 4494 prioris
918 4425 1029 4490 inmiti,

240 4528 269 4574 et
283 4519 348 4589 quia
363 4517 409 4572 ille
422 4516 535 4587 majoris
555 4524 629 4572 esset
649 4516 793 4586 potestatis
806 4523 834 4571 ct
848 4515 936 4571 samaa.
958 4515 1031 4588 Ergo

236 4608 361 4664 Joannes
375 4609 422 4677 qui
435 4615 548 4662 venerat
567 4607 595 4661 in
611 4606 715 4676 Spiritu
730 4616 756 4663 et
775 4607 878 4662 virtute
891 4605 966 4676 lilim,
981 4624 1029 4664 ea·

239 4701 304 4754 ilem
319 4699 465 4751 autoritate
479 4711 532 4768 qua
547 4696 593 4751 ille
606 4694 700 4752 Achab
714 4711 804 4766 regern
818 4698 990 4769 corripuerat
1004 4707 1031 4755 et

240 4787 351 4842 lezabel
364 4801 476 4840 uxorem
494 4786 555 4854 eius
570 4784 631 4856 (lii
643 4784 706 4858 fleg.
726 4786 817 4858 rvrrr),
836 4789 927 4858 arguit
943 4786 1030 4843 liero-

242 4877 303 4932 dem
312 4883 339 4932 et
348 4875 536 4932 Herodiadem.

1080 3279 1118 3334 cit
1128 3278 1237 3344 iecisse,
1250 3279 1316 3350 quid
1327 3279 1350 3335 si
1360 3280 1458 3335 matris
1467 3280 1523 3335 illia
1537 3282 1706 3352 postulasset
1715 3281 1857 3339 interitum!

1081 3366 1154 3424 Saae
1168 3367 1191 3425 si
1207 3367 1311 3439 aliquid
1323 3368 1395 3426 torte
1412 3385 1464 3427 uos
1475 3371 1614 3427 incautius
1624 3373 1736 3441 jurasse
1749 3374 1858 3444 contige-

1081 3460 1127 3525 rit,
1141 3459 1214 3532 quod
1230 3461 1403 3516 observatum
1416 3468 1506 3519 vertat
1524 3462 1553 3518 in
1571 3464 1692 3534 peiorem
1706 3465 1817 3528 exitum,
1829 3464 1857 3520 li·

1080 3552 1144 3609 bere
1160 3551 1228 3608 illud
1241 3552 1359 3609 consilio
1373 3553 1526 3610 salubriore
1538 3554 1699 3611 mutandum
1714 3557 1858 3612 noverimus

1080 3659 1113 3699 ac
1131 3644 1219 3715 magis
1242 3644 1363 3701 instante
1387 3647 1552 3703 necessitate
1568 3647 1767 3719 perjurandum
1780 3647 1856 3714 nobis,

1079 3751 1162 3809 quam
1176 3751 1226 3808 pro
1242 3735 1355 3792 vitando
1367 3737 1499 3808 perjurio,
1516 3739 1544 3793 iu
1554 3739 1628 3794 aliud
1639 3739 1748 3796 crimen
1760 3739 1857 3811 gravius

1080 3846 1142 3887 esse
1155 3828 1355 3886 divertendum.
1376 3828 1481 3885 iuravit
1494 3828 1581 3886 David
1594 3847 1643 3902 per
1655 3830 1802 3886 bominum
1819 3845 1857 3884 oe-

1080 3919 1172 3976 cidere
1183 3919 1270 3974 Nabal
1281 3921 1371 3976 uuum
1386 3920 1500 3975 stultum
1512 3921 1660 3990 etimpium
1670 3919 1699 3992 (l
1720 3919 1783 3990 lleg.
1792 3918 1856 3990 xvv),

1081 4021 1162 4082 atque
1174 4011 1266 4066 omnia
1277 4026 1338 4081 quae
1349 4009 1383 4066 ad
1397 4010 1473 4065 illum
1483 4011 1651 4082 pertinerent
1663 4011 1790 4066 demoliri
1800 4028 1807 4077 ς
1818 4009 1858 4065 sed

1081 4103 1118 4166 ad
1129 4103 1246 4173 primam
1267 4101 1490 4157 intercessionem
1504 4100 1623 4174 abigail,
1635 4101 1780 4171 prudentis
1792 4100 1857 4154 lemi-

1079 4206 1133 4255 aae,
1148 4189 1235 4246 Nabal
1250 4191 1356 4246 remisit
1371 4190 1471 4247 minas.
1491 4188 1551 4245 Non
1571 4190 1659 4246 solum
1673 4197 1766 4244 autem
1781 4189 1807 4242 in
1820 4187 1858 4257 ju·

1080 4281 1178 4346 rande,
1195 4281 1243 4338 sed
1264 4288 1292 4352 et
1307 4281 1337 4336 in
1354 4281 1429 4337 omni
1442 4283 1515 4352 qrtod
1530 4283 1652 4353 agimus,
1667 4281 1727 4337 baec
1744 4280 1858 4336 modera-

1081 4373 1119 4426 tio
1133 4371 1263 4430 solertius
1282 4378 1325 4427 est
1345 4372 1526 4436 observanda,
1543 4380 1574 4425 ct
1589 4373 1612 4428 si
1631 4373 1714 4427 talern
1735 4371 1805 4426 lorte
1824 4369 1857 4421 la-

1045 4479 1069 4535 p
1083 4477 1162 4533 prum
1179 4461 1368 4526 inciderimus,
1383 4477 1415 4516 ex
1426 4477 1482 4532 quo
1496 4461 1556 4518 sine
1572 4462 1663 4531 aliquo
1677 4469 1790 4530 peccato
1803 4473 1856 4513 sur·

1083 4567 1147 4623 gena
1170 4565 1226 4605 non
1241 4552 1395 4622 possimus,
1412 4551 1488 4606 illurn
1503 4552 1593 4622 potius
1616 4549 1751 4606 evadendi
1764 4549 1857 4604 aditum

1080 4647 1223 4714 petamus,
1243 4641 1271 4696 in
1291 4655 1346 4711 qtro
1360 4641 1450 4696 minus
1467 4641 1618 4711 periculum
1634 4655 1695 4696 esse
1709 4640 1855 4696 cernimus:

1077 4731 1156 4801 justa
1167 4731 1228 4785 illos
1241 4731 1299 4801 qni,
1312 4729 1458 4784 hostilibus
1471 4729 1557 4784 clausi
1577 4730 1675 4794 uraris,
1690 4743 1755 4783 cum
1769 4724 1858 4782 erade-

1079 4835 1109 4874 re
1116 4819 1314 4883 desiderantes,
1329 4829 1470 4888 portarum
1479 4834 1620 4874 accessum
1629 4819 1681 4873 sibi
1690 4818 1857 4873 interdictum

1079 4910 1266 4974 considerant,
1282 4909 1319 4963 ibi
1334 4923 1448 4964 necesse
1460 4917 1502 4963 est
1516 4916 1547 4962 ut
1558 4908 1702 4964 desiliendi
1716 4907 1806 4963 locum
1818 4905 1857 4962 eli·

472 4963 514 5050 M
522 5023 535 5048 ο
573 4943 620 4994 m
666 4964 719 5049 R·
755 4945 786 4995 ⁶⁰
1079 5007 1155 5068 gant,
1174 4999 1221 5053 ubi
1237 5013 1316 5053 muro
1330 5000 1466 5053 existente
1478 4999 1613 5062 breviore,
1629 4996 1775 5052 minimum
1790 4995 1856 5066 peri·

279 5085 388 5144 bicebat
401 5085 598 5141 enimiounnes
613 5085 735 5142 lierodi:
754 5085 816 5140 Non
834 5087 894 5142 licet
905 5089 953 5142 tibi
970 5105 1030 5144 eam
1079 5088 1135 5143 culi
1151 5088 1278 5144 cadentes
1292 5089 1446 5144 incurrant.
1463 5087 1603 5160 [uranon]
1619 5087 1724 5142 idcireo
1738 5086 1823 5148 dixit,
1835 5091 1858 5136 et

239 5179 345 5234 trabere.
366 5177 499 5234 Herodian
511 5187 598 5232 autern
618 5176 797 5232 insidiabatur
807 5178 866 5242 illi,
880 5187 906 5232 et
928 5179 1030 5235 uolebat
1079 5179 1251 5233 contristatus
1265 5188 1304 5232 est
1322 5195 1369 5233 res
1380 5195 1390 5242 ;
1401 5181 1467 5250 qnia
1482 5179 1690 5236 consuetudinis
1705 5186 1750 5234 est
1763 5185 1793 5233 ut
1805 5176 1858 5246 opi·

240 5287 301 5325 eum
311 5268 437 5333 occidere,
449 5283 495 5323 nce
504 5276 617 5338 putenm.
634 5267 670 5323 il.
685 5267 803 5323 Timebat
813 5269 882 5323 enirn
893 5271 1028 5341 populum,
1079 5271 1189 5327 nioneua
1199 5271 1346 5326 multorum
1363 5271 1403 5325 sic
1417 5279 1510 5326 namet
1520 5268 1858 5340 historicus,quomodoeo

242 5361 305 5430 quia
316 5360 382 5414 sicut
390 5359 542 5428 proplietam
551 5375 611 5413 eum
619 5358 759 5414 iubebant.
770 5359 805 5416 bl.
817 5357 851 5414 R.
865 5359 994 5416 Similiter
1004 5371 1030 5416 et
1079 5367 1202 5430 tempore
1215 5360 1249 5415 ab
1256 5359 1394 5424 omnibus,
1402 5359 1574 5415 credebatur.
1587 5359 1640 5415 Ubi
1647 5360 1760 5424 dicitur,
1771 5365 1856 5426 etpro⁴

243 5449 362 5505 Herodes
380 5449 467 5504 uolens
481 5449 557 5504 illum
567 5449 695 5516 occidere,
718 5449 859 5504 ructuabat.
880 5449 913 5504 li.
938 5449 1028 5505 Sciens
1079 5460 1137 5521 pter
1147 5449 1226 5504 simul
1236 5447 1422 5513 recumbentes,
1437 5451 1495 5504 vult
1507 5449 1629 5506 llerodes
1643 5465 1740 5507 omnes
1750 5449 1794 5505 sui
1805 5461 1856 5502 soe·

242 5556 300 5595 euna
313 5541 396 5594 uirum
404 5539 507 5609 justum
518 5548 542 5593 ct
553 5549 684 5606 sunctum,
693 5549 718 5594 et
730 5538 893 5595 mstodiebat
904 5556 973 5595 eum.
995 5539 1029 5594 Et
1080 5541 1146 5612 leris
1171 5555 1232 5596 esse
1247 5547 1399 5608 consortes.
1422 5539 1549 5612 Legimus
1563 5541 1592 5596 in
1612 5540 1736 5596 Romana
1749 5536 1856 5596 historia

242 5627 333 5682 audito
348 5645 389 5693 eo,
409 5628 493 5682 nrulta
504 5625 628 5698 sudabat,
646 5637 671 5682 et
683 5629 793 5683 libenter
802 5645 861 5682 eum
874 5628 1027 5684 audiebant.
1081 5628 1243 5682 Flaminium
1260 5629 1357 5684 ducem
1372 5627 1575 5695 Romanorum,
1595 5629 1788 5685 acensoribus
1802 5625 1856 5696 pul·

239 5716 277 5774 il.
291 5717 325 5773 ii.
340 5717 373 5772 Et
384 5735 443 5772 curn
451 5718 508 5774 dies
520 5728 679 5788 opportunus
692 5718 840 5784 occidisset,
854 5718 968 5774 llertdes
979 5736 1029 5772 aa·
1081 5736 1141 5775 sum
1153 5720 1285 5788 decuria,
1301 5719 1361 5776 ideo
1374 5721 1445 5792 quod
1459 5720 1638 5778 meretriculae
1651 5735 1711 5792 quae
1724 5729 1856 5790 nunquam
