3967 6334
83 329 137 390 tte
546 331 582 388 ΙΝ
600 330 700 389 cauli
716 330 764 387 EX
782 327 952 401 uuerden
970 327 1074 384 LIBER
1094 325 1254 385 tunultu.
1659 327 1713 390 lib

83 449 174 513 seriae,
188 447 237 518 qui
254 449 401 520 cupierunt
411 448 565 519 presentia.
590 446 659 502 Nam
672 448 770 519 etipsa
782 453 876 501 trans·
889 453 913 508 Α
927 443 983 507 tini,
999 453 1025 496 et
1040 461 1092 498 uon
1102 443 1212 498 dedistis
1223 441 1289 497 mibi
1298 451 1397 512 potum.
1413 436 1611 512 itomanam,
1625 451 1650 498 et
1660 460 1713 498 nan

82 539 166 593 ituria
193 539 242 595 Dei
257 539 339 603 dona,
352 547 480 610 respectu
490 547 659 594 acerrimum
672 537 803 593 dicuntur
813 552 875 592 esse
925 535 1067 606 collegistis
1083 535 1233 590 melladus
1244 543 1268 590 et
1279 551 1330 588 nori
1344 535 1484 602 operuistis
1495 532 1675 604 mainfinitus
1687 546 1713 590 et
1807 577 1811 586 .

82 631 112 685 in
126 631 241 687 sinistra
251 649 258 698 ;
269 639 373 687 eterna
386 631 487 687 veroin
497 629 873 701 dextera,quisuntpotiora.
924 628 952 680 in
966 644 1080 692 carcere,
1090 636 1115 682 et
1129 644 1181 681 nou
1195 628 1323 682 visitastis
1335 642 1385 682 ore.

81 719 154 776 ilinc
165 729 210 777 est
224 722 291 778 illud
307 741 314 776 ε
331 721 523 792 Gorsapientis
540 726 568 778 in
581 722 692 777 dextera
706 721 773 791 ejus,
789 728 815 776 et
828 737 875 774 cor
959 719 1103 794 [deense]
1121 721 1256 786 Christus,
1282 728 1364 791 caput
1381 730 1426 776 est
1448 721 1594 789 Ecclesim3
1610 735 1713 792 corpus

80 813 160 867 stulti
184 815 214 867 in
240 815 361 870 sinistris
390 814 466 869 illius
492 814 591 887 (Erebe.
614 814 654 884 x).
680 813 779 869 llaedos
793 822 875 868 roeat
923 813 995 883 ejus,
1012 813 1144 870 Ecclesia.
1156 811 1185 867 ln
1200 823 1296 868 nostro
1311 822 1518 884 corporecaput
1532 830 1642 870 sursum
1657 820 1711 878 est,

80 911 255 970 peccatores,
283 906 348 975 quia
372 921 422 976 pro
447 915 560 976 peccato
583 906 654 960 haedi
678 905 872 960 offerebantur.
923 903 1006 972 pedes
1019 906 1048 957 in
1062 911 1136 958 terra
1170 903 1199 958 ln
1227 904 1317 972 aliqua
1332 903 1533 975 constipatione
1556 904 1711 968 hominum,

79 991 144 1047 Non
172 995 239 1048 dicit
263 1010 372 1066 capras,
394 1012 456 1066 quae
476 1004 592 1066 possunt
612 996 810 1058 hebescimus,
826 996 875 1051 sed
922 996 1033 1064 quando
1047 997 1146 1066 aliquis
1160 995 1210 1050 tilii
1221 996 1523 1065 pedcmcalcat‚nonne
1538 995 1604 1050 dicit
1617 1005 1711 1066 caput,

79 1086 218 1140 lascivum
231 1087 334 1140 animal
343 1097 371 1143 et
384 1089 533 1158 petulcum,
548 1096 576 1142 et
591 1103 701 1158 ceroper
715 1088 825 1143 ferrens
837 1087 872 1142 ad
922 1087 1013 1142 calcas
1032 1088 1093 1141 mei
1107 1085 1250 1153 Quomodo
1273 1102 1339 1156 crgo
1353 1087 1445 1157 lingua
1459 1102 1541 1156 quam
1559 1101 1638 1142 nemo
1650 1093 1712 1141 tan-

78 1179 198 1240 coitum,
215 1179 303 1247 ponit.
923 1180 971 1247 git,
988 1179 1065 1242 dicit,
1078 1180 1169 1232 calcas
1185 1195 1238 1242 mc,
1253 1183 1292 1232 sic
1306 1178 1435 1234 Christus
1445 1177 1619 1248 caput,quod
1630 1191 1712 1234 nemo

116 1270 193 1322 Tune
210 1269 278 1323 dicet
293 1285 340 1324 res
356 1270 397 1325 liis
416 1273 460 1341 qni
481 1288 498 1324 a
519 1271 621 1325 destris
642 1272 700 1341 ejus
713 1281 805 1326 erunt:
823 1271 873 1325 Ve-
922 1272 1020 1338 calcat,
1039 1271 1128 1326 dicet:
1147 1270 1265 1335 Esuriui,
1276 1279 1302 1324 et
1317 1287 1369 1324 raon
1384 1269 1496 1324 dedistis
1515 1269 1580 1324 milii
1597 1267 1712 1323 manda·

77 1360 145 1423 nite,
164 1361 293 1415 benedicti
311 1362 403 1416 Patris
426 1365 487 1427 mei,
509 1363 641 1432 possidete
661 1373 786 1435 paratum
799 1363 872 1419 uobis
922 1379 993 1424 core,
1009 1371 1061 1418 etc.

78 1456 538 1522 regimmeearistitutionemundi.
959 1455 1032 1508 Tune
1057 1454 1248 1524 respondebunt
1274 1462 1300 1509 et
1329 1453 1400 1522 ipsi,
1423 1451 1562 1506 dicentes:
1587 1450 1709 1516 Domine,

114 1542 176 1600 llex
195 1560 289 1616 regum
305 1548 364 1602 sine
387 1548 502 1618 strepitu
526 1547 673 1603 uerborum
690 1548 828 1618 loquetur,
845 1548 873 1604 id
921 1546 1027 1618 quarrdo
1049 1556 1073 1601 te
1101 1547 1213 1601 uidimus
1235 1547 1403 1606 esurientem,
1432 1554 1479 1598 nut
1498 1546 1642 1608 sitientem,
1663 1553 1711 1598 aut

75 1643 144 1698 cst,
174 1637 364 1693 nraoilestaltit
392 1640 578 1694 conscientias
607 1647 635 1694 et
662 1641 769 1696 merita.
795 1640 873 1697 Dicet
921 1637 1058 1708 bospitem,
1070 1648 1116 1693 aut
1131 1639 1241 1702 nardum,
1256 1649 1302 1692 aut
1315 1639 1461 1708 infirmnm,
1473 1638 1549 1692 celin
1560 1644 1711 1703 currerent

76 1726 175 1798 itaque
201 1744 252 1800 per
275 1731 447 1787 collationem
462 1732 572 1802 gloriae:
588 1729 694 1796 Venite,
722 1733 870 1798 benedicti,
922 1747 975 1784 non
989 1731 1201 1786 ministravimus
1215 1730 1287 1786 tibi?

74 1818 217 1873 beneficio
238 1819 329 1875 Patris
357 1802 410 1875 mei
435 1822 553 1891 promoti
574 1821 609 1875 ad
631 1821 809 1877 obtinendum
827 1804 907 1879 re·B
958 1821 1098 1879 Excusare
1126 1829 1252 1894 satagent
1279 1839 1312 1879 cx
1326 1823 1536 1887 consuetudine,
1557 1837 1611 1894 qua
1637 1823 1711 1882 sole·

73 1927 165 1980 gnum
193 1913 265 1979 uitae,
289 1913 514 1986 praedestinatum
537 1914 617 1970 vobis
635 1929 652 1968 a
673 1915 871 1973 constitutione
921 1914 988 1969 hant
1021 1914 1148 1970 homines
1163 1915 1273 1982 tallere;
1290 1915 1338 1971 sed
1361 1931 1417 1971 non
1432 1899 1534 1972 hbbent
1551 1916 1719 1972 excusatio--

73 2001 185 2056 mundi.
921 2020 994 2069 nem,
1010 2005 1058 2074 qui
1075 2005 1198 2060 conserti
1221 2021 1236 2058 a
1260 2006 1339 2060 rnalis
1353 2013 1381 2061 et
1403 2020 1484 2077 agere
1510 2006 1583 2061 bona
1609 2005 1709 2064 nolue-

111 2093 225 2148 Esuriri
237 2096 317 2161 enim,
330 2102 356 2149 et
369 2095 481 2150 dedistis
505 2096 570 2150 mibi
583 2095 761 2160 munducare:
784 2099 869 2162 sitini,
921 2103 995 2152 runt.

72 2193 98 2238 es
111 2185 230 2241 dedistis
249 2187 314 2241 milri
336 2185 439 2250 bibere:
463 2188 555 2257 lorpes
578 2205 662 2253 eranr,
680 2199 706 2243 et
726 2190 869 2262 collegistis
957 2191 1031 2244 Tunc
1051 2189 1217 2260 respondebit
1234 2189 1299 2257 iliis,
1321 2190 1430 2246 dicens:
1443 2191 1527 2245 Amen
1549 2189 1608 2246 dieo
1624 2190 1708 2258 uobis,

73 2295 136 2342 ine:
158 2279 257 2344 nudus,
274 2290 300 2335 et
321 2282 459 2350 operuistis
480 2294 536 2345 me:
550 2283 671 2353 infirmus
694 2293 720 2338 et
739 2285 870 2340 visitastis
920 2285 1038 2358 quandiu
1054 2303 1107 2341 non
1121 2287 1221 2357 fecistis
1237 2288 1283 2341 uni
1300 2286 1332 2339 de
1353 2285 1500 2340 minoribus
1512 2285 1562 2353 liis,
1580 2303 1626 2341 nes
1641 2285 1709 2342 mibi

73 2387 134 2435 me,·
148 2372 177 2424 in
191 2389 307 2437 carcere,
318 2383 344 2428 et
357 2375 467 2428 venistis
479 2373 513 2427 nd
529 2391 578 2428 me.
920 2378 1031 2448 [scistis.
1047 2377 1083 2432 Et
1098 2378 1172 2432 ibunt
1185 2377 1212 2432 bi
1221 2379 1249 2431 in
1259 2378 1415 2448 supplicium
1427 2385 1564 2442 aeternnm,
1572 2377 1641 2448 justi
1657 2396 1707 2434 au*

108 2462 262 2519 Manifesta
276 2471 341 2521 sunt
359 2481 443 2536 opera
470 2467 676 2532 misericordie,
695 2469 730 2524 ad
744 2469 869 2540 corporis
920 2477 972 2524 tem
983 2464 1012 2523 iri
1026 2471 1107 2525 uitam
1121 2480 1256 2526 aternam.

70 2555 210 2612 miserias
233 2557 408 2626 pertinentia.
434 2557 477 2614 lld
503 2561 609 2616 animas
624 2575 689 2617 vero
710 2569 826 2632 spectat,
838 2570 870 2617 ut
955 2560 1081 2636 illaria]
1097 2561 1169 2629 Quid
1184 2569 1305 2618 meretur
1318 2563 1366 2634 qui
1381 2563 1471 2620 aliena
1491 2564 1573 2634 rapit,
1590 2564 1614 2620 si
1627 2571 1709 2622 aeter·

68 2648 249 2703 esurientem
273 2656 301 2704 et
324 2649 463 2705 sitientem
476 2650 614 2722 iustitiam
639 2669 710 2724 pane
728 2654 804 2710 uerbi
819 2653 867 2710 Dei
918 2655 1018 2712 naliter
1033 2656 1191 2720 damnatur,
1208 2657 1254 2727 qui
1271 2655 1305 2712 de
1320 2671 1370 2712 suo
1385 2672 1440 2711 non
1454 2656 1551 2712 dedit?
1571 2655 1709 2714 indicium

68 2739 200 2805 reficias,
212 2741 256 2796 rel
269 2752 334 2812 potu
346 2743 488 2814 sapientise
506 2744 664 2815 refrigeres.
679 2745 824 2802 Errantem
838 2747 868 2801 in
918 2750 975 2804 sine
989 2749 1173 2805 misericordia
1188 2751 1234 2820 fiet
1248 2751 1272 2804 ei
1286 2751 1331 2822 qrsi
1347 2767 1399 2804 uon
1413 2750 1475 2820 serit
1496 2750 1709 2806 misericordiane

68 2831 191 2886 domum
213 2833 312 2888 matris
334 2832 464 2891 Ecclesiae
488 2851 606 2904 revoca3
633 2837 737 2892 nudum
759 2853 775 2892 a
794 2837 867 2892 bono
918 2838 989 2911 (ins.
1007 2840 1049 2915 rt).
1061 2839 1215 2896 Notandum
1225 2843 1289 2912 quia
1300 2840 1488 2912 perlectorum
1500 2856 1572 2898 unus
1583 2840 1652 2898 ordo
1665 2851 1709 2899 est

67 2929 171 2986 opere,
186 2917 337 2975 virtutibus
350 2935 433 2986 orna;
450 2921 587 2980 infirmum
602 2923 630 2976 in
640 2922 693 2977 irde
707 2923 864 2978 corrobora.
917 2931 946 2986 in
959 2931 1076 3003 judicio,
1094 2933 1141 3004 qui
1166 2949 1228 2989 cani
1246 2931 1301 2988 Deo
1315 2931 1431 3002 judicat,
1447 2937 1474 2989 et
1488 2948 1543 2989 nou
1556 2933 1706 3003 judicatur.

66 3001 98 3059 ln
130 3006 315 3064 tribulatione
342 3010 434 3080 aliqua
461 3027 508 3066 seu
534 3027 646 3067 carcere
674 3012 793 3068 tristitiae
817 3029 866 3083 op-
917 3021 956 3078 De
970 3022 1014 3078 lis
1028 3021 1161 3078 Dominus
1171 3023 1224 3078 ait:
1242 3017 1405 3078 Sedebitiset
1422 3041 1465 3078 cos
1474 3023 1630 3094 supersedes
1644 3025 1709 3078 duo·

64 3117 175 3172 presso
200 3103 328 3171 subveni,
353 3106 544 3176 compatiendo
561 3107 603 3162 rel
623 3108 791 3163 consolando
801 3123 865 3164 uera
881 3155 902 3211 C
917 3114 1003 3170 decim
1018 3113 1126 3188 (llattb.
1141 3115 1211 3188 xta).
1227 3115 1304 3172 illius
1315 3116 1382 3171 ordo
1397 3117 1480 3172 etiam
1493 3117 1599 3187 judicat
1613 3133 1708 3173 erem-

64 3193 237 3250 dilectione.
919 3207 964 3277 plo
976 3222 1027 3261 suo
1042 3207 1185 3276 reprobos,
1201 3206 1375 3275 ctjudicatur
1388 3223 1452 3262 cum
1466 3207 1491 3263 ci
1504 3207 1622 3263 dicitur:
1640 3207 1709 3263 Ero·

104 3285 189 3340 Tunc
206 3286 407 3356 respondebunt
430 3290 454 3343 ei
476 3289 555 3360 justi,
581 3289 717 3345 dicentes:
740 3289 866 3355 Domine.
918 3299 978 3362 riui,
990 3308 1015 3352 et
1027 3297 1138 3364 dedistis
1152 3297 1217 3352 asilii
1230 3299 1399 3354 munducare.
1423 3298 1486 3353 ltati
1510 3313 1586 3364 vcra,
1601 3300 1650 3370 qui
1665 3300 1709 3354 in-

62 3377 183 3450 gerenda
201 3387 226 3433 te
236 3379 352 3435 uidimus
371 3383 537 3446 esurientem,
552 3391 577 3437 et
587 3384 868 3452 parimuslsitientem
918 3397 961 3445 tra
976 3388 1126 3446 Ecclesiam
1142 3396 1215 3453 sunt,
1228 3389 1321 3460 utique
1339 3373 1399 3444 'non
1410 3389 1545 3458 iudicant,
1572 3388 1620 3444 sed
1633 3387 1710 3460 judi-

61 3478 89 3523 et
104 3468 237 3524 dedimus
258 3471 306 3525 tibi
327 3476 442 3540 potum?
464 3472 578 3540 Quando
601 3483 689 3528 autem
713 3484 737 3529 te
757 3475 868 3530 uidimus
918 3493 1026 3545 cantur,
1042 3496 1106 3535 cum
1128 3481 1169 3536 eis
1195 3479 1312 3535 dieitur:
1331 3477 1449 3545 Esuriri,
1473 3487 1498 3534 et
1522 3495 1574 3533 non
1594 3478 1709 3534 dedistis

62 3560 219 3630 bospitenr,
231 3571 258 3616 et
267 3563 422 3635 collegimus
438 3568 481 3621 tei
495 3576 542 3620 aut
561 3567 671 3633 nudum,
688 3578 714 3622 et
732 3564 869 3638 cooperui·
918 3572 983 3625 mibi
993 3571 1164 3626 manducare.
1178 3569 1217 3626 De
1233 3571 1277 3628 his
1291 3578 1382 3626 autem
1396 3571 1444 3642 qui
1460 3571 1539 3626 entra
1553 3567 1712 3626 Ecclesiam

60 3671 125 3708 nius
144 3653 263 3709 teidst
277 3656 383 3726 qnando
399 3666 423 3712 te
433 3659 546 3714 uidimus
563 3661 700 3731 infirmum
711 3672 759 3716 ant
772 3664 801 3717 in
812 3680 869 3716 car·
919 3666 1077 3723 inveniendi
1101 3673 1177 3729 suut,
1199 3665 1266 3720 dicit
1291 3665 1458 3722 Psalmista:
1479 3663 1542 3719 Non
1565 3669 1713 3734 resurgunt

58 3762 135 3811 cere,
147 3755 180 3800 et
194 3748 314 3803 uenimus
326 3748 361 3804 ad
372 3754 417 3807 te?
917 3760 993 3829 impii
1004 3760 1031 3813 in
1042 3757 1145 3829 judicio
1161 3755 1249 3830 (Paul.
1267 3758 1300 3830 t),
1319 3765 1349 3814 ut
1368 3759 1413 3815 uel
1425 3757 1562 3829 judicent,
1579 3757 1626 3814 uel
1638 3757 1715 3827 iudi·

97 3837 134 3892 ln
150 3839 338 3895 conscientiis
355 3841 415 3898 suis
429 3842 466 3898 ita
482 3845 697 3915 respondebunt,
723 3861 780 3902 non
797 3847 868 3902 dilli-
916 3858 1024 3906 centor.
1038 3849 1152 3906 Gemina
1164 3850 1278 3920 punitur
1296 3851 1430 3905 sententia
1452 3850 1564 3920 impius,
1584 3847 1654 3902 dum
1670 3855 1719 3900 aut
1742 3870 1745 3880 =

57 3930 173 3986 dentes
188 3932 326 3988 deverbis
339 3932 458 4003 Domini,
476 3935 524 3990 sed
543 3938 585 3992 rel
606 3945 747 4008 stupentes
761 3939 795 3993 de
808 3955 867 3994 ma·
917 3945 962 4000 hic
972 3959 1023 4015 pro
1036 3944 1095 4000 suis
1106 3943 1211 3998 meritis
1227 3943 1326 3998 mentis
1351 3943 1475 3998 cecitate
1495 3939 1667 4012 percutitur,
1683 3951 1719 3991 ne

54 4023 222 4096 gnitudine
236 4025 391 4096 majestatis
405 4028 487 4097 regis,
501 4029 544 4082 vel
558 4029 623 4099 quia
634 4045 748 4100 parvom
759 4030 867 4085 ridetur
916 4035 1061 4090 ueritatem
1079 4035 1185 4101 rideam
1208 4040 1255 4089 aut
1278 4034 1345 4090 dum
1365 4036 1400 4090 in'
1409 4033 1465 4089 llne
1478 4027 1672 4092 damnabitur,
1687 4031 1720 4080 ut

53 4117 102 4172 eis
118 4132 214 4173 omne
226 4118 332 4172 bonum
344 4117 418 4190 quod
441 4118 565 4176 lecerunt
580 4122 784 4192 comparatione
796 4139 866 4192 prae-
916 4127 1024 4183 debitas
1035 4141 1132 4198 peenas
1144 4126 1278 4181 exsolvat.
1293 4124 1333 4182 De
1348 4127 1411 4198 igne
1426 4130 1519 4179 autem
1535 4119 1636 4174 etemi
1652 4131 1722 4186 sup·

52 4213 121 4268 mii.
136 4211 405 4282 Unde-apostotus:
421 4212 483 4268 Non
506 4224 567 4269 sunt
580 4215 716 4287 condigne
729 4217 865 4286 passiones
915 4218 991 4288 plieii
1003 4218 1068 4290 quid
1083 4216 1172 4272 sancti
1183 4215 1280 4272 Patres
1299 4217 1451 4282 senserint,
1469 4213 1498 4267 in
1515 4207 1638 4264 medium
1655 4219 1723 4274 pro·
1794 4273 1797 4280 1

52 4303 145 4372 irrrjas
159 4301 346 4372 teniparis,ad
362 4303 480 4373 futuram
493 4305 617 4377 pieriam,
636 4323 696 4379 que
707 4306 866 4363 revelabitur
917 4306 1047 4364 ieramus.
1064 4305 1106 4361 Ex
1117 4307 1187 4361 libro
1202 4309 1447 4376 prognosticorum
1463 4302 1500 4357 de
1513 4297 1596 4353 dictis
1608 4292 1723 4362 Augus·

50 4397 82 4450 in
96 4395 189 4450 nabis
205 4393 296 4467 (iiam.
311 4396 386 4471 riu).
779 4450 783 4457 ,
916 4400 986 4457 tini:
1007 4419 1016 4451 r
1033 4398 1111 4470 lgnis
1121 4399 1166 4454 ille
1177 4398 1337 4467 eujusmodi
1351 4408 1381 4457 et
1398 4403 1428 4457 in
1438 4407 1499 4470 qua
1510 4386 1607 4444 mundi
1619 4383 1665 4438 vel
1678 4397 1725 4438 ΤΘ·

89 4487 133 4541 Er
154 4487 324 4556 respondens
345 4504 404 4552 rea,
420 4489 488 4544 diret
502 4490 574 4546 iliis:
589 4490 673 4548 Amen
687 4492 746 4548 dieo
767 4494 839 4550 nobis
853 4511 863 4550 .·
879 4505 975 4564 prum
991 4497 1070 4561 parte
1084 4489 1196 4545 iuturus
1212 4489 1258 4554 sit,
1275 4489 1428 4562 ‚hominem
1444 4485 1522 4547 scire
1542 4476 1664 4532 ”¹5¹³OE
1676 4487 1728 4568 ΙΨ·

48 4578 201 4648 Quandin
214 4580 320 4650 secutis
334 4582 382 4634 uni
396 4580 428 4636 de
443 4581 484 4638 bis
502 4581 631 4654 {ratribus
646 4586 711 4642 meis
732 4588 863 4650 minimis,
915 4582 1030 4646 minem,
1047 4581 1103 4637 nisi
1124 4580 1195 4636 lorte
1214 4579 1260 4636 cui
1284 4579 1412 4652 Spiritus
1427 4577 1548 4641 diuinus
1562 4549 1696 4666 osleuss·
1717 4582 1730 4618 r

47 4676 125 4730 inibi
138 4676 264 4746 fecistis.
914 4669 957 4728 Er
980 4673 1077 4729 eodem
1093 4693 1099 4730 :
1116 4691 1126 4726 r
1142 4672 1220 4728 linus
1235 4673 1355 4743 quidem
1367 4688 1411 4737 est
1430 4656 1667 4749 gehennaeissutsr
1677 4651 1737 4754 Μ

84 4767 136 4830 No
181 4768 295 4824 ridetur
309 4768 472 4839 generaliter
489 4770 547 4825 liare
571 4772 675 4828 dixisse
687 4772 722 4828 de
737 4773 865 4843 pauperi·
915 4781 972 4822 non
999 4781 1054 4822 uno
1081 4765 1163 4820 modo
1190 4779 1287 4822 omnes
1303 4773 1417 4827 cruciat
1431 4761 1617 4842 pecssawfffi·
1632 4741 1740 4844 Qu?

43 4861 117 4926 lius,
128 4860 190 4918 sed
202 4859 239 4915 de
252 4861 298 4916 his
311 4861 361 4931 qui
371 4876 505 4932 pauperes
513 4869 578 4918 sunt
591 4864 700 4934 spiritu.
710 4861 865 4922 Dicitenim
914 4858 1159 4930 cujusqueetenim
1175 4862 1314 4927 quantum
1329 4865 1418 4936 exigit
1432 4859 1540 4924 culpa.
1558 4843 1669 4893 mmm
1682 4832 1747 4892 mm

44 4954 145 5010 alibi:
165 4949 287 5007 Fratres
302 4952 355 5007 mei
371 4962 443 5020 sunt,
459 4955 503 5025 qui
516 4955 618 5024 faciunt
631 4955 792 5011 uoluntatem
806 4956 864 5011 Pa·
914 4953 1015 5008 sentiet
1035 4963 1157 5022 poenattl·
1172 4947 1243 5002 Nam
1266 4950 1345 5007 Sicut
1359 4955 1391 5011 in
1406 4958 1462 5012 hoc
1478 4930 1601 5030 mund?
1615 4936 1752 5025 RQ}-

43 5047 102 5099 tris
120 5044 187 5098 mei
203 5041 316 5113 (Martii.
333 5041 399 5115 nu).
914 5060 966 5100 nes
981 5040 1126 5112 equaliter
1154 5039 1280 5095 sentiunt
1307 5047 1441 5105 ardorem
1466 5029 1566 5096 solis,
1584 5023 1627 5072 ¹²²
1649 5011 1709 5066 ΜΨ
1722 5029 1761 5074 ¹¹¹

83 5135 178 5193 Tana
192 5134 263 5189 dicet
273 5145 299 5189 er
313 5134 356 5188 bis
370 5132 416 5205 qui
429 5151 446 5188 a
461 5135 577 5190 sinistris
595 5144 682 5193 erant.
698 5137 830 5192 Discedite
845 5153 864 5191 a
912 5150 970 5191 uno
980 5135 1044 5204 igne
1057 5147 1116 5187 non
1125 5147 1202 5188 unus
1213 5131 1316 5190 modus
1327 5148 1373 5194 est
1388 5121 1542 5194 incendii,
1565 5104 1624 5166 sed
1633 5100 1770 5158 dmm·

40 5249 101 5299 me,
118 5229 283 5291 maledieti,
297 5229 425 5299 inignem
436 5233 791 5301 eternuni,quiparntusest
801 5229 863 5283 dia·
913 5228 979 5283 liter
1006 5231 1172 5297 peccateres
1197 5226 1301 5282 exurit.
1322 5222 1546 5299 »Augustinus
1557 5199 1778 5264 ffflfflssfflm‘l

40 5325 111 5382 bole
123 5332 156 5378 et
174 5321 282 5392 ancelii
296 5320 366 5390 ejus-
913 5318 1006 5390 primo
1034 5313 1074 5368 De
1100 5315 1218 5370 civitate
1230 5315 1306 5372 Dei:
1332 5337 1342 5370 r
1361 5307 1575 5388 llequaquam
1604 5283 1789 5352 nebmuffi

81 5417 170 5474 Dum
182 5415 252 5471 mali
265 5415 394 5485 permisti
405 5420 472 5470 sunt
485 5414 576 5479 bonis,
586 5416 713 5472 uidentur
726 5430 788 5470 esse
798 5429 864 5470 eum
913 5413 969 5472 cst,
984 5411 1124 5460 aeternum
1140 5405 1234 5475 ignem
1247 5422 1300 5476 pro
1312 5407 1480 5464 diversitate
1496 5379 1713 5492 meritorum
1726 5375 1799 5479 alpis

37 5510 119 5576 Deo·
134 5508 195 5565 scd
210 5508 326 5562 tandem
342 5505 487 5561 mittentur
501 5507 529 5560 in
544 5507 634 5578 ignem
649 5506 862 5578 praeordinatum
913 5500 1064 5560 leuiorem,
1082 5497 1150 5552 aliis
1167 5497 1294 5553 initurum
1308 5515 1371 5555 csse
1382 5491 1571 5568 graviorem
1583 5490 1598 5570 ξ
1615 5479 1691 5564 Ε’Νῗ
1705 5479 1810 5568 ‘DQ

36 5604 99 5659 sibi
111 5618 132 5657 a
151 5599 365 5656 constitutione
380 5597 485 5665 mundi,
501 5613 553 5654 nec
568 5599 672 5654 uidebit
688 5599 790 5669 impius
803 5598 862 5668 glo-
913 5591 999 5646 ardor
1011 5603 1064 5658 pro
1079 5602 1172 5656 poena
1194 5587 1282 5660 digna
1296 5589 1428 5660 cujusque
1442 5573 1638 5659 varietur,
1657 5569 1736 5612 siue
1750 5571 1818 5660 ipss,

35 5700 119 5754 riam
140 5691 213 5749 Del·
914 5680 1066 5754 equaliter
1082 5679 1201 5745 ardeat,
1218 5682 1336 5737 sednon
1355 5673 1454 5748 aequali
1476 5657 1672 5756 mqleSffl
1701 5655 1829 5750 Smila-

77 5784 212 5842 Esurioi
221 5773 306 5844 enim,
321 5790 413 5835 etnon
426 5777 537 5834 dedistis
555 5781 620 5836 milri
633 5780 804 5836 manducare.
817 5777 861 5835 Si·
912 5785 969 5830 tur.
990 5791 1001 5823 r
1018 5766 1186 5839 Gregorius
1193 5769 1307 5829 decimo
1320 5770 1415 5838 quinto
1429 5761 1520 5814 libro
1541 5759 1588 5798 ¹¹¹
1604 5735 1713 5791 ³0b‘·
1729 5737 1837 5794 *HN

230 5878 370 5939 Parnon.
396 5871 592 5938 clxxxvi.
1540 5835 1601 5898 1ss
