3967 6334
263 349 334 408 tiss
815 352 952 410 suouuu
969 353 1117 412 seusus
1136 355 1165 414 s.
1185 337 1334 416 moursu

1824 353 1890 410 libi

260 467 375 535 bilibus,
389 468 538 525 secundum
553 467 677 526 diversas
691 469 862 527 intirmitates
881 471 999 528 diversis
1017 472 1050 526 il·
1063 479 1086 536 Α
1101 475 1218 544 apostoli
1246 473 1342 529 fratris
1354 471 1459 528 liomlni
1469 513 1477 537 ,
1489 471 1517 526 in
1532 469 1784 527 dextrabracbiarn
1801 473 1891 527 uncti

224 606 228 615 .
261 559 350 614 lorum
370 561 534 632 appetitibus
552 561 772 618 condescendant
784 569 812 618 et
824 561 983 618 ministrent
995 576 1052 618 tau·
1101 565 1310 638 protomartyris
1325 563 1466 634 Stephani,
1482 563 1510 618 iu
1524 563 1637 618 sinistra
1651 577 1718 616 vero
1731 561 1803 616 brari
1821 577 1882 616 mar

262 667 343 722 ortam
367 654 471 724 angelis
494 653 559 717 bei,
583 656 712 727 quouiarn
738 656 858 712 charitas
882 664 924 712 est
944 672 1051 712 stimma
1100 659 1169 730 tyris
1184 667 1210 714 et
1224 658 1313 713 levitae
1326 655 1474 718 vincentii,
1493 653 1722 726 quaemadmodum
1740 653 1830 710 oculis
1847 671 1882 708 no

262 745 422 799 monasticae
436 745 577 816 religionis
591 766 597 800 :
613 754 641 800 et
655 747 699 802 bis
710 747 820 817 quidem
833 749 922 818 primo
936 748 983 804 scd
992 749 1052 802 arri-
1100 750 1166 805 stris
1178 765 1228 805 nos
1240 749 1293 820 ipsi
1313 748 1448 812 vidimus,
1460 761 1522 802 cum
1537 746 1739 802 venerabilibus
1760 747 1832 801 viris
1852 762 1883 800 ar

262 850 308 888 mu
322 851 377 890 uno
388 837 443 892 illis
460 838 600 894 ordinarie
615 841 752 903 serviant,
777 839 824 911 qui
840 839 1052 913 quincunquede
1100 841 1282 912 clriepiscopis
1311 839 1505 911 lugdunensi,
1540 838 1688 904 tianensi,
1717 837 1890 902 Turonensi,

261 940 345 981 causa
356 927 436 996 jussu
449 929 574 984 custodis
586 929 692 985 ordinis
704 929 867 986 iudomibus
879 929 1051 985 intirmorum
1099 929 1321 1002 liotbomageusi,
1344 937 1372 986 et
1402 929 1539 1001 episcopis
1564 928 1778 992 Suessioneusi,
1802 929 1882 984 llelva

261 1018 416 1083 cesserint,
440 1020 568 1076 videlicet
594 1035 650 1074 uno
672 1019 777 1076 lerculo
798 1021 919 1077 inomni
943 1037 1049 1087 mensa,
1100 1025 1186 1089 censi,
1198 1023 1365 1086 Redonensi,
1383 1021 1592 1089 Silvanectensi,
1602 1021 1734 1086 Aletensi,
1748 1021 1890 1084 llcldensi,

261 1119 361 1181 prater
381 1111 448 1167 illud
462 1113 536 1184 quod
550 1113 591 1168 eis
606 1128 621 1166 a
635 1112 781 1169 refectorio
799 1115 997 1185 deportabitur.
1016 1114 1051 1170 llt
1101 1114 1257 1181 Venetcnsi,
1267 1123 1294 1171 ct
1306 1115 1400 1171 annuli
1408 1114 1684 1186 ejusimprcssioneru
1693 1115 1722 1169 in
1730 1125 1890 1186 argumento

261 1212 353 1260 autem
368 1205 420 1260 boc
431 1206 518 1276 possit
534 1221 642 1275 semper
657 1207 827 1270 continuari,
843 1207 964 1278 antiquis
976 1208 1000 1277 ej
1006 1223 1051 1263 us·
1099 1208 1224 1265 veritatis
1238 1208 1388 1273 tenuimus,
1401 1213 1431 1261 ut
1445 1221 1529 1277 prope
1543 1207 1629 1261 altare
1643 1207 1769 1278 sepultus
1779 1207 1888 1262 circum

261 1296 324 1352 dem
338 1299 524 1368 praepositurae
538 1299 690 1353 redditibus
711 1314 759 1354 sex
776 1299 862 1355 libras
876 1299 1049 1366 addidimus,
1101 1315 1208 1372 quiaque
1230 1309 1389 1356 sanctorum
1413 1297 1571 1370 pignoribus
1587 1299 1810 1368 circumseptus.
1834 1315 1888 1354 orn·

260 1403 331 1458 quos
345 1389 438 1444 labore
451 1397 547 1444 nostro
563 1389 591 1443 in
604 1390 692 1461 burgo
705 1391 918 1462 acuitisivimus,
934 1407 989 1446 uon
1000 1393 1051 1447 ali·
1100 1403 1196 1451 uemet
1205 1394 1375 1465 spiritualem
1384 1399 1411 1448 ct
1420 1391 1596 1462 temporalem
1605 1391 1710 1448 evitare
1717 1391 1887 1446 molestiam:

259 1494 316 1553 quo
332 1481 405 1534 malo
418 1480 545 1551 iugenio,
561 1480 610 1536 sed
623 1482 760 1552 emptione
774 1483 916 1553 cuiusdam
940 1483 1049 1550 domus,
1101 1501 1161 1556 quae
1175 1485 1284 1555 uiridem
1309 1489 1468 1540 sanctorum
1493 1483 1606 1554 pignora
1629 1481 1657 1536 bi
1673 1482 1822 1538 nobiscum
1840 1499 1886 1554 po-

260 1578 288 1628 et
300 1572 435 1641 positione
449 1572 609 1637 stallorum,
625 1572 659 1628 de
676 1573 778 1644 qrribus
795 1575 841 1628 bic
854 1591 955 1631 census
977 1576 1050 1632 ivre·
1101 1580 1165 1650 pulo
1175 1577 1222 1632 liei
1234 1577 1268 1632 ad
1278 1573 1504 1647 patrocinandum
1516 1581 1712 1645 exposuerunt,
1727 1579 1756 1628 et
1767 1583 1884 1642 reparato

260 1662 431 1734 lragabiliter
445 1664 568 1720 debetur.
586 1664 796 1723 Commonemus
811 1675 920 1733 autem,
942 1679 969 1723 et
983 1683 1054 1724 cone
1101 1667 1179 1724 altari
1195 1669 1290 1724 eodem
1315 1679 1384 1720 auro
1407 1663 1528 1736 pretioso
1554 1670 1581 1718 ct
1603 1677 1686 1732 opere
1711 1665 1883 1733 appropiato.

260 1757 378 1813 sulimus
393 1757 525 1814 iratribus
538 1759 567 1814 iu
581 1759 633 1814 boc
647 1759 735 1815 cilicio
749 1761 903 1831 agentibus,
913 1772 1050 1833 quatenus
1101 1761 1201 1817 ibidem
1217 1759 1367 1815 honorilice
1382 1766 1571 1829 reposueruut.
1582 1753 1694 1818 lenum,
1706 1755 1839 1824 quoniam
1852 1755 1889 1810 ln

260 1860 358 1920 praeter
368 1866 400 1905 ea
410 1866 472 1921 quae
481 1852 515 1906 ad
529 1851 693 1907 exteriorem
709 1861 843 1908 terrarum
854 1867 948 1908 curam
964 1856 1049 1926 perti-
1067 1832 1169 1907 Btanti
1196 1849 1370 1922 imperatoris
1394 1847 1592 1922 praeceptiones
1621 1845 1684 1902 licet
1711 1845 1890 1902 aurobullatis

260 1958 326 1998 uere
340 1953 458 2014 oportet,
475 1945 676 1999 usumfructum
688 1945 772 1999 totius
787 1944 976 2015 praepositurae
993 1945 1046 2000 lra-
1100 1943 1204 2000 chartis
1218 1943 1403 2007 sancirentur,
1418 1941 1514 1996 :emula
1528 1939 1641 2010 lougrvi
1657 1939 1793 2009 temporis
1807 1939 1892 1994 vatie-

260 2040 333 2088 truru
349 2035 559 2090 necessitatibus
571 2035 714 2106 expendat,
726 2051 777 2090 nec
786 2036 876 2106 aliqua
886 2037 911 2092 ei
923 2038 1047 2103 occasio,

259 2140 308 2180 aut
324 2125 502 2181 emendorum
524 2127 688 2198 palliorum,
701 2136 748 2182 aut
765 2128 880 2184 aliorum
903 2144 1050 2185 ornamen-

259 2225 350 2273 torum
366 2218 506 2289 subrepat,
524 2218 571 2273 sed
586 2226 674 2274 totum
689 2220 809 2275 totaliter
825 2221 939 2275 lvatrum
954 2237 1049 2278 neces·

258 2308 387 2365 sitatibus
408 2317 573 2365 reservetur.
591 2308 696 2376 Quibus
711 2313 794 2366 ctiam
806 2313 939 2368 debilitati
959 2321 986 2368 et
1006 2330 1050 2370 se-

1100 2041 1155 2088 tate
1175 2033 1303 2103 qrraedam
1318 2039 1477 2102 tepuerant,
1500 2029 1623 2102 quedam
1647 2028 1765 2083 omuino
1789 2027 1892 2084 deleca-

1100 2132 1172 2188 rant,
1188 2140 1240 2179 nos
1255 2123 1291 2179 ob
1305 2137 1424 2178 amorem
1435 2133 1462 2178 et
1477 2123 1607 2177 bonorem
1622 2120 1671 2175 llei
1682 2129 1714 2176 et
1732 2129 1891 2176 mutuum

1100 2216 1291 2287 reliquiarum,
1314 2230 1363 2269 nec
1375 2215 1465 2269 minus
1478 2213 1513 2267 ad
1524 2212 1675 2268 remedium
1689 2213 1793 2267 auimae
1802 2211 1892 2266 ἀιιιιιιι

1099 2317 1127 2364 et
1141 2307 1310 2365 serenissimi
1334 2305 1449 2378 Augusti
1470 2305 1574 2368 Caroli,
1597 2305 1810 2360 communicato
1833 2319 1891 2358 vu·

258 2401 367 2454 niorum
384 2400 631 2456 condescendendo
646 2401 680 2456 ad
697 2402 911 2459 caleiacievulum
927 2421 976 2460 eos
995 2422 1050 2476 quio
1101 2399 1231 2456 iratribus
1246 2400 1350 2456 nostris
1360 2398 1476 2455 consilio
1490 2414 1536 2454 eas
1550 2398 1687 2454 suscitare
1699 2405 1730 2452 et
1745 2396 1893 2452 velovrnam

256 2490 338 2546 valde
352 2492 477 2561 egebant,
490 2499 691 2548 tensamentum
703 2493 900 2550 Garsonisville
911 2505 1047 2560 nostrum,
1100 2493 1223 2549 studiose
1245 2492 1445 2556 laboravimus;
1461 2491 1603 2552 luminaria
1621 2497 1729 2559 septem
1754 2489 1893 2559 hmpada·

258 2584 307 2654 qui
321 2583 355 2638 de
368 2583 427 2654 ipsa
436 2584 501 2639 villa
514 2599 608 2640 eorum
619 2594 689 2652 erat,
700 2586 724 2643 ei
735 2597 866 2659 perpetuo
876 2589 1050 2644 anathemato
1100 2601 1160 2640 rum
1182 2600 1242 2655 qum
1260 2583 1433 2654 deperierant
1445 2623 1451 2644 ,
1465 2583 1567 2652 jugiter
1585 2582 1684 2636 ardere
1696 2581 1891 2640 decreritum.

258 2673 496 2734 ennllrmavimus.
1100 2675 1237 2746 decrepita
1250 2689 1317 2732 vasa
1339 2675 1461 2746 ipsarum
1485 2672 1674 2745 lampadarum
1694 2683 1830 2744 argentea
1847 2673 1893 2726 bo·

295 2767 393 2834 l'orro,
402 2771 531 2841 quoniam
541 2773 685 2842 parvitatis
699 2780 802 2830 nostvae
811 2775 970 2830 memoriam
983 2789 1050 2845 prae-
1100 2775 1176 2823 ueste
1193 2767 1378 2833 vestituiurus;
1395 2780 1503 2822 cereum
1518 2764 1618 2822 ibidem
1631 2765 1740 2836 jugiter
1753 2765 1893 2822 ardente!

257 2861 378 2916 sentium
403 2870 432 2917 et
450 2861 605 2918 futurorum
620 2863 735 2918 fratrum
760 2863 917 2928 dilectioni,
945 2865 1049 2938 absque
1099 2859 1137 2914 ilii
1147 2857 1194 2928 ‘illi
1207 2858 1283 2914 solus
1296 2865 1359 2913 anie
1374 2857 1460 2911 iiidie
1474 2856 1547 2911 belli
1563 2854 1689 2927 llionysii
1713 2855 1850 2918 arichi.
1866 2861 1895 2911 ¹¹

259 2948 478 3020 precedentibus
490 2950 596 3007 meritis
606 2953 706 3008 obnixe
720 2955 953 3019 commendamus,
962 2964 992 3010 ut
1005 2971 1050 3012 sa·
1099 2949 1286 3006 indeficienter
1299 2949 1355 3004 duo
1370 2947 1483 3004 ardeant
1501 2947 1771 3019 concopulavimus,
1786 2963 1895 3021 *lm*

258 3039 310 3096 luti
321 3041 531 3097 animaenostrae
543 3043 676 3113 proficiat,
688 3059 778 3116 opera
790 3045 908 3116 pretium
919 3047 1049 3103 duximus
1099 3043 1211 3098 modum
1221 3042 1277 3112 J'am
1294 3048 1357 3096 ante
1372 3042 1431 3112 ipsa
1445 3049 1603 3096 sanctorum
1618 3055 1742 3110 corpora
1757 3041 1817 3096 duro
1828 3041 1895 3112 jugi-

258 3133 456 3204 imperatorum
470 3141 497 3189 et
514 3135 650 3205 majorum
663 3143 831 3203 nostrorum,
846 3139 893 3209 qui
904 3153 952 3194 ees
963 3141 1048 3194 murita
1062 3171 1085 3236 c
1100 3141 1141 3187 ter
1152 3131 1249 3186 ardere
1262 3129 1472 3194 constituimus,
1499 3129 1614 3202 singulis
1635 3131 1788 3186 mensibus
1812 3132 1896 3202 pridie

258 3225 432 3291 liberalitate,
449 3227 523 3300 larga
535 3228 723 3285 munificentia
740 3238 901 3286 meruerunt
918 3231 993 3296 lteri,
1006 3233 1048 3288 vcl
1099 3223 1191 3279 Nonas
1212 3221 1392 3277 anniversarii
1411 3221 1473 3290 eius
1494 3221 1622 3292 exsequia
1638 3222 1724 3277 solito
1746 3221 1894 3282 εοῑειιιιιίυ

258 3318 346 3373 mubo
359 3325 515 3390 temporum
533 3321 672 3377 curmiculo
686 3321 791 3392 sopitas
805 3321 840 3377 ad
857 3323 973 3379 salutern
989 3323 1049 3377 arri·
1100 3315 1233 3370 celebrari
1254 3314 1411 3370 stultissime
1425 3313 1689 3380 determinavimus.
1713 3314 1894 3372 “iodim

258 3425 365 3466 marum
390 3412 540 3477 suscitare,
565 3420 593 3468 et
621 3413 768 3470 inlormare
790 3415 954 3480 memorias,
979 3414 1050 3470 inter
1099 3409 1205 3466 hisdem
1220 3408 1360 3464 diebusiu
1376 3406 1522 3464 refectorio
1536 3408 1895 3480 irrefragabiliterreeutui
1977 3403 1978 3424 ³

257 3517 329 3572 quas
341 3501 433 3574 inclyti
448 3507 476 3557 ct
489 3501 654 3559 nobilissimi
672 3503 848 3574 imperatoris
867 3503 958 3560 Caroli
975 3505 1049 3561 tertii
1099 3519 1171 3558 mus.
1187 3500 1223 3556 Ut
1237 3507 1327 3556 autem
1343 3508 1370 3556 et
1390 3501 1528 3557 continuis
1552 3501 1785 3556 luminaribuset
1805 3502 1894 3557 deter-
1977 3557 1978 3566 ,

258 3595 396 3650 solemnes
406 3595 554 3652 memorias
567 3586 702 3659 recreare,
713 3604 741 3652 et
749 3597 895 3652 restituere
905 3597 958 3653 boc
967 3597 1049 3653 niodo
1099 3594 1211 3651 minatis
1226 3593 1423 3650 resectionibus
1438 3593 1629 3650 convenientia
1644 3593 1749 3652 deesse
1768 3611 1826 3652 non
1846 3611 1892 3650 va·

257 3686 427 3741 censuimus.
443 3685 540 3743 llodus
549 3692 639 3741 autem
654 3686 725 3743 idem
738 3694 781 3743 est
791 3687 839 3758 qui
848 3689 877 3742 in
886 3696 1049 3745 testamento
1099 3687 1173 3743 icant
1186 3685 1324 3749 alimenta,
1340 3684 1375 3740 de
1385 3685 1542 3756 supradicta
1556 3685 1620 3740 villa
1630 3683 1892 3758 liuoilo,quatnbi1
1977 3689 1978 3716 ³

257 3777 394 3848 imperiali
416 3778 575 3833 continetur
596 3778 766 3848 majestatis,
783 3794 817 3835 eo
842 3779 969 3837 videlicet
993 3797 1049 3853 quo
1100 3776 1419 3848 opposuilltslamenw,
1433 3773 1527 3831 decem
1541 3775 1627 3830 libras
1644 3775 1675 3830 in
1688 3779 1799 3833 octavis
1820 3777 1889 3834 beati

258 3867 332 3924 idem
346 3869 482 3940 gloriosus
497 3869 646 3940 imperator
667 3870 787 3925 nobilem
807 3870 901 3927 villam
920 3870 1048 3930 Ruoilum
1099 3867 1222 3940 Dionysii
1242 3868 1346 3924 assumi
1362 3867 1556 3922 inviolabiliter
1572 3867 1790 3939 assignavimus
1813 3870 1891 3940 Capi-

257 3971 323 4013 cum
337 3957 506 4030 appendiciis
523 3959 600 4026 suis,
614 3967 643 4016 et
666 3975 798 4033 aquarum
816 3961 941 4030 lurestae,
967 3965 1048 4022 Malo
1098 3960 1184 4016 clario
1199 3963 1322 4018 sacristae
1335 3975 1384 4032 per
1393 3975 1504 4016 manum
1519 3961 1644 4031 magistri
1654 3961 1765 4019 Priovis
1778 3961 1838 4018 dari
1851 3963 1890 4017 in-

258 4047 390 4123 Dionysio
412 4052 488 4124 regia
510 4051 674 4109 liberalitate
692 4055 819 4111 contulit.
843 4055 992 4112 Constituit
1010 4060 1048 4114 si·
1099 4054 1249 4120 stituimus,
1264 4053 1311 4124 qui
1323 4059 1350 4110 et
1362 4053 1545 4109 luminaribus
1555 4055 1646 4109 oleum
1658 4070 1818 4126 praeparare
1830 4071 1890 4126 pro-

258 4143 370 4214 ‹yuidem
383 4143 490 4209 nobile,
506 4151 534 4200 ct
547 4143 621 4216 quod
635 4143 828 4215 imperatorem
843 4146 957 4203 decebat
969 4163 1048 4204 man·
1098 4145 1244 4212 videat,et
1254 4145 1447 4217 exsequiarum
1461 4144 1660 4202 relectionibus
1675 4147 1797 4218 singulis
1817 4163 1890 4202 nea·

257 4234 370 4299 datum,
386 4235 460 4307 quod
474 4235 586 4307 quidem
600 4236 672 4307 apud
687 4237 756 4294 alios
771 4245 798 4293 et
812 4237 846 4294 de
856 4239 918 4296 aliis
937 4241 1047 4311 regibus
1098 4237 1175 4294 sibus
1188 4239 1282 4295 decem
1297 4237 1401 4295 solidos
1414 4237 1586 4294 incessanter
1598 4237 1807 4296 subministret.
1821 4239 1889 4306 orit

256 4327 329 4383 solet
340 4328 423 4383 recoli
436 4329 554 4400 singulis
569 4328 651 4383 annis
660 4327 720 4385 dies
728 4327 910 4401 depositionis
919 4332 1048 4388 anniver-
1098 4337 1140 4386 est
1155 4330 1228 4386 cuim
1243 4329 1318 4402 quod
1331 4336 1426 4388 tantus
1439 4330 1597 4401 imperator,
1619 4337 1647 4386 et
1671 4339 1729 4385 um
1750 4329 1891 4388 tamdiariv

255 4419 350 4476 sarius
363 4419 423 4490 ipse
436 4435 517 4476 suum
531 4420 585 4475 sibi
604 4420 720 4492 singulis
736 4422 878 4478 mensibus
891 4421 981 4492 pridie
997 4421 1049 4478 No·
1097 4429 1125 4478 et
1138 4423 1323 4494 praecordialis
1336 4421 1410 4478 beati
1422 4420 1662 4494 Dionysiiamicus
1671 4423 1826 4492 pronam
1836 4437 1889 4478 aaa

257 4527 310 4568 nas
320 4512 424 4568 mensis
438 4512 497 4568 lieri
510 4512 641 4579 decrevit,
654 4513 683 4568 in
694 4514 814 4586 capitulo
824 4515 1006 4586 pronuntiari,
1019 4516 1047 4570 iu
1063 4521 1085 4576 tt
1099 4516 1198 4579 valeat,
1211 4515 1259 4586 qui
1272 4515 1333 4584 eius
1344 4513 1489 4570 ecclesiam
1505 4521 1546 4569 tot
1562 4523 1589 4570 et
1601 4517 1689 4571 tantis
1706 4515 1890 4587 posessimi-

257 4606 427 4660 monasterio
439 4604 585 4670 celebrari,
597 4606 626 4660 in
637 4605 793 4673 relectorio,
804 4607 838 4663 dc
847 4607 967 4679 praelatae
976 4609 1048 4666 villae
1098 4607 1150 4664 bus
1160 4607 1323 4672 nobilitavit,
1341 4613 1383 4662 tot
1402 4607 1463 4662 auri
1477 4614 1505 4662 et
1521 4607 1705 4678 pretiosarum
1721 4623 1889 4678 gemmam
1977 4639 1978 4642 =

257 4697 422 4761 redditibus,
431 4697 715 4754 iratribusbonestam
724 4699 899 4755 relectionem
911 4700 1045 4770 adaptari.
1098 4700 1269 4756 ornamentis
1287 4699 1453 4764 declaravit,
1478 4699 1591 4769 insuper
1610 4698 1646 4752 ad
1669 4699 1815 4754 cumulum
1838 4716 1890 4755 ιιι-

257 4786 314 4844 uec
338 4789 383 4843 illa
407 4789 554 4860 ignobilior
574 4791 644 4844 tanti
679 4791 853 4862 imperatoris
881 4791 1048 4862 predicatur
1097 4793 1172 4846 nium
1189 4791 1324 4847 bonorum
1340 4790 1493 4862 insignibus
1508 4789 1657 4845 bomiuicm
1677 4791 1889 4861 passionis,vi-

258 4881 415 4952 praeceptio,
430 4881 504 4952 quod
519 4881 553 4937 de
566 4881 714 4936 usulructu
728 4881 929 4952 praelataevillau
942 4891 1046 4954 septem
1097 4883 1197 4939 delicet
1217 4883 1296 4938 clavo
1314 4889 1343 4938 et
1359 4895 1463 4937 corona
1474 4880 1594 4946 Domini,
1619 4887 1648 4937 et
1661 4880 1780 4936 brachio
1804 4881 1889 4936 sarreti

257 4975 422 5038 luminaria,
438 4981 541 5046 septem
554 4975 742 5046 lampadarum
757 4983 820 5032 ante
840 4985 1047 5032 sacrosanctum
1098 4975 1173 5034 senis
1189 4973 1343 5048 symconis,
1359 4982 1491 5046 tanquam
1508 4973 1732 5046 splendidissimo
1742 4975 1805 5032 veri
1819 4971 1889 5030 Solis

257 5068 345 5123 altare
354 5074 457 5123 sanctae
469 5065 622 5131 Trinitatis,
635 5066 822 5122 indelicienter
832 5081 881 5138 pcr
890 5069 1047 5125 successiva
1095 5068 1194 5141 jubare
1207 5068 1397 5133 irradiantem,
1410 5068 1588 5124 celeberrime
1600 5067 1766 5138 insignivit?

258 5157 359 5213 secula
374 5157 472 5214 ardere
492 5157 620 5214 saucivit.
634 5157 667 5211 Et
682 5159 812 5229 tyuoniam
829 5160 858 5214 in
874 5159 1048 5216 administra·
1133 5159 1182 5218 llis
1196 5175 1261 5234 ergo
1275 5169 1302 5216 et
1313 5159 1503 5231 hujuscemodi
1515 5157 1699 5216 bene-devoti
1720 5159 1750 5214 in
1770 5161 1889 5232 capitulo
1977 5167 1978 5206 i

257 5252 334 5307 tiorrc
356 5252 435 5322 regui
448 5265 613 5322 quocunque
630 5259 765 5306 terrarum
784 5267 848 5308 eum
866 5253 976 5324 imperii
998 5269 1048 5309 ne-
1097 5261 1194 5308 uostro
1218 5252 1432 5317 convenientes,
1455 5251 1528 5308 bauo
1552 5251 1741 5307 renovationis
1766 5253 1887 5307 ebartan

257 5343 374 5398 cessitas
394 5343 557 5409 devocaret,
582 5359 690 5414 semper
705 5351 796 5399 tamen
811 5345 891 5416 pleno
906 5347 992 5401 animi
1010 5347 1048 5402 al·
1097 5360 1207 5402 morose
1220 5351 1248 5401 ct
1258 5343 1377 5400 discrete
1390 5343 1575 5407 conserentes,
1588 5345 1755 5399 auctoritate
1770 5341 1819 5400 bet
1833 5359 1888 5398 ota·

233 5433 331 5488 tectu
354 5441 383 5487 et
406 5435 587 5503 pernoctabat
612 5442 641 5488 et
663 5432 825 5504 designabat
844 5433 945 5490 ibidem
968 5449 1047 5506 sepc-
1074 5464 1076 5472 =
1098 5437 1257 5508 uipotentls,
1270 5445 1298 5494 et
1313 5437 1455 5492 beatorum
1475 5444 1628 5509 martyrum
1652 5433 1781 5508 Dionysii
1802 5434 1888 5490 sodo

257 5527 318 5592 liri,
333 5525 423 5596 ipsum
438 5527 585 5598 sepulturae
598 5541 655 5582 suae
669 5527 759 5582 locum
777 5527 925 5586 tutissimis
937 5536 1047 5584 sancta·
1097 5545 1213 5601 rumque
1226 5530 1303 5600 ejus,
1318 5528 1457 5584 communi
1467 5529 1552 5584 etiam
1575 5535 1604 5584 et
1625 5527 1761 5584 concordi
1778 5525 1887 5598 capitai

257 5633 319 5672 vum
345 5618 523 5689 reliquiarum
536 5619 652 5674 nrorvivit
666 5619 812 5691 presidiis,
823 5620 858 5676 de
866 5621 947 5696 tbeca
960 5623 1047 5692 impe·
1097 5621 1185 5678 nostri
1199 5620 1408 5678 conlirmatloue
1423 5619 1650 5692 approbavimus,
1664 5627 1696 5675 et
1717 5619 1779 5690 lege
1794 5619 1881 5674 imo*

256 5709 320 5762 -n‘ali
337 5710 447 5779 capellae
457 5710 509 5765 sibi
526 5712 660 5775 retinens,
675 5719 703 5766 et
716 5712 747 5766 iu
760 5713 892 5768 anteriori
906 5720 985 5784 parte
1002 5714 1047 5768 be·
1095 5713 1175 5782 vurlsa
1191 5713 1359 5770 sancivimus
1368 5712 1550 5776 obtestantes,
1561 5717 1589 5768 et
1606 5725 1656 5783 per
1675 5726 1742 5768 ειιιι
1754 5725 1836 5781 qaeu
1846 5707 1885 5764 cl-

258 5799 360 5854 aodicti
381 5801 475 5856 attaris
497 5816 633 5871 reponens
657 5817 689 5860 os
714 5803 819 5860 bracbii
838 5805 927 5862 sancti
950 5804 1046 5863 laeum
1098 5806 1168 5863 ludit
1181 5804 1263 5864 lesus
1277 5804 1402 5866 Cbristus
1411 5806 1440 5864 in
1450 5819 1532 5864 vruee
1541 5805 1703 5878 sanguim
1715 5803 1881 5877 adim
