3967 6334
101 354 176 412 itas
758 353 1069 418 consrtrttrlonns
1664 361 1734 422 lert
1763 403 1770 424 .

100 470 261 543 conjugem,
277 470 404 527 videlieet
415 469 497 526 liliam
511 469 673 529 Theoderici
681 472 734 528 viri
747 475 894 532 clarissimi
908 481 932 538 A
945 477 1044 539 simus,
1058 483 1086 533 et
1101 475 1173 532 slcut
1187 477 1267 534 nobis
1278 475 1396 544 videtur,
1409 477 1556 550 dupliciter
1575 485 1623 534 aut
1645 479 1745 558 tripli·⁴

100 564 140 622 de
156 563 398 628 liovuc-Beliardo,
414 565 443 618 in
462 565 545 633 cujus
559 565 737 621 matrimonio
750 575 896 624 contraxe-
945 570 1015 624 citer
1025 570 1226 639 augmentando
1236 571 1265 626 in
1277 571 1374 627 melius
1387 571 1602 643 composuimus,
1614 559 1757 642 generali¹

100 666 149 712 rat
162 656 296 728 quasdam
309 657 498 728 possessiones
514 657 548 712 de
567 657 725 715 haereditate
740 657 814 713 Beati
829 657 895 714 llio·
947 655 1062 712 iratrum
1078 657 1199 728 quinque
1214 659 1318 716 solidos
1332 660 1439 726 diebus,
1464 661 1585 732 quinque
1607 661 1636 716 in
1660 659 1735 716 omni

101 751 189 823 nysii,
204 750 330 807 videlicet
346 750 503 822 blitestorp,
522 749 680 822 Tatingnm,
704 750 810 818 Sulces,
826 753 895 808 Far·
946 750 1117 806 bebdomada
1142 753 1314 824 apponimus,
1340 761 1372 809 ut
1392 754 1491 811 inillis
1510 768 1618 826 semper
1641 752 1736 810 decem

101 842 233 906 dulviler,
258 841 473 914 Febingasviler,
489 842 690 908 lioenclrircbe,
716 843 894 910 Torncsvvilc,
947 843 1065 900 babeant
1079 845 1191 902 solidos.
1206 845 1274 904 Aliis
1285 847 1419 918 siquidem
1434 847 1542 903 duobus
1552 847 1648 903 dicbus
1661 845 1738 902 vide·

102 934 236 990 Precenc.
254 934 310 991 Nos
324 944 414 991 antem
424 937 550 992 curndem
565 939 747 995 venerabilem
761 939 851 994 virum
868 938 897 993 in
947 936 1011 993 licet
1025 937 1093 994 ieria
1107 940 1203 1010 qrrinta
1221 953 1247 998 ct
1262 941 1376 1012 septima
1389 940 1425 997 ob
1438 941 1617 998 reverentiam
1632 947 1739 996 nostra·

104 1033 186 1099 parte
203 1027 420 1097 resipiscentem,
441 1028 638 1086 misericordiae
656 1031 810 1087 visceribus
825 1030 897 1087 inira
948 1044 1009 1084 rum
1025 1029 1229 1094 memoriarum,
1242 1038 1343 1086 sanctae
1354 1029 1402 1086 Dei
1412 1029 1575 1094 Genitricis,
1588 1039 1615 1086 ct
1629 1037 1739 1087 sancto-

103 1120 240 1192 gremium
255 1119 353 1176 aratris
364 1119 501 1188 Ecclesiae,
514 1137 593 1192 aqua
614 1123 826 1189 exorbitaverat,
834 1125 898 1194 quia
948 1137 1010 1176 rum
1023 1129 1175 1193 martyrum
1191 1121 1397 1194 quatuordecim
1409 1122 1511 1180 solidos
1522 1122 1612 1178 inalia
1626 1122 1739 1177 ordina-

105 1213 269 1283 colligentes
284 1227 346 1268 cum
361 1211 417 1269 Deo
430 1213 573 1270 ambulare
586 1214 772 1281 decrevimus,
786 1225 814 1272 et
834 1231 898 1272 cum
949 1214 1023 1270 tione
1035 1214 1238 1272 constituimus.
1255 1214 1392 1285 Quidquid
1403 1222 1493 1271 tamen
1509 1223 1536 1270 et
1559 1215 1586 1269 in
1603 1214 1655 1270 bac
1671 1221 1699 1270 et
1710 1215 1738 1268 in

104 1321 141 1362 eo
154 1320 212 1360 non
226 1312 343 1362 mortem
353 1309 517 1376 peccatoris,
529 1307 577 1363 sed
593 1309 680 1380 magis
691 1309 898 1365 conversionem
949 1306 1004 1360 alia
1031 1306 1204 1362 ordinatione
1228 1307 1301 1361 ultra
1324 1306 1445 1378 quinque
1470 1307 1573 1364 solidos
1594 1306 1738 1371 consistit,

105 1407 135 1456 et
150 1401 234 1456 vitam
246 1399 444 1464 desiderantes,
462 1402 622 1472 praedictum
636 1404 726 1458 viriam
738 1403 898 1458 anatbenra-
949 1407 1045 1454 nostro
1057 1399 1150 1454 labore
1164 1400 1199 1455 ob
1214 1413 1334 1456 amorem
1351 1399 1398 1456 nei
1412 1408 1438 1456 et
1450 1408 1552 1456 sancte
1573 1400 1674 1471 regule
1691 1399 1742 1454 ob-

105 1493 144 1546 tis
158 1492 269 1546 vinculo
283 1499 310 1545 et
323 1491 460 1562 sacrilegii
475 1499 564 1556 reatrv,
578 1493 624 1548 tali
641 1502 734 1549 reatus
749 1505 776 1550 ct
788 1494 901 1550 anatbe·
950 1490 1151 1556 servationem,
1163 1490 1329 1561 amplificato
1351 1492 1466 1546 lustrum
1489 1507 1604 1548 numero
1629 1507 1678 1563 per
1693 1489 1742 1546 Dei

105 1580 294 1639 matisdeleta
311 1582 478 1644 conditione,
505 1584 641 1646 exuimus,
658 1591 690 1639 ut
708 1585 837 1658 deinceps
851 1601 900 1657 per
949 1583 1167 1640 misericordiam
1191 1591 1319 1640 constare
1343 1583 1527 1654 dignoscitur.
1546 1582 1622 1640 lianc
1649 1590 1741 1640 autem
1788 1599 1790 1604 ·

107 1675 234 1745 singulos
247 1689 335 1730 annos
349 1675 377 1729 in
390 1674 538 1732 festivitate
556 1676 627 1730 boati
646 1675 755 1732 llartini
770 1695 786 1730 v
802 1679 899 1734 vincias
926 1737 940 1752 ,
951 1675 1182 1748 augmentationis
1198 1676 1321 1731 chartam
1341 1677 1481 1732 communi
1503 1677 1619 1732 lratrnm
1634 1685 1744 1733 nostro·-

107 1770 170 1823 auri
186 1768 281 1840 obryzi
300 1769 387 1825 beatis
400 1769 569 1840 martyribus
587 1767 728 1841 Dionysio,
744 1769 859 1826 llustico
873 1778 900 1827 et
951 1783 1014 1821 rum
1025 1782 1163 1824 consensu
1178 1766 1282 1833 minui,
1299 1769 1387 1823 autin
1402 1769 1495 1838 aliquo
1509 1768 1665 1824 defraudari
1679 1784 1744 1840 per·

108 1859 257 1917 Eleutlrero
269 1863 417 1933 persolvat.
430 1861 508 1929 Quod
523 1862 546 1917 si
563 1862 631 1934 ipse,
645 1863 718 1934 quod
726 1863 806 1929 absit,
818 1865 902 1936 buius
917 1848 938 1904 Β
952 1869 1035 1933 petuo
1051 1861 1225 1918 anathemate
1248 1870 1380 1932 perpetua
1403 1862 1595 1918 maledictione
1616 1863 1745 1933 probibe-

109 1953 319 2010 consuetudinis
333 1953 451 2008 violator
464 1953 594 2008 inventus
613 1952 648 2007 ad
662 1954 807 2024 pristinam
828 1956 902 2027 rapi·
952 1967 1025 2008 mus.
1040 1951 1103 2008 liaec
1115 1952 1149 2007 de
1163 1953 1294 2023 generali.

86 2059 175 2100 nam
189 2053 218 2100 et
231 2046 363 2100 malitiam
377 2062 505 2102 reversus
520 2045 603 2101 luerit
626 2047 743 2102 utcanis
763 2047 797 2102 ad
817 2049 903 2102 vomi·
988 2044 1026 2100 lle
1047 2045 1189 2115 pulmento
1203 2051 1294 2100 autern
1319 2044 1382 2114 quia
1407 2044 1501 2100 nescio
1524 2058 1578 2115 qua
1599 2043 1746 2100 occasione

109 2146 181 2202 tum,
197 2138 245 2194 bei
256 2139 451 2210 omnipotentis
460 2140 529 2195 iram
540 2143 674 2204 incrrrrat,
685 2140 825 2211 nullojam
837 2156 904 2196 ana·
954 2136 1087 2193 iratribus
1100 2138 1134 2192 ab
1145 2137 1345 2209 indictousque
1359 2143 1392 2194 ad
1408 2144 1521 2192 octavas
1535 2137 1608 2193 beati
1622 2135 1745 2208 llionpsii

109 2232 240 2288 thematis
254 2232 363 2287 vinculo
375 2231 527 2288 cauendus.
954 2230 1145 2294 subtrahebat,
1163 2229 1290 2287 volomus
1304 2236 1332 2286 et
1345 2229 1539 2286 constituimus
1553 2230 1682 2302 deinceps
1697 2245 1747 2300 per

480 2343 537 2402 gn·
954 2329 1042 2378 totum
1058 2323 1123 2378 arrni
1145 2321 1279 2378 circulum
1295 2337 1343 2392 per
1364 2337 1461 2378 manus
1477 2321 1666 2378 ministrorum
1685 2337 1746 2376 mo-

111 2438 153 2494 Dc
166 2441 347 2510 religiosorum
358 2443 427 2495 ciclo
442 2441 600 2512 augendaei
616 2442 709 2509 primis
726 2437 904 2509 [uadurrteutis
954 2414 1110 2515 mmmm·
1121 2423 1168 2470 ³¹¹²
1180 2415 1313 2471 hiemum
1328 2414 1509 2470 ⁰⁰¹¹¹i¹¹¹¹³ti¹¹¹
1525 2416 1694 2485 ΒιῬῙ)ῙθΓῙἘι
1711 2430 1747 2470 ¹¹²

218 2512 335 2567 ecclesie
346 2511 511 2584 S.,i)ioupeii
527 2513 559 2565 ab
573 2514 629 2580 ipso
643 2511 793 2581 edificate.
954 2506 1070 2560 materia
1084 2505 1128 2564 lns
1143 2504 1261 2570 deficiat,
1272 2520 1385 2562 censum
1405 2519 1505 2560 novum
1522 2519 1657 2560 novorum
1676 2519 1748 2575 uuus

348 2603 440 2677 (cir-02
454 2620 556 2660 prinum
573 2603 666 2673 {leeg
955 2596 1089 2668 hospitari
1115 2596 1166 2653 leci
1191 2597 1218 2655 in
1242 2611 1329 2652 vacua
1344 2595 1416 2651 horti
1442 2603 1533 2661 terra,
1549 2596 1748 2668 quinquaginta

139 2694 218 2770 [bom
229 2695 372 2761 Fsurnrsn,
389 2697 457 2754 llist.
473 2697 508 2753 de
524 2697 614 2761 S.-u.,
630 2697 761 2759 Preuves,
778 2711 806 2767 p.
817 2695 877 2769 cii]
956 2689 1082 2746 videlicet
1106 2689 1208 2746 solidos
1222 2697 1269 2746 aut
1283 2688 1401 2762 amplius
1416 2689 1480 2744 huic
1502 2689 1680 2760 apposuimus
1706 2688 1749 2744 in*

149 2788 179 2844 ln
193 2791 303 2846 nomine
316 2790 407 2847 Patris
418 2790 503 2846 etsilii
515 2800 542 2846 et
552 2788 672 2862 Spiritus
687 2789 793 2848 sanctii
807 2786 904 2843 Amen.
956 2779 1194 2836 occidentalium
1208 2781 1290 2836 eliam
1305 2780 1437 2851 pulmenti
1456 2781 1577 2852 regulam
1594 2779 1750 2836 nouissime

152 2880 288 2938 Soornrus
302 2882 378 2938 Beati
393 2881 515 2955 Dionysii
528 2883 729 2953 qualiscunque
744 2879 840 2943 abbas,
857 2879 905 2934 bei
955 2874 1043 2930 teneri
1058 2881 1114 2928 tarn
1128 2889 1178 2945 pro
1191 2873 1259 2945 ipsis
1272 2873 1415 2938 iratribus,
1428 2890 1509 2945 quam
1520 2888 1570 2945 pro
1579 2873 1747 2930 exteriorum

112 2971 311 3043 oninipotentis
327 2973 438 3028 servitio
452 2972 617 3042 mancipatis
637 2970 781 3042 providere
799 2970 907 3026 labores
957 2979 1108 3036 pauperum
1125 2966 1344 3037 supportatione,
1359 2965 1406 3036 qui
1422 2965 1466 3022 bis
1484 2972 1511 3020 et
1527 2965 1588 3020 aliis
1608 2963 1748 3036 indigent,

113 3070 143 3119 et
155 3065 335 3120 certaminum
350 3067 466 3120 sudores
478 3065 690 3135 quibuscunque
708 3078 758 3118 seu
778 3063 908 3134 spiritua·
957 3059 1018 3113 sine
1033 3055 1251 3128 interpellatione
1267 3057 1415 3113 sanciendo
1439 3057 1591 3114 ssrmamus.
1612 3055 1675 3112 llaec
1699 3055 1750 3111 ita·

114 3156 182 3212 lium
197 3173 244 3214 sen
259 3158 451 3229 temporalium
469 3157 599 3214 remediis
614 3156 759 3221 alleviare,
781 3156 908 3212 victuali·
959 3163 1012 3218 que
1024 3148 1059 3204 de
1073 3149 1172 3219 pinna.
1189 3149 1227 3206 be
1241 3148 1362 3206 secunda
1381 3165 1447 3206 vcro
1461 3165 1522 3220 que
1541 3165 1620 3206 corna
1635 3150 1748 3212 dieitur,

112 3250 167 3305 bos
181 3267 217 3307 ne
230 3250 357 3306 deficiant
368 3251 395 3305 in
406 3251 450 3305 via
466 3259 638 3315 sustentare,
653 3265 716 3306 cum
734 3249 862 3306 omnibus
876 3248 908 3303 fi.
959 3239 1071 3294 tertium
1086 3238 1257 3294 confecimus
1271 3241 1436 3311 capitulum,
1450 3256 1511 3311 qum
1530 3249 1561 3297 ut
1585 3245 1754 3297 convenien-

113 3342 233 3403 delibus.
245 3342 453 3413 tumprrccipne
466 3340 832 3413 praelatisEcclesiaecoram
852 3337 908 3396 lieo
959 3332 1016 3387 tius
1030 3333 1149 3388 etsolito
1171 3333 1314 3390 decentius
1338 3333 1481 3390 fecundior
1502 3335 1564 3400 liat,
1584 3333 1749 3406 quibusdam

113 3441 142 3490 ct
157 3433 305 3489 bonestnm
323 3440 351 3489 et
365 3433 432 3488 utile
446 3434 622 3490 arbitramur.
647 3432 697 3489 llis
714 3431 849 3504 siquidem
870 3433 909 3488 si-

115 3523 414 3596 gnatumesl,l)omino
422 3525 607 3596 praecipiente,
616 3525 753 3595 quomodo
763 3523 909 3580 confovere

114 3627 143 3674 ct
158 3624 304 3686 contegere
313 3631 362 3671 eos
376 3625 501 3688 oporteat
517 3616 625 3671 bovinis
643 3622 671 3670 et
683 3614 806 3670 naiteinis
824 3615 908 3670 coriis

116 3725 208 3764 arcam
227 3709 338 3765 loederrs
362 3707 470 3763 Domini
493 3709 527 3763 ad
547 3707 720 3778 repellendos
741 3706 843 3762 imbres
865 3713 909 3761 tn·

116 3802 280 3865 multuosos,
304 3808 331 3856 ct
355 3816 525 3872 qrtaecunqne
547 3800 675 3862 molesta,
699 3798 728 3852 in
752 3814 807 3868 quo
830 3797 904 3853 idem

116 3893 170 3964 ipsi
180 3894 348 3965 exprimunt,
359 3897 406 3965 orvi
421 3893 626 3966 praelationibus
640 3893 762 3948 actuales
771 3907 803 3947 cx
818 3891 909 3947 debito

117 3985 197 4041 cilicii
210 4001 243 4041 ex
259 4002 289 4042 se
304 3987 371 4056 ipsis
384 3987 485 4042 liabent
497 3984 704 4040 lococoriorum
712 3994 738 4040 et
751 3983 907 4047 confovere,

116 4087 145 4134 et
157 4090 252 4134 contra
266 4094 376 4134 omnem
390 4079 544 4134 molestiam
559 4084 702 4148 protegere
719 4077 910 4146 contemplati-

959 3424 1053 3479 olima
1069 3425 1149 3480 nobis
1165 3433 1245 3480 aucta
1257 3431 1301 3482 est
1315 3426 1503 3491 incrementis,
1517 3426 1645 3483 videlicet
1655 3426 1750 3484 Sancti

959 3514 1073 3571 Luciani
1096 3515 1228 3580 decimis,
1247 3519 1312 3587 que
1324 3516 1357 3572 ad
1373 3532 1424 3573 nos
1440 3517 1632 3589 pertinebant,
1652 3519 1751 3591 viginti

960 3607 1111 3665 solidorum
1126 3607 1280 3680 largitione,
1296 3608 1343 3679 qui
1358 3609 1439 3666 nobis
1455 3609 1490 3665 de
1510 3609 1751 3680 superabundante

959 3701 994 3756 ab
1008 3701 1076 3772 ipsis
1090 3699 1243 3757 hortolanis
1261 3701 1436 3757 solvebantur
1448 3721 1455 3757 ι
1467 3717 1576 3758 annona
1589 3701 1672 3758 etiam
1689 3717 1751 3772 qrtae

960 3793 1040 3848 nobis
1059 3791 1092 3847 de
1114 3790 1260 3849 Petraficta
1280 3792 1462 3858 reddebatur,
1489 3795 1517 3850 iu
1543 3795 1750 3866 presentiarum

959 3899 1026 3940 rero
1045 3884 1082 3939 ob
1095 3898 1214 3940 amorem
1229 3893 1256 3940 et
1268 3884 1448 3940 reverentiam
1464 3893 1567 3944 sancta
1590 3883 1748 3956 religionis,

959 3984 986 4033 et
1003 3975 1118 4032 fratrum
1141 3985 1299 4034 nostrorum
1325 3978 1509 4042 devotionem,
1528 3992 1642 4034 censum
1667 3975 1750 4032 etiam

959 4069 1082 4138 ejusdem
1098 4067 1168 4122 villae
1181 4068 1307 4124 videlicet
1321 4076 1431 4124 centrnn
1449 4069 1568 4133 solidos,
1593 4075 1640 4123 aut
1655 4068 1678 4122 si
1692 4081 1753 4122 am-

961 4161 1030 4231 plior·
1045 4159 1142 4224 licerit,
1163 4167 1190 4214 et
1210 4159 1380 4222 contulimus
1391 4165 1418 4214 et
1434 4165 1566 4228 perpetuo
1577 4157 1751 4213 anathemate

959 4253 1188 4309 indissolubiliter
1200 4250 1434 4314 confirmavimus,
1449 4250 1501 4305 lroc
1518 4257 1610 4306 tanton
1626 4255 1749 4310 retento,

117 4187 178 4235 vos,
192 4173 239 4243 quvi
254 4187 318 4226 vere
333 4179 398 4226 scint
416 4185 481 4225 arca
503 4169 604 4224 divine
616 4169 830 4240 propitiationis.
856 4167 910 4224 Ea·

118 4271 230 4333 propter
243 4277 294 4334 cgo
310 4261 442 4334 Sugcrius
456 4261 504 4316 Dei
519 4261 651 4332 patientia
663 4268 706 4316 ter
720 4260 794 4317 Beati
807 4260 908 4332 Diony·

119 4356 154 4411 sii
168 4363 282 4411 vocatus
293 4356 379 4410 olibas
392 4355 584 4409 mandatorum
595 4351 644 4408 Dei
654 4353 859 4423 praevaricator,
872 4355 906 4410 ad
959 4343 1032 4414 quod
1054 4343 1177 4414 eiusdem
1198 4342 1325 4398 nionaclss
1341 4341 1490 4397 coeuflloris
1507 4341 1703 4397 deliberatione
1723 4345 1751 4394 el

118 4460 167 4499 cor
181 4445 229 4500 lrci
241 4445 418 4500 miseratione
442 4443 533 4498 redire
554 4441 708 4506 lcstinans,
727 4443 800 4499 unde
826 4460 909 4502 uene·
959 4435 1153 4492 testificatione
1170 4436 1311 4490 vinearum
1325 4441 1482 4491 nostrarum
1497 4433 1532 4488 de
1552 4432 1647 4488 eodem
1665 4447 1752 4487 censu

117 4538 181 4601 rim,
193 4537 260 4608 quid
280 4537 408 4601 fecerim,
422 4543 450 4592 et
464 4551 519 4606 quo
532 4536 572 4591 ire
584 4535 708 4600 debeam,
727 4536 755 4590 in
771 4535 869 4593 timore
883 4547 910 4592 ep
925 4555 948 4608 0
962 4530 1062 4586 ibidem
1074 4536 1207 4600 quantum
1220 4527 1254 4582 ad
1269 4541 1320 4584 nos
1336 4527 1454 4598 pertinet
1466 4525 1590 4580 collectio
1608 4523 1653 4578 fiat
1670 4541 1677 4579 ε
1694 4539 1753 4579 rite·

118 4628 301 4690 amaritudine
318 4630 416 4684 anianae
435 4643 502 4684 meae
522 4629 697 4698 recogitans,
713 4629 748 4684 ad
767 4645 911 4686 servorum
961 4620 1050 4676 dietas
1070 4619 1171 4676 etenim
1185 4631 1367 4690 expensarum
1388 4613 1422 4670 ad
1444 4613 1608 4670 mediatores
1633 4611 1752 4684 pertinet

118 4721 166 4780 Ilei
181 4722 293 4778 tutelam
308 4721 442 4776 tremulus
461 4719 608 4792 coniugio,
621 4728 649 4777 et
670 4721 717 4792 qni
737 4723 909 4794 irreligiosus
937 4771 941 4778 .
960 4715 1114 4770 vinearum.
1131 4710 1266 4767 Praeterea
1281 4707 1410 4780 operibus
1423 4706 1533 4777 pietatis
1548 4705 1693 4768 insideret
1708 4703 1751 4758 5¹¹·

119 4814 400 4887 cristo,ueligionem
417 4831 512 4870 corum
534 4822 592 4870 toto
611 4817 702 4870 animo
722 4817 908 4887 amplectens,
961 4806 1102 4862 firmorum
1114 4819 1207 4859 cirrum
1228 4816 1333 4873 gerere,
1348 4800 1442 4872 quarrti
1458 4805 1566 4853 constet
1589 4812 1637 4852 ore
1658 4809 1751 4851 sacra-

119 4909 309 4980 religiosorum
321 4907 450 4979 suffragia
463 4906 623 4977 suppliciter
634 4909 767 4979 imploro,
782 4915 809 4962 et
819 4915 850 4962 ut
863 4907 911 4962 de-
961 4901 1070 4958 tissimo
1095 4898 1182 4970 ipsius
1207 4894 1383 4959 audivimus,
1402 4892 1449 4964 qui
1463 4891 1588 4946 dicturam
1601 4897 1644 4946 cst
1658 4889 1685 4943 in
1704 4889 1750 4942 illa

119 5002 212 5057 votius
231 5007 260 5055 et
272 4998 410 5055 efficacius
432 4998 514 5053 nobis
535 4999 563 5053 in
582 4997 773 5068 spiritualibus
799 5003 909 5053 susten·
961 4991 1110 5050 universali
1125 4997 1152 5046 ct
1166 4987 1319 5045 admirabili
1336 4985 1476 5042 auditione
1492 5003 1498 5039 ι
1516 4980 1644 5053 Infirmas
1657 4980 1751 5051 scebet

121 5092 204 5148 tando
217 5091 388 5164 provideant,
399 5092 464 5147 etin
479 5091 677 5162 temporalibus
690 5091 731 5146 eis
741 5090 911 5161 providendo
960 5083 1088 5139 visitastis
1102 5097 1143 5136 nie
1157 5077 1266 5152 (llottb.
1282 5093 1345 5144 xxv,
1362 5075 1419 5148 56),
1434 5083 1461 5130 ct
1480 5072 1618 5129 contraria
1640 5079 1752 5128 eontra-

119 5201 166 5242 eos
192 5192 348 5243 sustentare
377 5175 544 5238 victualibus
564 5181 711 5238 contovere
736 5180 911 5238 devotissime
959 5177 1020 5231 riis.
1035 5174 1114 5243 Quod
1134 5179 1224 5228 autem
1240 5171 1274 5226 ad
1299 5169 1426 5241 praelatos
1449 5165 1623 5239 potissimum
1646 5169 1753 5236 spectet

119 5294 291 5336 accuramus.
318 5276 355 5332 lle
383 5276 563 5347 praepositura
587 5275 722 5345 siqnidem
743 5271 908 5338 vilcassini,
959 5268 1130 5328 enucleatius
1154 5265 1278 5327 edocuit,
1304 5263 1352 5334 qrri
1378 5277 1456 5317 ovem
1471 5258 1623 5316 morbidam
1637 5257 1671 5311 ad
1686 5270 1751 5326 gre-

119 5386 180 5441 qure
191 5371 257 5426 olim
267 5378 331 5426 ante
345 5383 396 5425 nos
410 5369 480 5425 adeo
490 5369 621 5424 destituta
632 5375 702 5431 erat,
715 5374 746 5421 ut
755 5366 800 5420 vix
816 5373 910 5436 posset
959 5377 1020 5431 gem
1035 5362 1062 5415 in
1078 5359 1200 5414 humeris
1214 5355 1374 5427 reportavit.
1398 5351 1455 5408 liae
1467 5349 1602 5422 siqnidem
1617 5345 1754 5403 sollicitu-

120 5463 240 5535 qninque
262 5463 366 5519 solidos
389 5461 424 5516 ad
444 5459 633 5531 quotidianum
652 5460 769 5514 fratrum
784 5458 911 5529 generale
959 5457 1023 5514 dine
1037 5455 1128 5510 votiva
1142 5450 1311 5522 angariatus,
1324 5447 1422 5504 lratrcs
1438 5445 1520 5516 hujus
1533 5441 1679 5500 ministerii
1691 5437 1754 5494 olli-

120 5556 253 5623 sufficere,
267 5571 349 5628 quam
360 5556 389 5610 in
405 5554 526 5610 novitate
536 5553 705 5625 praelationis
723 5559 840 5618 nostrae,
861 5549 910 5608 ilci
960 5549 1043 5606 ciales
1055 5553 1113 5600 tarn
1127 5549 1274 5616 praesentes
1289 5555 1371 5612 quam
1385 5552 1564 5596 successuros
1577 5537 1605 5591 in
1619 5534 1672 5589 boc
1689 5532 1755 5603 ipso

120 5649 239 5713 auxilio,
253 5649 340 5705 multo
353 5654 483 5719 sumptu,
498 5647 589 5702 valida
603 5646 727 5719 (etquod
740 5647 822 5702 etiam
842 5661 911 5702 con·
960 5643 1080 5700 vicarios
1099 5647 1211 5695 nostros
1233 5634 1397 5692 auctoritate
1422 5631 1469 5689 Dei
1494 5641 1700 5688 commonemus
1723 5630 1752 5680 et

120 5742 263 5798 scientiam
270 5738 911 5813 meamgravat)militarimanu,aboppressione
960 5735 1144 5808 precipimur,
1160 5737 1297 5803 quatenus
1312 5727 1453 5791 bilariter,
1480 5723 1525 5796 pie
1540 5730 1568 5780 et
1590 5723 1751 5780 mansuete,

120 5831 314 5892 advocatorum
326 5839 354 5890 et
368 5833 484 5890 aliorum
503 5829 711 5892 meleiactorum
731 5847 793 5890 eam
811 5845 911 5889 excus·
960 5827 1092 5887 iratribus
1106 5821 1317 5899 aegrotantibus,
1332 5819 1461 5890 Senibus,
1476 5815 1684 5889 quibuscunque
1701 5808 1753 5872 ‘1⁰'
