3967 6334
289 309 372 382 ¹isti
747 302 792 361 ab
809 300 959 359 honhart
977 297 1080 355 ebuli
1099 294 1369 355 suhrshllattuh
1388 292 1511 351 trahes
1835 308 1885 365 {pq

294 424 463 491 abluuntrrr;
477 431 505 479 ιι
519 423 555 479 ibi
569 439 619 481 ras
646 422 763 479 nitidum
783 436 847 477 cum
872 433 943 491 aqua
999 420 1092 485 adeat,
1107 424 1131 481 Α
1145 416 1272 487 accipiat,
1284 412 1336 469 nisi
1348 411 1455 484 publice
1469 408 1613 466 celebratis
1626 408 1735 481 nuptiis.
1741 408 1839 483 Raptam
1846 436 1887 475 ιιι,

299 498 391 566 ibique
405 509 502 550 manus
516 495 587 550 lavet
600 501 662 564 post
671 493 899 549 communionem.
908 489 960 544 Nol
974 505 1006 545 us
1016 498 1092 545 entra
1144 488 1262 543 almodis
1278 484 1429 555 prohibete,
1445 489 1472 538 et
1485 488 1516 536 ut
1529 482 1620 537 nullus
1634 482 1667 535 ad
1688 482 1819 552 proximam
1841 505 1886 545 ιιι.

296 568 443 621 eeclesiam
458 579 507 635 per
519 564 628 628 domos,
643 572 690 620 aut
704 564 731 618 in
745 561 814 618 locis
840 577 895 616 non
922 563 1093 617 consecratis
1143 559 1235 683 imnis
1251 557 1294 611 sui
1311 554 1432 636 accedat,
1446 561 1485 635 ιι,
1501 562 1531 607 ιιι
1558 550 1673 606 alterius
1693 562 1886 623 sponsampulhv

299 638 413 693 missam
428 641 531 699 cantet,
547 637 638 690 nullus
650 636 725 692 solus
738 634 850 689 missam
859 638 960 686 cantet.
973 630 1093 686 Calicem
1164 634 1236 682 ucat.
1251 626 1396 681 Porcarros
1410 630 1437 678 et
1451 622 1520 678 ahos
1551 630 1657 679 astares
1671 621 1711 677 rel
1730 620 1846 681 Βιιιιιιιιιι
1856 632 1887 687 ιιι

296 714 327 761 et
340 707 459 761 oblatam
475 714 549 760 recta
563 721 645 762 cruce
660 706 776 775 signate,
792 703 887 766 idest,
910 716 967 756 non
982 702 1010 755 in
1038 703 1093 755 cir·
1144 699 1178 753 ad
1201 699 1314 753 missam
1330 696 1422 750 venire
1434 692 1525 749 facite.
1562 692 1644 769 atrini
1660 690 1720 747 hliis
1740 694 1792 749 suis
1803 694 1878 769 ngla

300 781 362 832 culo
377 783 404 831 et
417 776 586 832 varicatione
599 776 746 846 digitorum
774 780 805 827 ιιι
831 772 942 843 plurimi
970 779 1093 828 vestrum
1143 769 1199 824 lum
1215 775 1242 824 et
1256 768 1405 823 orationem
1422 762 1590 819 bominicam
1610 762 1755 825 insinuent,
1780 776 1819 821 aot
1840 770 1878 825 ιιι

298 846 415 910 iaciunt,
431 846 480 901 sed
494 847 599 902 strictis
613 846 720 901 duobus
735 843 839 914 digitis,
863 850 890 899 ιι
904 843 1003 913 pollice
1018 842 1093 897 intus
1143 838 1223 895 nuari
1238 836 1350 892 saciant.
1365 834 1491 890 chrisma
1507 848 1613 919 semper
1628 834 1681 889 sub
1694 848 1752 889 sera
1764 836 1796 889 sit
1806 844 1886 899 autsul

299 918 420 979 recluso,
436 930 484 985 per
498 932 567 987 quos
582 916 705 971 Trinitas
733 914 866 977 innuitur,
881 913 955 969 istud
983 912 1093 983 signum
1143 910 1243 981 sigillo,
1259 916 1370 980 propter
1384 904 1517 976 quosdam
1532 904 1666 959 mhdcles.

296 986 321 1058 ι
334 997 409 1043 recte
424 986 514 1043 lacere
528 989 651 1043 studete:
667 985 808 1041 nonenim
836 984 917 1038 aliter
943 983 1094 1054 quidquam
1183 979 1317 1035 Volumus
1330 985 1420 1031 autem
1435 975 1506 1031 scire
1526 975 1560 1030 de
1573 974 1697 1045 quolibet
1721 974 1886 1047 presbyterae

302 1060 419 1129 potestis
427 1057 598 1114 benedicere.
1144 1065 1176 1106 er
1192 1049 1319 1121 ingenuis
1333 1046 1492 1119 parentibus
1506 1046 1541 1101 sit
1555 1053 1649 1126 natus,
1665 1051 1712 1099 aul
1724 1060 1755 1099 ex
1768 1050 1887 1111 conditiore

307 1144 309 1150 ·
338 1126 464 1183 lallrnros
478 1129 623 1183 risitateet
637 1142 686 1183 eos
699 1123 885 1187 reconciliate,
901 1131 927 1178 ιι
932 1121 1012 1193 juxta
1024 1121 1094 1195 Apo·
1144 1122 1247 1184 servili,
1264 1127 1311 1175 aut
1325 1121 1349 1174 si
1364 1117 1398 1172 de
1412 1125 1507 1172 nostra
1516 1114 1648 1187 parochia
1663 1121 1741 1169 natus
1753 1126 1797 1175 esi,
1810 1130 1846 1173 ιιι
1857 1138 1887 1177 ιι.

300 1200 402 1253 atolum
418 1200 478 1253 oleo
493 1206 590 1254 sancto
604 1198 709 1268 ungite,
724 1204 752 1254 ιι
778 1194 889 1266 propria
910 1208 993 1250 manu
1018 1209 1094 1249 corn·
1144 1191 1265 1253 dinatus,
1279 1190 1319 1245 vel
1334 1187 1368 1243 ad
1382 1202 1463 1257 quem
1479 1187 1567 1241 locum
1577 1184 1887 1259 praeticulatusllortcpra

301 1271 450 1330 municate,
466 1274 493 1323 ιι
506 1270 599 1324 nullus
619 1276 764 1339 praesumat
790 1264 898 1319 tradere
925 1266 1095 1319 communio-
1143 1258 1298 1334 titulatus];
1314 1259 1336 1315 si
1352 1274 1448 1316 servus
1465 1254 1797 1337 luit,2ostendat.chartan
1809 1259 1887 1317 libas

303 1354 364 1393 nem
381 1339 451 1392 laico
467 1345 513 1392 aut
523 1339 640 1403 ieminae,
657 1337 691 1391 ad
705 1334 883 1391 deferendum
892 1334 1010 1389 inhrmo.
1027 1334 1094 1390 Nul·
1143 1334 1198 1399 tis;
1214 1334 1238 1389 si
1251 1332 1285 1388 de
1298 1330 1352 1385 alia
1366 1327 1507 1401 parochia,
1521 1326 1651 1383 ostendat
1667 1326 1768 1383 litteras
1787 1344 1887 1387 commen

299 1410 344 1465 lus
357 1406 477 1464 res'trum
493 1424 542 1478 pro
556 1408 728 1479 baptizandis
740 1405 903 1467 insontibus,
913 1412 961 1460 aut
976 1404 1092 1461 infirmis
1143 1402 1265 1465 delitias,
1280 1416 1350 1473 quas
1365 1404 1493 1470 formetur
1508 1396 1667 1453 vocantlle
1681 1396 1819 1455 ministerio
1834 1406 1885 1458 vra„

302 1478 521 1541 reconciliandis,
550 1486 598 1533 aut
625 1476 741 1534 mortuis
768 1474 933 1546 sepeliendis
951 1478 1093 1545 praemium
1144 1474 1226 1529 etiam
1241 1472 1390 1528 commisso
1404 1486 1454 1525 vos
1468 1471 1614 1525 admouere
1628 1482 1766 1531 curamus,
1788 1479 1813 1524 ut
1829 1488 1886 1529 unus

301 1550 344 1604 vel
359 1564 459 1604 rnunus
474 1550 575 1631 exigat.
591 1547 687 1606 Videte
701 1564 735 1603 ne
748 1562 797 1618 per
810 1543 1094 1619 negligentiamhoh
1144 1545 1258 1616 quisque
1274 1550 1404 1604 restrum,
1421 1541 1445 1595 si
1459 1539 1517 1595 lieri
1532 1546 1632 1611 potest,
1647 1538 1826 1608 expositionem
1834 1540 1887 1612 Sm-

303 1626 422 1674 vestram
436 1619 509 1674 ullus
523 1619 615 1675 rnlaas
628 1622 688 1676 sine
699 1619 835 1689 baptismo
843 1616 986 1672 moriatur.
996 1614 1093 1672 Nullus
1143 1612 1209 1679 beili,
1225 1622 1252 1670 et
1267 1612 1401 1669 orationis
1414 1610 1573 1673 Dominicae,
1592 1610 1680 1690 juxta⁸
1700 1608 1848 1667 traditionem
1857 1628 1887 1669 or-

295 1696 424 1745 ·vestrum
438 1690 475 1745 sit
489 1692 616 1747 ebriosus
629 1698 656 1745 et
669 1690 709 1744 liti
730 1690 816 1752 iosus,
831 1689 896 1760 quia
919 1703 1022 1742 cauum
1038 1687 1093 1741 ho·
1144 1686 1336 1747 thodororum,
1360 1682 1441 1754 [405
1466 1696 1551 1752 penes
1573 1695 1602 1736 se
1626 1686 1742 1750 scriptas
1765 1680 1886 1745 babenber

303 1761 369 1815 mirri
383 1777 434 1815 aoa
452 1771 554 1831 oportet
571 1760 675 1831 litigare
696 1706 741 1831 (il
764 1759 833 1815 Tim.
861 1774 893 1825 u,
908 1756 965 1831 at).
995 1757 1093 1815 Nullus
1107 1788 1130 1843 B
1144 1771 1203 1812 eam
1219 1756 1335 1880 pleniter
1348 1754 1490 1834 intelligat,
1504 1757 1532 1807 et
1547 1750 1610 1807 iude
1623 1750 1647 1807 si
1662 1750 1745 1833 norit,
1760 1752 1887 1821 prodiendo

302 1838 424 1887 vestrum
439 1846 516 1885 arma
529 1830 599 1887 leret
614 1834 643 1886 in
657 1831 802 1895 seditione,
815 1828 881 1901 quia
907 1843 983 1882 arma
998 1840 1092 1885 nostra
1144 1842 1215 1899 popu
1228 1842 1273 1882 um
1289 1824 1341 1881 sibi
1355 1838 1530 1880 commissum
1553 1821 1651 1879 sedrrlo
1671 1828 1783 1875 ιιιιιιιιιι
1793 1840 1800 1878 :
1810 1823 1828 1877 si
1843 1840 1885 1885 tor.

303 1900 404 1957 debent
417 1917 479 1957 csse
493 1902 657 1972 spiritualia.
674 1901 770 1957 Nullas
785 1906 938 1956 canumaut
951 1899 1093 1970 aviumJ'o-
1144 1899 1240 1953 saltem
1260 1902 1361 1959 teneat,
1383 1894 1425 1949 vel
1445 1892 1549 1948 credat.
1572 1891 1719 1947 Orationes
1740 1893 1886 1950 missaruurt

302 1971 345 2027 cis
360 1972 500 2028 inserviat.
516 1972 606 2028 Nolite
621 1974 649 2027 in
663 1973 785 2028 tabernis
799 1972 1013 2038 bibere;curam
1025 1986 1093 2041 pau·
1144 1983 1277 2023 canonem
1292 1968 1361 2022 bene
1375 1964 1521 2034 intelligat;
1535 1971 1561 2019 et
1577 1964 1600 2019 si
1615 1977 1683 2023 non,
1700 1962 1789 2017 saltem
1801 1968 1886 2019 memoa-

300 2057 397 2115 perum
412 2049 469 2098 eto
505 2043 650 2107 banorum,
666 2058 698 2097 ac
714 2043 918 2113 peregrinorum
941 2040 1049 2105 habete,
1066 2049 1093 2098 et
1143 2046 1186 2094 ter
1198 2054 1231 2093 ao
1244 2037 1374 2092 distincte
1395 2034 1518 2107 prolerre
1530 2034 1631 2089 valeat.
1647 2032 1788 2104 Epistulam
1804 2044 1825 2089 el
1835 2050 1886 2091 maa

299 2128 349 2169 eos
365 2114 398 2169 ad
413 2128 481 2184 prau
503 2114 555 2168 rola
568 2122 661 2169 vestra
674 2114 797 2169 invitate.
825 2111 919 2167 Estote
944 2111 1093 2181 hospitales
1143 2110 1244 2181 gellam
1259 2108 1328 2163 bene
1342 2108 1430 2177 legere
1444 2104 1542 2176 possit,
1558 2112 1586 2159 et
1600 2104 1707 2159 utinam
1722 2106 1807 2160 saltem
1824 2106 1886 2160 alit·

300 2190 333 2237 ut
348 2184 394 2239 alii
408 2198 423 2237 ι
438 2184 516 2238 vobis
529 2186 683 2255 exemplum
698 2183 808 2254 capiant
819 2182 932 2246 bouum.
947 2180 1029 2237 Omni
1049 2183 1093 2237 die
1144 2189 1232 2236 teram
1246 2179 1307 2248 ejus
1323 2192 1433 2233 sensum
1447 2181 1541 2247 posset
1563 2174 1749 2230 manifestare.
1761 2173 1886 2230 Psalnorun

230 2260 239 2271 ‘
302 2252 445 2309 bomiaica
460 2261 523 2308 ante
537 2253 662 2315 missam,
686 2269 786 2325 aquam
812 2252 984 2309 benedictam
999 2251 1091 2318 lacite,
1142 2250 1227 2307 verba
1241 2257 1268 2305 et
1282 2248 1469 2305 distinctiones
1481 2246 1645 2318 regulariter
1657 2260 1691 2300 ιι
1703 2244 1779 2301 corde
1789 2260 1838 2301 eum
1846 2264 1887 2302 rra

300 2323 374 2379 unde
389 2326 506 2395 populus
521 2333 694 2396 aspergatur,
711 2333 738 2379 et
753 2324 787 2379 ad
802 2324 854 2378 hoc
869 2323 958 2378 solum
971 2338 1021 2378 vas
1044 2322 1094 2378 ha·
1142 2322 1206 2377 ticis
1222 2317 1469 2375 consuetudinariis
1480 2316 1660 2388 pronuntiare
1675 2316 1751 2373 sciat.
1763 2314 1887 2377 Semnan,

301 2394 374 2450 bete.
391 2394 475 2449 Sacra
490 2408 554 2448 vasa
569 2402 597 2450 et
610 2396 773 2450 vestimenta
801 2393 983 2451 sacerdotalia
1008 2394 1093 2449 nolite
1143 2402 1173 2447 ut
1188 2392 1313 2461 superius
1327 2388 1393 2453 dixi,
1409 2388 1552 2443 Athanasii
1566 2386 1691 2457 episcopi
1705 2385 1738 2441 de
1749 2384 1794 2441 lide
1804 2384 1888 2443 lanio

303 2464 333 2518 in
347 2465 461 2535 pignore
474 2463 540 2520 dare
554 2466 718 2537 negotiatori
732 2472 778 2519 aut
805 2463 973 2520 tabernario.
997 2462 1093 2519 Nullus
1143 2463 1180 2518 tis
1195 2462 1274 2532 crrjus
1288 2460 1396 2515 initium
1409 2470 1452 2515 est
1465 2457 1622 2529 Quicunque
1639 2457 1704 2519 ruit,
1722 2458 1852 2513 memoriter
1861 2470 1887 2513 te

299 2542 423 2590 vestrum
439 2536 529 2592 minus
543 2536 624 2606 digne
638 2537 826 2607 penitentem,
842 2536 1031 2604 cujuscunque
1053 2536 1094 2591 rei
1142 2540 1217 2589 neat.
1233 2531 1407 2587 Erorcismos
1417 2537 1444 2586 ιι
1458 2530 1599 2585 orationes
1609 2526 1644 2583 ad
1659 2528 1889 2583 caieolramenumh

301 2606 390 2675 gratia
405 2603 440 2659 ιι
453 2606 702 2661 reconciliationem
719 2606 847 2671 adducat,
872 2613 899 2660 et
912 2604 937 2659 ei
965 2604 1093 2659 testimo·
1143 2602 1285 2669 ciendum;
1300 2602 1335 2657 ad
1356 2599 1458 2657 iontem
1473 2614 1582 2672 quoque
1601 2598 1817 2661 consecrandum,
1828 2606 1848 2653 et
1861 2614 1889 2653 re

301 2675 378 2729 nium
393 2674 627 2734 reconciliationis
641 2677 720 2732 ierat.
735 2675 832 2731 Nullas
845 2683 969 2732 vestrum
992 2688 1093 2732 usurae
1142 2674 1232 2745 liquas
1247 2686 1343 2745 preces
1358 2686 1440 2741 super
1451 2670 1617 2732 masculum,
1630 2676 1659 2726 ιι
1680 2667 1799 2723 feminam
1809 2670 1888 2740 panli-

300 2747 405 2817 exigat,
420 2753 447 2801 et
460 2747 588 2801 conditor
601 2746 704 2802 leuoris
717 2748 834 2814 eristat;
849 2761 895 2800 res
907 2752 935 2801 ιι
949 2746 1094 2802 facultates
1142 2751 1185 2800 ter
1199 2753 1227 2800 et
1242 2743 1417 2814 singulariter
1430 2739 1613 2811 distincteque
1634 2737 1758 2811 prolerre
1775 2740 1851 2794 valeat.
1861 2738 1889 2793 a·

302 2830 373 2887 quas
387 2822 450 2887 post
463 2814 535 2872 diem
550 2816 732 2873 ordinationis
745 2823 843 2872 restrae
856 2815 1010 2886 acquiritis.
1022 2818 1094 2872 scia·
1143 2815 1245 2871 militer
1258 2814 1382 2869 ordinem
1397 2810 1569 2883 baptizandi3
1591 2810 1627 2867 ad
1644 2808 1827 2866 succurendum
1839 2808 1889 2865 iah·

303 2888 341 2941 tis
355 2884 390 2940 ad
405 2885 554 2941 Ecclesiam
571 2888 716 2958 pertinere.
739 2887 834 2943 Nullus
850 2888 910 2941 sine
937 2887 1051 2941 scientia
1066 2894 1094 2942 et
1143 2887 1214 2952 mis;
1235 2886 1358 2940 ordinem
1380 2898 1488 2953 quoque
1508 2878 1708 2937 reconciliandi
1725 2881 1796 2949 juxta
1813 2882 1889 2935 molan

303 2971 441 3012 consensu
457 2963 552 3011 nostro
565 2959 708 3015 ecclesiam
723 2958 857 3030 acquirat.
872 2954 969 3011 Nullus
983 2972 1032 3026 per
1046 2972 1095 3028 po-
1144 2956 1197 3011 sihl
1211 2957 1342 3011 canonice
1364 2960 1536 3009 reservatum
1558 2959 1643 3023 atque
1658 2951 1773 3022 ungendi
1791 2950 1888 3014 luemus,

301 3033 428 3083 testatem
443 3028 615 3083 saecularium
631 3029 775 3084 ecclesiam
789 3028 921 3083 obtineat.
935 3025 1031 3082 Nullus
1047 3044 1095 3099 per
1144 3028 1284 3083 orationes
1315 3039 1423 3096 quoque
1447 3023 1536 3080 cidem
1562 3023 1725 3079 necessitati
1751 3029 1890 3093 comparata

303 3097 459 3175 pecuniam,
477 3098 590 3154 alterius
604 3100 748 3155 ecclesiam
763 3096 1035 3168 subplarrtet.llallrrs
1048 3114 1094 3154 ee·
1145 3098 1213 3153 berre
1226 3099 1322 3153 saltem
1338 3096 1407 3151 sciat
1424 3094 1523 3164 legere.
1540 3091 1675 3150 Similiter
1688 3091 1802 3147 ordinem
1817 3100 1889 3161 etpre

302 3168 426 3231 clesiam,
441 3168 573 3239 adquam
600 3171 726 3226 titulatus
753 3177 806 3235 est,
829 3169 975 3238 relinquat,
1005 3176 1032 3225 ιι
1060 3142 1129 3224 adC
1147 3168 1228 3223 cesin
1239 3166 1377 3239 exsequiis
1388 3162 1891 3235 agendisdelunctorumisimilitcssror·

304 3238 386 3292 aliam
402 3244 523 3309 quaestus
536 3255 620 3294 causa
635 3242 742 3311 migret.
773 3238 802 3295 ln
824 3240 937 3295 alterius
964 3238 1094 3309 parochia
1146 3238 1247 3295 cismos
1271 3245 1298 3294 ιι
1318 3236 1521 3293 benedictiones
1538 3238 1606 3293 salis
1628 3242 1658 3293 et
1681 3248 1756 3305 aque
1775 3234 1891 3288 memoriter

303 3308 396 3364 nullas
412 3308 524 3364 missam
539 3317 631 3365 cantet
645 3312 748 3381 absque
761 3310 920 3381 parochiani
930 3310 1093 3381 presbyteri,
1145 3316 1243 3365 teneat.
1260 3306 1403 3365 Canticum
1421 3314 1586 3362 noctnrnum
1609 3314 1694 3377 atque
1705 3306 1821 3359 diurnum
1837 3318 1891 3357 nure

303 3381 328 3435 si
340 3394 460 3450 praescus
470 3386 524 3444 est,
536 3382 677 3437 volontate
689 3390 716 3436 et
729 3388 835 3452 rogatu.
850 3380 947 3435 Nullus
960 3378 1096 3436 decimam
1145 3380 1196 3445 rit;
1210 3387 1366 3449 compotum
1383 3376 1526 3441 arinorem,
1538 3376 1564 3433 i'd
1579 3386 1624 3433 est
1638 3384 1892 3447 epactanmnmrrea

305 3450 339 3503 ad
356 3450 439 3504 alium
454 3451 635 3519 pertinentem
650 3451 772 3522 recipiat.
799 3450 896 3506 Nullus
916 3452 1095 3521 pmnltentem
1145 3460 1187 3505 tes
1201 3450 1350 3520 regulares,
1366 3448 1512 3503 terminum
1533 3448 1705 3519 paschalem,
1719 3452 1747 3501 ιι
1762 3444 1891 3513 ιιιιιιιιιι

305 3518 402 3576 inritet
415 3534 526 3575 caruem
540 3522 706 3577 manducare
719 3529 748 3577 ιι
759 3522 852 3577 bibere
865 3523 970 3583 vinum,
981 3522 1035 3575 nisi
1045 3536 1095 3593 pro
1145 3527 1187 3577 est
1202 3520 1341 3589 possibile,
1352 3519 1454 3590 sapiat;
1471 3518 1711 3591 martyrologium,
1721 3524 1748 3573 ct
1759 3515 1891 3587 puniteatb

304 3604 338 3643 eo
352 3590 387 3644 ad
401 3605 522 3660 presens
536 3592 736 3673 eleemosynam
751 3592 854 3647 lecerit.
882 3591 978 3647 Nullus
993 3607 1096 3663 praesu·
1146 3590 1198 3647 lem
1213 3589 1321 3654 habeat,
1335 3599 1361 3644 ιι
1375 3594 1483 3645 caelera.

304 3667 362 3715 mat
375 3662 514 3730 baptizare
529 3662 582 3717 nisi
596 3664 625 3717 in
638 3663 731 3733 vigilia
745 3660 856 3718 Paschae
870 3660 1094 3727 etPentecostes,
1181 3658 1220 3715 lle
1240 3659 1401 3716 ordinandis
1426 3674 1476 3730 pro
1501 3664 1578 3713 certo
1602 3659 1701 3715 scitote
1722 3656 1820 3727 quod'a
1839 3655 1891 3709 (ιιι

303 3730 360 3785 nisi
374 3741 485 3802 propter
498 3732 649 3803 periculum
663 3731 770 3788 mortis.
797 3729 991 3815 Unusquisque
1006 3732 1095 3789 lentes
1145 3732 1221 3786 nullo
1235 3732 1316 3786 modo
1330 3730 1572 3801 promovebuntur,
1587 3729 1643 3785 nisi
1659 3734 1707 3783 aut
1719 3728 1745 3782 in
1759 3728 1891 3783 civitatem

305 3800 414 3881 babeat.
429 3808 457 3856 ιι
471 3802 495 3857 si
509 3818 564 3859 non
591 3810 682 3875 potest
707 3802 808 3860 habere
835 3802 969 3873 lapideos,
997 3804 1096 3859 habeat
1146 3809 1213 3866 stra,
1229 3802 1318 3857 autin
1340 3801 1431 3871 aliquo
1449 3799 1616 3855 monasterio
1636 3800 1679 3854 vel
1699 3798 1767 3873 apud
1783 3796 1891 3869 quemlibt

305 3870 381 3926 ahud
400 3885 449 3927 vas
472 3872 507 3929 ad
526 3874 580 3930 hoc
599 3880 792 3945 praeparatum,
812 3873 841 3929 iu
859 3887 914 3946 quo
937 3873 1006 3929 nihil
1021 3874 1095 3930 aliud
1145 3872 1310 3943 sapientem,
1326 3871 1359 3926 ad
1374 3878 1481 3941 tempus
1494 3870 1651 3925 conversati
1670 3870 1775 3933 luerint,
1788 3876 1810 3925 ct
1824 3869 1891 3921 littera

306 3940 364 3996 ssat.
1145 3942 1343 4013 aliquantulum
1356 3940 1466 4001 eruditi.
1482 3949 1512 3995 ut
1522 3937 1890 3997 idoneirideaatoreerlesiasti

341 4010 438 4068 Videte
453 4020 484 4067 ut
498 4013 625 4069 omnibus
632 4014 808 4084 parochianis
820 4014 920 4070 vestris
935 4012 1095 4098 Symbolum
1145 4028 1185 4068 ιιι
1200 4012 1336 4084 dignitati.
1352 4010 1419 4067 Cum
1437 4012 1589 4068 auctoritas
1611 4026 1721 4081 quoque
1733 4011 1849 4066 matinen
1862 4024 1891 4061 rr-

305 4087 334 4136 et
346 4083 499 4137 orationem
514 4082 683 4140 bominicam
698 4086 860 4152 insinuetis;
876 4086 1011 4156 jejunium
1026 4084 1097 4152 Qua·
1146 4083 1298 4141 clesiastica
1323 4090 1351 4137 ιιι
1364 4084 1399 4139 ιι
1418 4083 1499 4138 rebus
1520 4081 1718 4139 ecclesiasticis
1736 4090 1838 4153 quatuor
1852 4078 1890 4131 ieri

306 4150 555 4235 tuorl'emporum,
572 4161 599 4209 ct
612 4153 804 4227 Rogationum,
815 4165 842 4211 et
851 4155 952 4213 litaniae
964 4155 1093 4226 majores,
1145 4154 1259 4211 debeant
1274 4162 1376 4225 partes,
1393 4152 1522 4223 equibus
1538 4168 1591 4207 una
1604 4153 1738 4224 episcopi,
1752 4152 1824 4207 altera
1835 4148 1890 4203 labri

306 4222 433 4293 plebibus
447 4224 548 4281 restris
560 4226 725 4283 omnimodis
733 4227 935 4282 observandum
941 4227 1093 4293 insinuate;
1146 4239 1185 4281 ιιι
1199 4225 1331 4288 ecclesiae,
1347 4225 1429 4280 tertia
1443 4225 1618 4288 clericorum,
1633 4232 1732 4293 quarta
1752 4223 1834 4277 debeat
1848 4234 1890 4273 erse

307 4294 375 4349 lerla
389 4303 486 4366 quarta
501 4302 565 4353 ante
590 4295 832 4368 Quadragesimam
859 4297 965 4367 plebem
979 4295 1015 4351 ad
1028 4312 1096 4352 con·
1145 4311 1295 4367 pauperum
1311 4302 1339 4351 ιι
1353 4294 1499 4365 hospitum.
1512 4290 1541 4348 Si
1554 4301 1674 4350 vestram
1690 4294 1796 4366 pleniter
1805 4290 1889 4345 habetis

307 4363 455 4421 sessionem
471 4366 595 4431 invitate,
611 4374 639 4421 et
664 4368 690 4423 ei
714 4368 792 4437 juxta
806 4368 966 4437 qualitatem
989 4367 1093 4430 delicti,
1146 4367 1180 4421 de
1195 4366 1322 4437 illisque
1339 4366 1372 4420 ad
1393 4365 1486 4436 episoo
1507 4380 1562 4431 rim,
1579 4363 1722 4427 labricam,
1737 4362 1776 4421 rel
1793 4374 1890 4433 pauperes

307 4436 496 4506 prenitentiam
510 4436 655 4509 iniungite,
670 4452 726 4493 non
739 4454 774 4495 ιι
787 4437 869 4493 corde
883 4447 985 4502 vestro,
997 4436 1045 4494 sed
1061 4440 1096 4493 si·
1164 4438 1292 4502 ertinent,
1306 4436 1409 4491 nullam
1423 4380 1553 4490 inviriiam
1568 4434 1703 4490 habeatis.
1719 4432 1890 4508 llerainiscaues¹

304 4512 353 4587 cut
365 4506 394 4561 in
408 4508 589 4589 poenitentiali
603 4508 737 4579 scriptum
751 4520 801 4565 est.
824 4507 926 4575 Quater
954 4508 983 4562 in
1009 4524 1092 4569 anno,
1109 4452 1289 4563 Dilonrirrum
1305 4506 1485 4579 precepisse:
1506 4502 1568 4559 Non
1579 4506 1745 4575 concupisces
1754 4502 1889 4581 rcnprva'm

306 4574 334 4629 ιι
347 4584 400 4641 ιιι,
416 4578 501 4632 natah
517 4578 624 4634 bomini
638 4587 665 4634 et
679 4579 764 4635 Coena
789 4578 908 4643 Domini,
933 4576 1051 4643 Pascha,
1067 4586 1094 4634 et
1147 4580 1186 4633 tui
1200 4575 1298 4649 (Eroti.
1317 4594 1361 4641 ιι,
1380 4577 1443 4647 ll),
1458 4583 1486 4631 et
1499 4574 1570 4630 dere
1583 4590 1643 4647 quc
1657 4575 1692 4629 ud
1707 4580 1888 4643 recoopertus.

306 4644 467 4704 Pentecoste
481 4662 576 4706 omnes
593 4648 686 4706 hdeles
699 4649 1094 4720 adcommunionemcorporis
1145 4664 1177 4703 ae
1188 4648 1317 4703 sollicitus
1333 4647 1424 4718 lucris.
1441 4645 1478 4699 be
1495 4646 1503 4699 i
1525 4662 1554 4702 sa
1569 4660 1634 4701 rero
1657 4662 1718 4719 quae
1732 4644 1763 4700 ad
1775 4658 1817 4699 ros
1832 4640 1888 4713 ιιι

307 4718 1096 4791 elsanguiuisllominiaceedereadmorrote.Certistampo
1145 4725 1201 4780 net,
1223 4718 1302 4775 lidem
1326 4720 1458 4773 intervos
1472 4716 1508 4770 ha
1543 4723 1611 4780 tote,
1629 4723 1656 4771 et
1676 4714 1887 4773 communicarem

306 4786 385 4845 ribus
394 4789 555 4860 coniugatus
565 4792 600 4845 ab
609 4791 741 4846 uxoribus
751 4791 888 4846 abstinere
901 4790 1093 4847 exhortamini.
1145 4788 1268 4855 dividite,
1293 4790 1349 4845 sive
1362 4789 1398 4843 sit
1420 4802 1464 4843 rna
1502 4802 1518 4841 a
1543 4788 1601 4843 sive
1624 4786 1660 4842 sit
1683 4783 1888 4851 modicascieater

305 4856 435 4930 Eulogias
447 4868 510 4930 post
522 4861 635 4917 missam
651 4861 870 4918 indiebuslestis
884 4860 955 4932 plebi
969 4861 1092 4917 tribuite.
1144 4857 1303 4931 Apostolum
1315 4858 1435 4914 dixisse:
1475 4873 1532 4912 emo
1545 4857 1731 4913 circumierint
1740 4850 1887 4926 ιιιιιιιιιιιιι

304 4926 402 4986 Nullas
417 4930 476 4986 siue
491 4932 561 4986 stola
575 4932 603 4985 in
619 4931 715 4988 itinere
729 4932 846 4988 incedat.
862 4930 1095 4987 Nullusinrlnator
1144 4938 1188 4985 est
1201 4944 1284 4985 causa
1297 4928 1399 5001 aliqua)
1407 4927 1524 5052 lrotrcm
1536 4944 1625 4993 auum,
1637 4931 1758 5000 quonium
1775 4924 1849 4983 siaiu
1862 4930 1888 4975 ιι

303 5001 476 5057 ιιιιιιιιιιιιιι
491 5001 645 5057 laicalibus.
660 5002 756 5058 Nullus
766 5018 824 5059 rem
834 5002 1093 5073 autpossesslonera
1148 5000 1275 5056 Dratinus
1289 4997 1321 5055 dc
1335 4999 1405 5054 omui
1422 5015 1454 5053 vr
1467 4997 1519 5061 iric,
1535 5000 1601 5053 sicut
1621 4996 1887 5069 predicamentum

204 5131 206 5134 ,
304 5077 352 5125 aut
365 5072 533 5143 mancipium
549 5071 680 5129 Ecclesia
698 5073 825 5137 vendere,
849 5084 897 5128 aut
914 5082 1092 5138 commutare,
1145 5072 1281 5141 testificati
1299 5086 1390 5125 ramur
1413 5066 1441 5141 (l
1464 5068 1554 5125 These.
1579 5084 1618 5135 ιι,
1637 5068 1815 5141 speraveritis
1831 5064 1887 5117 eliab

303 5149 350 5195 aut
364 5156 529 5216 quocunque
543 5142 654 5214 ingenio
666 5143 785 5200 alienare
795 5148 952 5215 praesumat.
1144 5142 1218 5211 quod
1231 5142 1328 5197 melius
1340 5142 1376 5197 sit
1388 5139 1460 5195 omni
1470 5139 1629 5196 Christiano
1639 5140 1756 5197 fraudem
1797 5138 1886 5207 tiquam

339 5208 416 5267 illem
430 5213 604 5270 Dominicum
613 5222 639 5271 et
650 5215 718 5270 alias
726 5213 889 5271 festivitates
897 5214 1002 5284 absque
1012 5228 1094 5284 opere
1144 5210 1255 5268 inferre.
1269 5210 1754 5283 Quadragesimam,exeeptisdlebus
1802 5204 1885 5261 ariolus

302 5282 407 5348 servili,
429 5299 446 5338 a
464 5300 581 5355 vespera
602 5286 629 5340 in
651 5299 793 5356 vesperam
815 5285 955 5341 celebrare
976 5281 1092 5341 docete:
1144 5282 1286 5353 aqualiter
1308 5281 1408 5337 iacite:
1423 5280 1446 5337 si
1466 5281 1539 5336 enim
1560 5297 1615 5337 uno
1637 5282 1682 5337 die
1700 5281 1807 5349 jejunat.
1828 5274 1887 5351 till*

303 5352 426 5434 carmina
442 5353 577 5411 diabolica
591 5370 651 5427 quae
663 5371 746 5427 super
760 5364 884 5411 mortuos
891 5356 1035 5411 nocturnis
1046 5356 1094 5409 ho-
1145 5352 1308 5424 crapularis,
1318 5350 1669 5475 nonqgadragesimamsed
1678 5349 1821 5421 vigesimam
1830 5344 1884 5399 ιιι

304 5436 343 5477 rrs
357 5424 582 5494 vulguscantare
597 5428 676 5493 solet,
692 5434 719 5482 ιι
740 5427 891 5482 cachinnos
918 5441 989 5497 quos
1016 5440 1094 5481 erer—
1144 5424 1176 5479 ti.
1201 5422 1230 5478 ln
1254 5422 1370 5478 arlventu
1419 5422 1513 5487 omini,
1536 5422 1590 5478 nisi
1614 5420 1744 5479 lestiritas
1765 5412 1884 5473 ιιιιιιιιιι

303 5502 376 5556 cent,
405 5495 456 5550 sub
482 5498 683 5553 contestatione
708 5496 756 5553 Dei
772 5495 968 5567 omnipotentis¹
992 5503 1092 5553 vetate.
1144 5500 1263 5617 quatuor
1283 5491 1498 5550 hebdomadibus
1512 5508 1527 5547 a
1541 5507 1624 5549 earne
1644 5491 1769 5547 rorentis
1782 5486 1884 5543 ιιιιιιιι·

303 5562 373 5617 cam
384 5569 629 5624 excommunicatis
648 5566 734 5624 nolite
762 5568 975 5623 communicare.
997 5564 1093 5624 Nullus
1165 5582 1220 5627 um,
1236 5573 1263 5619 et
1275 5565 1359 5619 coitu.
1377 5560 1404 5617 ln
1426 5562 1521 5618 Natalo
1539 5562 1657 5627 Domini,
1671 5562 1763 5633 viginti
1778 5558 1853 5613 diebos
1864 5564 1884 5601 ar

303 5632 359 5714 lllis
372 5646 519 5702 presumat
534 5638 646 5693 missam
657 5646 778 5701 cantare,
794 5638 841 5694 sed
863 5645 891 5692 ιι
905 5638 1030 5708 plebibus
1046 5652 1095 5693 vo-
1144 5629 1271 5690 noe'tibus
1290 5649 1305 5687 a
1327 5634 1400 5690 coitu
1424 5633 1506 5687 etiam
1529 5632 1603 5689 licito
1625 5634 1733 5689 omnino
1750 5624 1882 5703 semarith·

303 5702 348 5757 brs
367 5708 520 5763 commissis
542 5708 594 5762 hoc
610 5708 782 5763 aununtiate.
810 5707 850 5762 hd
870 5709 980 5779 nuptias
1001 5708 1093 5763 nullus
1146 5706 1276 5761 Similiter
1289 5707 1317 5759 in
1333 5702 1437 5759 oetavis
1450 5700 1562 5761 Paschae
1574 5712 1602 5760 et
1612 5703 1785 5763 renuente.
1798 5699 1882 5773 libbi*-

305 5778 428 5829 vestrum
441 5787 494 5831 eat.
511 5776 644 5833 Omnibus
654 5779 823 5843 denuntiato,
839 5779 968 5835 utnullur
980 5793 1093 5835 uxorem
1145 5786 1171 5831 rt
1185 5776 1307 5831 omnium
1320 5774 1499 5832 festivitatum
1514 5774 1624 5843 vigiliis,
1641 5773 1723 5831 sestis
1735 5771 1806 5829 ιιιιιι
1822 5766 1881 5821 tum
