3967 6334
254 287 307 344 bf!
382 282 387 287 ’
752 289 902 348 boucart
920 289 1021 345 PULLi
1042 291 1071 347 S.
1091 288 1125 348 ii.
1145 290 1176 346 E.
1197 290 1403 349 chromatis
1814 298 1853 357 bii

252 407 374 472 denum,
396 406 530 479 Spiritum
556 420 682 467 sanctum
706 408 848 478 discipulis
870 408 1045 479 subjungitur
1061 407 1275 477 Amartyrium,
1302 407 1380 463 iidem
1396 422 1504 479 quoque
1524 421 1608 479 aqua
1625 404 1706 464 sumit
1718 407 1783 465 ures
1794 411 1856 485 etip-

251 497 372 553 misisse.
398 498 432 552 iit
446 499 513 571 quid
538 501 574 556 sit
598 502 688 574 ipsum
712 502 832 556 mittere.
857 500 889 555 Et
903 500 976 573 quod
991 508 1049 555 tota
1100 516 1162 557 sum
1180 502 1267 557 uicem
1286 500 1415 571 baptismi
1429 501 1569 566 obtinere,
1589 515 1644 555 non
1658 514 1716 555 esse
1732 501 1858 561 mirandum

251 585 385 655 Trinitas,
409 602 438 645 ut
451 592 618 662 quibusdam
632 596 738 665 piacet,
756 594 799 649 rel
812 592 895 648 Pater
908 601 935 649 et
950 592 1047 659 Filius,
1099 608 1162 649 cum
1183 608 1197 647 a
1222 594 1331 647 lavacro
1345 594 1472 649 uoluntas
1486 607 1541 647 non
1556 590 1685 659 excludit,
1704 590 1749 647 sed
1763 597 1858 651 necesi-

250 682 327 754 quod
351 682 459 739 uidetur
478 685 588 750 meiius,
614 685 747 757 Spiritum
773 693 899 741 sanctum
920 687 1046 741 miserit:
1100 693 1153 740 tas.
1172 683 1314 751 Quomodo
1328 700 1392 755 crgo
1407 685 1442 741 sit
1457 682 1661 755 intelligendum
1678 702 1684 736 ι
1703 680 1760 737 b'iri
1770 686 1818 755 quir
1829 703 1857 741 rr·

251 777 334 831 tertia
347 777 419 832 euim
429 792 547 847 persona
562 787 668 835 matum
682 780 767 835 missa
780 778 841 834 iuit.
859 778 893 832 Et
911 780 1049 849 quomodo
1100 786 1178 831 notus
1193 777 1272 847 [ruerit
1284 792 1317 831 ee
1331 794 1399 849 aque
1412 786 1437 830 et
1453 774 1553 845 Spiritu
1567 784 1670 840 sonem,
1683 776 1860 832 rrooiotroiitir

252 863 301 919 illa
316 867 423 937 species
438 868 513 923 circa
528 867 661 941 Spiritum
677 879 802 925 sanctum
817 885 848 925 se
862 869 997 924 habuerit.
1016 869 1050 923 Et
1100 885 1206 940 repnuur
1219 868 1354 932 curiorum,
1368 870 1524 937 exponitur.

251 958 318 1027 quid
333 960 369 1013 sit
386 960 447 1029 eius
460 962 565 1027 venire,
587 969 615 1019 et
628 963 791 1019 inhabitare.
814 963 951 1029 Quaeritur
964 966 1048 1019 etiam
1135 959 1200 1015 Car.
1218 959 1285 1015 xtlt.
1306 960 1460 1015 sinautem
1477 974 1510 1013 er
1532 956 1584 1013 lide
1600 956 1705 1025 justitia
1726 956 1826 1011 habetur
1837 974 1860 1015 ac

253 1050 356 1123 Spiritu
370 1062 468 1110 sancto
483 1056 512 1111 in
532 1057 624 1128 specie
637 1058 771 1113 columbae
786 1073 870 1129 super
889 1058 1047 1123 Dominum,
1100 1068 1148 1123 per
1159 1052 1211 1107 hoc
1227 1051 1354 1107 remissio
1367 1057 1558 1122 pcccatorum,
1582 1047 1712 1118 quaeritur
1732 1048 1798 1119 quod
1809 1065 1860 1120 opus

251 1144 281 1199 in
300 1145 363 1217 igne
385 1162 469 1218 super
490 1148 642 1220 discipulos
662 1158 821 1221 apparente,
847 1166 882 1205 an
901 1158 1050 1223 utrumque
1100 1144 1136 1200 sit
1150 1144 1179 1199 in
1192 1142 1355 1199 remissione
1369 1148 1557 1214 peccatorum,
1573 1154 1644 1211 aqua
1659 1137 1751 1194 larari.

252 1235 326 1306 quod
341 1237 487 1294 ridebatur
500 1255 564 1295 rere
577 1248 646 1296 erat.
1135 1236 1201 1293 Car.
1216 1236 1285 1292 xlv.
1306 1236 1391 1292 Recte
1411 1235 1494 1290 etiam
1510 1234 1538 1289 in
1561 1231 1747 1288 remissionem
1762 1240 1862 1303 peccato-

287 1327 353 1385 Car.
370 1328 507 1396 teror
528 1339 620 1387 autem
643 1348 699 1388 non
725 1332 807 1390 fucrit
831 1336 976 1401 columba,
1001 1337 1049 1393 sed
1100 1346 1162 1386 rum
1180 1331 1316 1403 baptisma
1337 1330 1408 1386 sumi
1423 1329 1546 1393 docetur,
1575 1330 1603 1382 et
1622 1325 1689 1397 quid
1708 1323 1861 1396 sitSpiritm

252 1420 360 1489 specics
383 1420 527 1483 columbae,
550 1438 612 1493 quae
632 1439 715 1494 super
737 1423 884 1481 Dominum
909 1428 1047 1497 apparuit,
1100 1432 1224 1479 sanctum
1246 1422 1410 1495 quibusdam
1434 1421 1514 1493 quasi
1533 1419 1664 1491 gradibus
1685 1418 1819 1487 suscipere.
1839 1418 1862 1473 b

252 1510 396 1578 subditur3
410 1518 438 1567 et
452 1512 598 1579 similiter,
621 1516 696 1585 quod
712 1516 766 1571 ittae
780 1518 867 1587 igneae
881 1517 980 1589 linguae
992 1535 1048 1575 urin
1099 1514 1165 1583 quid
1181 1514 1239 1585 ipse
1255 1512 1363 1569 efficiti-
1378 1510 1520 1579 Qss⁰ffl0t¹0
1531 1510 1614 1565 essim
1629 1509 1776 1580 bibimus
1791 1509 1863 1565 iiiit-

251 1600 856 1679 iuerintverae;sedaereae,quae(utcolumba
870 1609 989 1666 ethomo
1002 1612 1048 1683 qui
1100 1607 1223 1663 stitutus.

251 1696 408 1767 apparendo
420 1696 589 1770 cernitur)in
605 1702 697 1755 aerein
708 1706 819 1771 peracto
829 1701 918 1757 officio
931 1704 1047 1761 rediere.
1135 1699 1201 1755 Cur.
1217 1696 1274 1753 at.
1301 1696 1369 1764 Quis
1382 1697 1466 1753 etiam
1487 1696 1524 1752 sit
1541 1694 1661 1766 baptista
1681 1693 1722 1746 vel
1736 1693 1864 1765 baptiratm

251 1789 389 1857 Quaeritur
403 1792 486 1847 etiam
501 1794 640 1863 quomodo
654 1795 701 1865 qui
716 1804 839 1866 apparet,
870 1813 951 1853 verus
966 1797 1048 1853 bomo
1065 1763 1217 1859 Bdicitur;
1243 1791 1354 1862 etquod
1375 1790 1444 1847 nihii
1461 1796 1542 1845 nocet
1555 1786 1589 1843 ad
1604 1786 1734 1858 baptismi
1746 1786 1865 1857 perlectio-

250 1896 313 1937 csse
327 1882 427 1953 possit,
441 1890 470 1938 et
483 1898 535 1938 cur
548 1884 577 1938 in
592 1884 730 1950 columba,
746 1892 774 1940 et
789 1886 817 1941 in
832 1888 919 1958 igneis
946 1888 1047 1960 linguis
1098 1900 1173 1940 nem.
1186 1891 1232 1955 aut
1246 1883 1366 1939 iurantis
1380 1890 1428 1938 aut
1442 1882 1492 1937 loti
1505 1880 1683 1955 peruersitas.
1708 1876 1813 1950 thuud
1823 1879 1865 1933 loto

252 1970 373 2045 Spiritus
388 1975 558 2046 apparuerit,
574 1975 686 2031 dicitur.
1098 1992 1153 2032 non
1164 1985 1245 2031 nocet
1259 1974 1314 2030 nisi
1330 1974 1453 2045 propria.

286 2064 352 2122 Car.
365 2064 410 2121 vt.
431 2066 535 2123 Deinde
546 2083 615 2138 quos
624 2069 680 2123 uita
691 2070 911 2135 commendabat,
921 2070 1048 2128 doctrina
1131 2067 1197 2124 Gir.
1217 2065 1287 2123 till.
1307 2065 1435 2121 Exterius
1456 2064 1592 2135 siquidem
1617 2068 1810 2119 sacramentum
1825 2077 1866 2117 ooo

189 2231 193 2236 ἢ
248 2156 416 2222 illustrabat,
431 2158 530 2213 merito
544 2160 607 2214 aliis
619 2160 787 2230 predicasse
801 2161 912 2218 dicitur.
927 2160 962 2216 Et
973 2162 1048 2234 quod
1098 2160 1270 2225 diminuitur,
1286 2159 1350 2215 lieet
1361 2158 1453 2215 irrisio
1462 2155 1660 2213 velerrorbinc
1677 2153 1739 2211 inde
1748 2162 1863 2209 t'crsctur:

248 2248 503 2322 tonsuratorum,
524 2258 552 2307 et
566 2267 652 2324 quare
671 2262 699 2308 ct
711 2268 764 2307 cur
776 2253 886 2309 tandem
903 2254 939 2310 ad
953 2263 1048 2327 gentes
1098 2253 1237 2309 munditie.
1247 2266 1313 2307 vero
1324 2251 1502 2313 intrinsecus,
1514 2249 1630 2305 interius
1640 2262 1720 2305 error
1730 2253 1755 2304 et
1765 2247 1866 2319 proprius

249 2343 306 2399 sint
319 2344 458 2401 conuersi.
480 2344 514 2397 Et
529 2343 604 2416 quod
618 2345 728 2401 undem
748 2345 944 2417 praedicatione
965 2346 1048 2403 iioliae
1098 2353 1187 2403 nocet.
1198 2372 1200 2377 ·
1211 2344 1339 2400 liuterius
1356 2344 1438 2398 etiarn
1453 2344 1476 2401 si
1491 2349 1611 2405 erratur,
1629 2348 1820 2397 sacramentum
1832 2356 1866 2410 pe·

249 2434 392 2500 ctEnoch,
401 2436 493 2491 omnis
504 2434 587 2491 israel
596 2437 689 2492 saluus
698 2436 753 2501 het,
769 2447 797 2493 et
810 2454 871 2509 quae
882 2439 918 2493 sit
932 2440 1048 2495 intentio
1098 2438 1245 2500 riclitatur,
1271 2452 1322 2492 nec
1344 2443 1437 2491 tamen
1458 2435 1557 2490 animae
1577 2440 1696 2491 nocetur
1715 2430 1765 2487 lide
1782 2432 1865 2485 siucen

248 2528 465 2599 predicationis,
480 2538 508 2584 et
522 2529 600 2601 origo
612 2529 754 2600 religionis
1098 2538 1209 2597 curate.
1222 2529 1360 2596 eraeritur
1369 2528 1450 2583 etiam
1461 2527 1495 2583 de
1505 2525 1701 2582 balneantibus
1707 2522 1731 2579 si
1740 2521 1866 2592 cejocudo

284 2622 350 2678 Car.
367 2619 423 2677 vlt.
443 2620 538 2678 Fidem
552 2629 643 2678 autem
654 2638 737 2695 quam
751 2623 846 2693 largiri
858 2630 959 2694 potest,
974 2622 1048 2680 Deus
1098 2620 1245 2692 baptizent.
1254 2619 1360 2673 Dicitur
1370 2618 1452 2674 etiarn
1462 2632 1512 2671 eur
1527 2630 1609 2687 super
1622 2614 1762 2670 Christum
1772 2613 1865 2683 baptita·

252 2713 305 2787 14
319 2714 423 2789 absque
437 2729 573 2784 sermone,
590 2730 664 2779 raro,
679 2716 827 2787 aliquando
840 2723 943 2781 tamen,
958 2717 1047 2787 ipsum
1098 2720 1155 2767 tum
1171 2711 1290 2782 Spiritus
1312 2719 1425 2767 sanctus
1447 2709 1600 2765 descendit.
1622 2706 1657 2762 Et
1679 2705 1744 2779 quid
1762 2704 1867 2777 significet

248 2804 412 2874 truciorem,
428 2816 458 2868 ut
472 2807 625 2878 paulopost
644 2808 781 2864 subditur.
790 2808 901 2879 thuod
914 2825 974 2880 quae
985 2819 1049 2865 sunt
1097 2804 1216 2859 exterior
1229 2802 1344 2859 ablutio.
1360 2801 1394 2856 Et
1407 2818 1457 2857 cur
1473 2798 1544 2873 ignis
1560 2800 1673 2855 lavacro
1683 2794 1866 2871 apponaturAEt

248 2900 405 2958 necessaria
420 2899 560 2964 omnibus,
576 2900 693 2970 singulis
707 2909 772 2956 sunt
783 2902 881 2957 divisa.
898 2900 931 2955 Et
944 2917 1045 2973 quare:
1098 2913 1148 2952 cur
1161 2911 1232 2967 aqua
1244 2896 1309 2951 huic
1319 2902 1493 2951 sacramento
1505 2898 1671 2965 apponatur,
1687 2889 1789 2946 caeteris
1802 2888 1867 2959 liquo

248 2998 276 3045 et
286 2990 359 3061 quod
374 3004 429 3045 non
440 3005 491 3061 pro
503 2989 609 3045 eteritis
623 2991 692 3056 suis,
705 2991 748 3046 vei
763 3002 905 3061 parentum
921 2990 989 3047 tides
999 2992 1048 3047 da·
1098 2990 1176 3045 ribus
1190 2988 1384 3061 praetermissis
1405 2994 1433 3043 et
1454 2986 1609 3043 eienrentis.
1633 2984 1669 3039 Et
1686 2981 1751 3055 quid
1765 2996 1825 3053 aqua
1835 2980 1865 3034 la-

248 3089 313 3146 tur;
330 3078 378 3135 Dei
404 3080 478 3134 enirn
496 3079 599 3133 donum
617 3088 669 3141 est,
688 3080 802 3151 nequis
819 3079 882 3135 inde
902 3081 1044 3150 glorietur.
1099 3097 1176 3144 vans,
1192 3088 1219 3135 et
1233 3094 1333 3150 corpus
1348 3079 1434 3134 lotum
1448 3077 1594 3148 significet.

248 3172 283 3226 Et
301 3171 375 3243 quod
398 3172 459 3242 ipsa
476 3185 531 3225 non
549 3188 583 3226 ex
605 3170 735 3241 operibus
754 3181 829 3235 nata,
848 3171 938 3241 pariat
951 3186 1045 3242 opera,
1071 3166 1083 3187 '
1133 3171 1198 3229 Car.
1212 3170 1293 3227 XVll.
1315 3170 1466 3242 Dispicitur
1481 3178 1572 3225 autem
1588 3168 1700 3231 deinde,
1721 3166 1784 3239 quid
1796 3166 1865 3221 iuba·

248 3279 310 3328 qrtae
323 3269 386 3318 anm
406 3263 493 3333 ipsam
509 3262 577 3317 nihil
592 3268 667 3316 crint.
694 3260 727 3315 Et
741 3261 815 3332 quod
828 3262 922 3318 nullus
934 3271 1047 3333 propter
1096 3264 1197 3333 ptismo
1210 3262 1301 3328 morti,
1316 3260 1383 3333 quid
1402 3262 1561 3332 sepulturae,
1579 3258 1647 3331 quid
1661 3259 1768 3314 demum
1780 3270 1866 3325 maipa·

247 3372 336 3429 genus
349 3355 392 3411 rei
407 3356 535 3410 meritum
548 3371 640 3422 suum,
654 3355 697 3410 vei
712 3361 865 3426 parentum,
877 3356 986 3426 eligitur
1003 3356 1047 3413 vei
1096 3355 1212 3411 randum
1223 3356 1259 3411 sit
1274 3354 1481 3411 resurrectioni.
1499 3352 1534 3406 Et
1549 3367 1600 3407 cur
1609 3357 1675 3406 ante
1685 3349 1814 3405 Christum
1823 3345 1865 3400 dies

249 3451 383 3511 salrator.
396 3449 444 3505 sed
453 3450 569 3520 gratiam
580 3456 697 3503 tantum.
1096 3465 1158 3505 cum
1169 3450 1293 3519 sequenti
1308 3456 1390 3504 nocte
1401 3446 1624 3518 computabatur,
1641 3452 1706 3517 post
1720 3457 1782 3497 reru
1793 3455 1807 3496 c
1817 3454 1866 3494 coo-

285 3544 351 3597 Car.
367 3538 435 3597 llll.
456 3540 534 3597 Unde
548 3541 681 3611 quaeritur
700 3554 751 3595 our
762 3546 888 3610 parentes
903 3554 953 3610 pro
970 3538 1044 3603 liliis,

249 3632 306 3688 imo
323 3640 381 3687 tota
395 3630 518 3688 Ecclesia
541 3648 592 3703 pro
605 3632 798 3688 convertendis
812 3639 883 3687 orat.
910 3630 988 3698 Quod
1004 3632 1046 3688 di-

249 3726 380 3799 liqentius
392 3726 550 3781 discussum
564 3725 697 3795 aperitur.

285 3816 351 3871 Car.
369 3813 414 3870 lx.
436 3814 521 3871 Filios
540 3815 624 3870 etiam
648 3814 677 3869 in
691 3814 813 3869 dolorem
832 3824 974 3886 parentum
993 3816 1046 3871 mi-

248 3919 311 3963 sero
321 3904 454 3975 torqueri,
468 3912 515 3959 aut
530 3903 559 3958 in
572 3904 771 3973 jucunditatem
785 3905 904 3975 gloriose
919 3905 1046 3976 magnili-

248 3998 317 4060 cari,
333 3996 447 4061 dicitur,
464 4004 493 4052 ct
511 4011 607 4067 quare.
633 3994 667 4050 Et
679 3997 752 4067 quod
765 3996 832 4052 fides
851 3998 914 4052 iicet
927 4005 956 4053 et
968 3999 1044 4055 salus

249 4104 284 4146 ex
305 4088 393 4161 qratia
416 4089 552 4153 oriantur,
573 4094 667 4143 tamen
687 4086 754 4142 bdes
769 4088 884 4158 vitaeque
896 4088 1042 4154 correctio,

248 4182 360 4252 proprie
377 4181 488 4253 gratiae;
503 4180 580 4235 salus
589 4194 664 4244 rere,
678 4180 784 4235 meritis
795 4179 954 4235 ascribitur.

248 4272 252 4279 ’
284 4270 350 4328 Car.
366 4270 400 4326 lt.
421 4270 491 4328 Cum
510 4277 602 4325 autem
623 4276 656 4325 ex
675 4268 728 4325 side
740 4270 865 4340 justitia,
887 4269 1044 4340 exjustitia

248 4379 314 4422 reto
324 4365 465 4421 beatitudo
475 4362 616 4435 procedat,
631 4362 779 4433 quaeritur;
797 4362 850 4416 oiri
866 4361 923 4433 quir
935 4372 1043 4418 reactus

1095 3556 1185 3597 verso.
1208 3540 1309 3611 Et15
1330 3556 1380 3596 cur
1404 3538 1470 3595 trini
1485 3538 1545 3594 dies
1565 3539 1594 3593 in
1609 3537 1753 3609 sepultura
1772 3531 1864 3589 bomiri.

1095 3639 1247 3703 sequuntur
1261 3640 1317 3687 tres
1331 3640 1436 3687 noctes.
1448 3630 1482 3686 Et
1489 3630 1562 3703 quod
1575 3644 1647 3701 aqua
1661 3622 1867 3701 significatSpiri·

1096 3731 1153 3779 tum
1165 3732 1302 3780 sanctum.
1341 3777 1355 3807 ι

1130 3814 1194 3870 Car.
1216 3813 1307 3869 hlllll.
1329 3813 1460 3869 hillertur
1481 3828 1546 3869 uero
1571 3813 1730 3885 baptismus
1750 3804 1865 3881 usquead

1095 3907 1223 3977 aliquam,
1251 3915 1278 3962 et
1302 3907 1439 3979 praecipue
1463 3908 1622 3977 paschalem
1649 3906 1825 3961 testivitatem.
1846 3908 1866 3953 rt

1095 4013 1154 4063 cur,
1171 3998 1282 4055 dicitur.
1304 3998 1337 4051 Et
1350 4014 1402 4053 cur
1419 4008 1482 4053 ante
1496 3997 1666 4069 baptismum
1689 3995 1865 4053 catechizantur

1095 4091 1211 4162 paruuli.
1229 4088 1261 4143 Et
1272 4090 1345 4160 quod
1357 4098 1431 4145 stare
1444 4090 1525 4145 debet
1539 4090 1584 4145 lex
1593 4088 1791 4145 catechizandi.

1129 4180 1193 4237 Cur.
1205 4178 1276 4236 xlx.
1292 4180 1410 4237 Puerum
1421 4182 1516 4245 etiam,
1527 4181 1659 4251 quoniam
1671 4180 1780 4236 credere
1789 4175 1863 4235 nestit

1095 4280 1294 4329 sacromentum
1309 4272 1438 4329 credendi
1451 4288 1575 4343 querere
1589 4274 1705 4328 dicitur.
1729 4271 1762 4325 Et
1774 4268 1865 4341 quodiu

1094 4364 1145 4418 hac
1158 4370 1236 4419 atate
1250 4379 1319 4435 opus
1333 4371 1376 4421 cst
1391 4365 1520 4436 patrinis,
1535 4365 1703 4421 ostenditur.
1718 4358 1822 4435 thuod
1830 4372 1864 4429 pt·

249 4456 330 4525 [weit
340 4472 373 4510 cs
387 4473 457 4527 aqua
470 4464 496 4510 ct
509 4453 613 4524 Spiritu
624 4463 726 4518 scorto,
740 4453 878 4523 quomodo
891 4468 943 4507 uon
953 4454 1041 4509 intra·
1058 4474 1080 4529 Ι)
1095 4456 1175 4512 trinis
1188 4456 1368 4511 laborandum
1384 4466 1437 4523 est,
1451 4466 1481 4513 ut
1498 4458 1572 4529 quod
1588 4456 1754 4529 pepigerunt
1766 4469 1809 4527 pro
1821 4464 1865 4523 pet·

250 4546 288 4600 bit
305 4547 334 4600 io
353 4562 462 4616 reportat
485 4544 633 4601 cetorum?
657 4542 691 4597 Et
715 4543 789 4614 quod
811 4544 882 4598 sicut
905 4542 1043 4600 Abrabam

249 4639 328 4709 prius
337 4653 371 4693 ex
380 4636 433 4693 ilde
440 4635 618 4706 justificatus,
636 4644 698 4705 post
707 4636 945 4691 circumcisionem
960 4636 990 4692 in
1006 4638 1044 4693 si·

250 4744 334 4801 gnum
348 4728 496 4798 acceperit,
513 4726 555 4782 sic
565 4735 592 4781 et
602 4742 653 4782 rros
665 4727 842 4797 baptismum.

284 4821 351 4876 Gar.
369 4816 414 4873 iil.
435 4817 529 4874 Fidem
543 4818 625 4873 etiam
638 4818 766 4872 charitati
781 4817 903 4882 mistam,
914 4833 1043 4874 necessa·

249 4912 293 4967 rio
313 4917 405 4967 umen
427 4910 576 4965 commissa
599 4906 715 4973 debere,
740 4916 768 4965 et
791 4908 914 4965 debenda
933 4924 1041 4975 carere,

249 5009 383 5071 quantum
404 5006 480 5054 amat
504 4999 640 5063 subditur,
660 5012 694 5053 ac
712 5014 761 5069 per
783 4999 836 5055 boc
853 5000 1043 5056 remissionem

249 5102 425 5166 peccatorum
448 5093 614 5162 impetrare:
636 5099 747 5163 quantae
768 5091 903 5163 siquidem
916 5091 1043 5148 efficaciae

249 5184 288 5240 sit
302 5184 380 5249 tides,
396 5184 552 5255 dispicitur.

285 5272 351 5331 Car.
366 5274 571 5331 Kilbsseritur
579 5282 662 5330 ettam
673 5290 729 5329 non
740 5275 915 5344 baptismum,
923 5274 970 5330 sed
981 5275 1043 5346 Spi-

247 5364 346 5428 ritum.
360 5367 465 5423 scilicet
474 5382 523 5437 per
533 5366 624 5431 tidem,
645 5367 771 5423 comitari
781 5367 917 5436 justitiam
930 5374 957 5421 et
968 5368 1043 5423 salu·

249 5458 315 5511 tem.
337 5456 373 5512 Et
384 5458 459 5528 quod
471 5472 505 5513 ex
523 5457 657 5527 martyrio
673 5464 716 5512 est
732 5456 818 5521 salus,
834 5457 938 5527 absque
950 5456 1041 5528 bapti-

234 5556 321 5623 smo.
337 5546 403 5612 Sed,
417 5546 552 5604 sidicitur
561 5555 697 5620 martyres
711 5549 740 5604 in
752 5550 886 5620 sauguine
896 5548 1040 5620 baptizari,

251 5634 393 5700 qaracrltur,
405 5636 471 5707 quid
491 5636 516 5692 si
533 5636 560 5691 in
579 5637 644 5707 igne
657 5638 702 5693 vei
721 5638 774 5692 alia
792 5638 896 5708 absque
907 5637 1042 5708 sanguine

251 5727 381 5799 ructentia
391 5728 552 5784 moriautur.
564 5726 597 5781 Et
607 5729 681 5801 quod
696 5730 768 5786 sicut
780 5730 840 5784 rice
855 5729 983 5799 baptismi
999 5736 1040 5785 est

1094 4548 1176 4614 rutis,
1190 4547 1237 4601 tiat
1248 4548 1277 4603 in
1292 4547 1405 4604 adultis.

1129 4638 1193 4696 Car.
1216 4638 1275 4695 XX.
1294 4639 1417 4697 Petrinis
1432 4656 1498 4696 uero
1515 4640 1647 4713 dirigitur
1666 4656 1768 4704 sermo,
1785 4632 1865 4705 etqui!

1093 4738 1121 4787 ct
1131 4730 1267 4803 quomodo
1282 4732 1318 4788 sit
1327 4732 1533 4804 intelligendus,
1547 4733 1661 4789 dicitur.
1682 4732 1716 4788 Et
1730 4729 1797 4802 quod
1812 4726 1863 4781 sicu

1093 4824 1270 4879 catechizatio
1280 4824 1439 4880 necessaria
1450 4834 1493 4881 est
1506 4826 1625 4897 maguis,
1638 4831 1782 4896 potestque
1793 4818 1864 4875 lese

1093 4914 1231 4984 parvulis;
1255 4914 1296 4969 sic
1317 4916 1492 4986 patrinorum
1516 4914 1681 4986 officioque
1701 4922 1779 4986 egem
1797 4906 1862 4981 parti·

1093 5018 1187 5059 carere
1200 5012 1317 5075 possunt
1329 5006 1433 5076 magui.
1457 5004 1491 5059 Et
1505 5004 1580 5076 quod
1594 5007 1681 5061 wem
1696 5004 1794 5075 absque
1809 4992 1864 5054 omi

1093 5094 1201 5164 patrino
1215 5104 1290 5151 stare
1300 5097 1388 5166 possit
1403 5096 1570 5167 baptismus.

1105 5192 1111 5259 t
1127 5184 1191 5241 Car.
1203 5185 1274 5243 tlttl.
1298 5186 1355 5243 Cur
1368 5186 1453 5243 etiam
1473 5189 1527 5245 boe
1541 5195 1747 5245 sacramentum
1760 5178 1863 5240 caruit·

1092 5276 1180 5332 menis
1193 5275 1334 5333 differatur
1355 5292 1443 5349 usque
1458 5280 1494 5335 ad
1508 5280 1714 5337 solemnitatem
1726 5276 1825 5331 dicitur.
1839 5267 1863 5321 Et

1092 5365 1165 5434 qaod
1174 5366 1294 5435 majores
1306 5374 1374 5423 natu
1389 5369 1468 5439 prius
1479 5369 1684 5433 catechumeni,
1698 5366 1761 5423 dum
1774 5372 1863 5432 reputt·

1092 5464 1197 5524 rantur,
1211 5458 1236 5512 si
1246 5459 1441 5517 abrenuntiant
1455 5460 1578 5528 diabolo,
1594 5450 1863 5531 interrogarentur

1092 5547 1145 5604 nisi
1158 5556 1186 5609 et
1201 5548 1274 5606 iacto
1282 5552 1491 5622 abrenuntiant,
1509 5554 1616 5627 indigni
1630 5556 1742 5611 lavacro
1754 5546 1863 5606 aucedtti

1092 5640 1194 5712 absque
1207 5645 1362 5701 commodo.

1127 5730 1190 5789 Car.
1207 5732 1288 5792 xxlt.
1309 5736 1384 5795 hiors
1396 5737 1501 5798 Christi
1518 5754 1582 5800 cum
1594 5739 1737 5813 sepultura
1748 5744 1774 5792 et
1788 5742 1859 5789 tritt·
