3967 6334
132 319 184 380 285
583 338 618 397 IN
637 341 734 401 ouon
754 345 800 402 EX
818 347 986 416 Qontoou
1005 351 1107 411 steen
1126 355 1277 417 tentius
1711 373 1768 432 idi

129 529 1753 621 mm

707 704 886 799 LIBER
924 713 1202 811 TERTIUS.

827 907 1043 926 *—

432 993 546 1052 CAPUT
566 998 622 1056 XC.
933 1017 1038 1074 Acens
1051 1034 1059 1070 ε
1076 1015 1116 1070 Tu
1126 1016 1284 1074 cecinimus
1294 1019 1384 1075 Filius
1394 1021 1444 1078 Del
1456 1026 1517 1081 etei.
1534 1025 1598 1083 llaec
1608 1044 1683 1084 emm
1696 1047 1765 1088 con·

163 1081 243 1138 Venit
258 1095 346 1140 nutem
358 1085 436 1144 lectu
448 1091 475 1144 in
487 1101 574 1154 partes
590 1091 729 1150 caesarien
740 1095 867 1170 Plrilippl.
974 1104 1104 1164 sessionis
1116 1110 1187 1164 ratio
1201 1112 1319 1166 tenenda
1332 1121 1385 1178 est,
1401 1122 1431 1169 ut
1449 1118 1522 1172 sieut
1531 1117 1579 1175 Ilei
1594 1118 1704 1190 Filium,
1725 1125 1764 1181 ita

159 1173 536 1258 [Hunos-orontianum]
548 1184 691 1259 Philippus
704 1189 921 1260 iratcrllerodis,
972 1205 1001 1253 et
1015 1197 1114 1255 Filium
1130 1202 1250 1259 bominis
1260 1207 1481 1274 meminerimus,
1496 1211 1563 1282 quia
1573 1213 1689 1269 alterum
1703 1217 1764 1273 sine

33 1335 34 1338 Ἴ
116 1271 264 1326 tetrarcha
277 1271 411 1331 lturmoeet
420 1275 623 1337 'l'raebonitidis
637 1284 790 1354 regionum,
800 1287 921 1344 imitatus
972 1292 1059 1349 altero
1081 1295 1151 1350 nibil
1170 1298 1229 1368 spei
1248 1298 1347 1354 tribuit
1367 1301 1401 1356 ad
1416 1303 1541 1360 salutem.
1559 1303 1708 1377 [luousr.,
1724 1307 1764 1364 De

117 1358 260 1420 Herodem
273 1359 480 1436 patronum,
492 1372 539 1442 qui
551 1371 578 1427 in
590 1372 845 1449 bonoremdugusti
861 1377 921 1435 Cm-
970 1385 1111 1440 concordie
1138 1389 1304 1464 evangelist]
1326 1390 1420 1450 Potest
1440 1410 1550 1452 morere
1574 1397 1648 1469 quod
1672 1397 1763 1458 Lucas

31 1491 32 1498 .
116 1455 194 1512 saris
220 1460 368 1530 appellavit
392 1462 546 1520 Caesaream
571 1467 728 1537 ciuitatem,
757 1487 818 1542 que
841 1475 919 1543 prius
968 1477 1038 1533 dixit
1052 1478 1197 1536 Doutinum
1211 1483 1399 1556 interrogasse
1415 1487 1567 1560 discipulos
1582 1507 1762 1564 suos‚quem

115 1545 221 1607 Turris
236 1551 375 1612 Stratonis
391 1558 558 1624 vocabatur,
576 1563 719 1620 constituit
735 1565 872 1622 civitatem
890 1568 918 1623 in
967 1568 1043 1625 illum
1055 1571 1325 1643 dicerentbomines,
1338 1589 1484 1636 comesset
1495 1582 1571 1638 solus
1586 1599 1680 1651 orans,
1692 1585 1762 1641 blar-

113 1645 241 1702 termino
255 1645 356 1704 Judaeae
368 1658 465 1706 contra
481 1655 710 1723 septentrionem,
723 1673 804 1728 quam
822 1661 916 1730 appel·
965 1675 1017 1718 cus
1039 1673 1130 1719 autem
1153 1665 1223 1721 dicit
1238 1667 1301 1724 illos
1317 1669 1347 1723 in
1364 1670 1409 1724 uia
1427 1671 1480 1727 boe
1494 1673 1686 1746 interrogatos.
1705 1675 1760 1736 Sed

113 1733 185 1791 lavit
196 1737 353 1796 Caesaream
368 1739 485 1814 Philippi
503 1745 532 1799 in
553 1749 713 1802 memoriam
733 1750 776 1804 sul
797 1751 915 1808 nominis
965 1767 1028 1808 eum
1045 1762 1154 1820 moret,
1173 1757 1220 1827 qui
1236 1773 1376 1830 nunquam
1390 1763 1480 1817 orauit
1497 1763 1525 1818 in
1545 1765 1600 1821 uia.
1618 1765 1760 1838 Nusquam

110 1837 142 1883 et
153 1828 291 1900 bonorem
302 1832 404 1888 Tiberii
416 1833 543 1900 Caesaris,
560 1836 612 1891 sub
627 1852 684 1908 quo
698 1839 756 1909 ipse
771 1841 912 1911 regnabat.
964 1859 1027 1900 cum
1041 1847 1185 1920 discipulis
1204 1865 1300 1908 orasse
1319 1854 1459 1910 iuvenitur
1481 1855 1624 1915 Dominus.
1651 1858 1759 1932 Ubique

111 1921 170 1981 lste
184 1926 266 1984 locus
280 1928 413 1985 Caesarem
426 1928 561 2002 Philippi,
581 1945 655 1986 nuuc
674 1929 780 1990 Paneas
799 1934 911 2002 dieitur,
963 1938 1040 1996 solus
1052 1941 1189 2009 obsecrat,
1200 1945 1265 2016 quia
1278 1945 1326 2002 ttei
1338 1948 1613 2006 eonsiliumlrumana
1624 1960 1686 2008 rota
1700 1969 1758 2012 noa

107 2026 139 2074 et
157 2028 202 2076 est
218 2021 247 2078 in
261 2021 403 2094 prouincia
416 2021 567 2090 Phoenicis,
585 2024 632 2080 ubi
646 2023 776 2084 iordanis
790 2027 824 2084 ad
843 2029 913 2086 radi·
962 2033 1087 2103 capiunt,
1104 2051 1155 2092 nee
1166 2038 1314 2110 quisquam
1328 2048 1419 2112 potest
1442 2043 1603 2101 interiorum
1619 2047 1757 2120 particeps

108 2123 172 2166 cem
184 2109 285 2170 Libani
296 2113 398 2182 oritur;
412 2113 520 2186 duoque
531 2113 619 2171 lontes
630 2125 695 2172 sunt
706 2116 743 2172 ibi
752 2117 801 2173 lor
808 2127 835 2175 et
841 2119 909 2186 llan,
961 2137 1024 2180 esse
1036 2141 1099 2182 eum
1110 2127 1230 2186 Christo.

106 2203 159 2272 qui
176 2205 265 2270 misti,
280 2203 411 2264 iordanis
424 2221 524 2260 nomen
537 2204 667 2262 efficiunt.
1278 2241 1328 2328 Μ
1386 2223 1433 2274 tot

1338 2303 1350 2328 ⁰
1402 2303 1418 2338 Χ

144 2302 184 2358 Et
200 2303 380 2377 interropabnt
395 2303 539 2374 discipulos
554 2321 626 2370 tuoe,
643 2304 732 2360 dicens
746 2319 756 2359 .·
772 2305 855 2372 Quem
866 2306 909 2361 di-

104 2407 173 2452 mm
184 2398 304 2454 pompm
313 2414 369 2452 ὣς,
381 2395 483 2452 Filium
492 2396 604 2458 pompm,
612 2401 625 2455 ,t
923 2377 945 2434 B
993 2383 1160 2456 Respondeas
1175 2396 1263 2443 cutem
1276 2388 1370 2457 tesan,
1386 2390 1455 2445 dixit
1468 2407 1478 2445 .·
1493 2391 1595 2448 Beatae
1607 2411 1646 2460 ee,
1661 2393 1754 2452 Simon

145 2488 260 2564 [Banu]
280 2489 479 2562 Exploratores
495 2490 574 2546 iidem
590 2489 798 2563 discipulorum,
812 2490 906 2548 Domi·
958 2475 1089 2546 Barim,
1104 2480 1168 2550 quie
1181 2497 1245 2534 ⁶⁰7⁰
1258 2487 1284 2535 ei
1300 2481 1410 2552 ”illst
1428 2499 1480 2537 ἰιι
1491 2485 1614 2541 fwtiwt'i
1629 2485 1686 2551 15⁶¹}
1708 2485 1754 2542 ιιι

102 2597 165 2638 nus
180 2582 259 2653 prius
269 2581 343 2651 vulgi
358 2581 523 2636 sententiam
534 2581 658 2652 inquirit,
674 2595 709 2636 ne
719 2584 906 2653 apostolorum
958 2567 1042 2625 ΡΜ
1054 2587 1128 2627 Μ*
1141 2573 1187 2644 ‘1¹⁴⁸'
1199 2574 1228 2626 ¹⁸²¹
1240 2573 1370 2630 misisti·
1783 2583 1786 2590 '

101 2674 179 2730 tides
194 2675 300 2730 firmata
310 2672 435 2729 videatur
450 2673 553 2744 vulgari
566 2673 706 2743 opinione,
724 2674 772 2730 sed
784 2676 906 2733 veritatis
994 2659 1135 2736 imm-l
1154 2661 1184 2718 ¹¹¹
1200 2663 1441 2737 Piiwmlffldei
1454 2667 1583 2724 ⁰¹¹i¹¹ib¹¹⁸
1596 2671 1751 2728 mercedem

99 2761 261 2831 agnitione.
278 2759 416 2834 [uranon]
430 2760 508 2817 [true
521 2769 549 2818 en
561 2759 641 2818 Petro
656 2763 757 2819 utentur
774 2785 780 2818 ι
796 2761 865 2818 cero
880 2775 905 2820 er
957 2769 1028 2811 vere
1041 2756 1235 2814 confessionis·
1254 2756 1428 2825 Quaererem
1447 2780 1454 2815 ε
1472 2759 1551 2827 Quot
1563 2775 1629 2816 earo
1644 2769 1672 2818 e
1686 2777 1752 2818 san-

96 2855 218 2925 tanguit
229 2871 282 2908 nen
293 2855 414 2909 rebelavit
427 2854 484 2910 tibi.
497 2853 555 2910 Hoc
564 2864 616 2921 est,
631 2855 750 2911 humana
766 2855 902 2913 doctrina.
955 2845 1017 2916 8⁰5⁸
1041 2847 1163 2903 ”lehre
1183 2848 1322 2920 nequivit,
1347 2847 1468 2919 Sililiffls
1487 2851 1576 2906 Sabell
1590 2851 1678 2922 ιῐιῑῑι
1697 2853 1748 2908 ilbi

94 2943 226 3002 Pulchre
240 2945 324 3010 dixti,
343 2945 477 3012 tumim,
499 2945 563 3018 quia
583 2946 709 3004 homines
728 2957 792 3003 sung
810 2950 856 3018 qui
870 2948 904 3005 ge
954 2938 1095 2994 revelavit.
1110 2937 1183 3010 Ergo
1198 2955 1232 2995 ex
1249 2939 1424 2998 conlessione
1439 2943 1554 3001 sortitur
1573 2943 1749 3002 vocabulum.

94 3035 176 3094 Filio
188 3037 309 3095 bominis
320 3031 487 3110 loquuntur,
504 3037 542 3094 dii
557 3054 636 3105 uero,
653 3041 700 3112 qui
714 3039 747 3096 de
760 3040 903 3098 diuinitate
953 3029 1023 3098 0⁰1²
1032 3030 1149 3101 Barim
1161 3040 1241 3088 ⁸⁰⁰²!
1255 3033 1328 3103 fistss‘
1341 3033 1477 3090 wilim-
1499 3032 1552 3090 ᾸῙῙῙ
1563 3034 1660 3090 dicuni
1672 3035 1749 3106 ‘1⁰⁰0

93 3130 272 3203 intelligunt.
954 3121 1049 3180 Simon
1060 3124 1161 3198 (idest,
1172 3116 1282 3199 Petrus)
1295 3126 1368 3184 filius
1383 3129 1418 3183 sit
1431 3126 1556 3194 loannis,
1569 3136 1602 3184 ut
1614 3129 1692 3195 illud,
1703 3127 1749 3184 Si·

132 3223 228 3280 nttttt
241 3223 367 3280 dueum
383 3238 393 3278 .·
407 3222 772 3294 nttttoannemoapustam,
788 3225 836 3280 etit
852 3243 901 3281 an-
952 3232 1013 3270 mon
1023 3213 1149 3284 ioannis,
1162 3217 1253 3290 ‹ttttpts
1268 3222 1329 3275 me?
1345 3218 1530 3293 (loon-¹¹1),
1546 3228 1575 3276 et
1590 3221 1687 3277 volunt
1699 3221 1748 3278 de·

93 3327 154 3374 tem
172 3317 284 3386 Etiam,
303 3318 352 3372 elii
366 3335 425 3374 tero
440 3315 602 3384 terentem,
627 3328 673 3372 ant
689 3335 770 3372 annm
791 3335 823 3373 es
838 3336 900 3390 pro.
938 3307 1476 3380 ‚praeatumhoeessevittoscuptorom,
1486 3311 1746 3382 utprollorjonnnc,

89 3412 197 3481 pneris,
950 3399 1047 3465 idest,
1067 3417 1116 3472 pro
1134 3400 1190 3456 tilio
1209 3401 1334 3467 loannis,
1350 3403 1471 3474 barjona
1485 3405 1619 3474 seriptum
1633 3405 1680 3469 sit,
1695 3405 1746 3460 de·

130 3504 277 3573 Quaerenti
290 3520 376 3574 quare
395 3504 453 3560 baec
470 3503 565 3574 opinio
581 3502 663 3560 luerit
677 3503 711 3560 de
725 3503 839 3570 loanne,
855 3507 898 3563 rel
949 3501 1039 3550 “³⁰“
1054 3510 1108 3550 ⁰¹¹³
1124 3495 1239 3568 sinilia·
1264 3494 1372 3551 ¹¹⁰²¹¹¹¹³
1398 3497 1616 3567 ῑῦῑθῐιιῐθῑθῑῦῐι
1636 3495 1746 3552 θθιιῑῑιιι

88 3597 171 3663 Elia,
185 3598 230 3654 vel
241 3594 369 3660 Ieremia,
391 3594 606 3667 respondeamus
620 3596 683 3666 quia
699 3596 778 3652 alieni
794 3599 897 3655 erroris
948 3587 1046 3656 pretia.
1070 3585 1221 3658 Ustumque
1232 3603 1334 3644 ¹¹⁰¹¹¹0¹¹
1348 3589 1463 3660 mliiioe
1482 3588 1653 3660 iniflflissstlff‘
1667 3588 1744 3659 puta

87 3689 297 3740 nostrumnon
311 3688 354 3737 est
367 3680 480 3736 reddere
494 3680 640 3736 rationem.
949 3685 976 3732 ct
996 3678 1124 3734 columba
1139 3677 1272 3749 Spiritum
1283 3687 1421 3745 sanetum,
1433 3687 1461 3736 et
1475 3683 1563 3751 gratia
1573 3679 1681 3736 Domini
1690 3680 1743 3736 do-

76 3823 80 3830 .
127 3773 207 3828 Dicit
219 3773 275 3828 iilis
287 3788 297 3827 .·
318 3772 370 3827 l'ot
381 3781 470 3826 nutem
479 3789 555 3844 quem
565 3788 605 3826 me
615 3789 671 3827 esee
680 3771 790 3830 dicitis?
947 3785 1014 3826 uum
1025 3772 1161 3844 signiticat
1171 3774 1322 3844 spirituale.
1333 3771 1416 3830 Pater
1425 3773 1600 3846 quippei'ilio
1609 3775 1743 3832 columbae

127 3865 232 3939 [Brun
256 3866 284 3920 in
302 3863 406 3937 benail]
428 3862 516 3935 Supra
532 3863 657 3920 homines
682 3873 761 3921 erant
779 3865 896 3937 apostoli
946 3865 1086 3930 revetavit,
1104 3866 1168 3936 quia
1183 3880 1237 3919 una
1251 3872 1293 3921 est
1306 3867 1393 3936 gratia
1404 3863 1494 3921 Patris
1513 3871 1541 3921 ει
1559 3863 1620 3920 Filii
1630 3871 1665 3920 et
1676 3863 1740 3936 Spi-

84 3960 177 4031 quasi
188 3959 238 4023 dii,
250 3959 329 4030 juxta
340 3959 585 4017 illudPsalmistae:
599 3959 655 4033 Epo
665 3960 723 4014 dini
738 3976 747 4015 :
764 3959 809 4016 Dii
818 3963 893 4027 estis,
944 3956 1015 4013 ritus
1031 3960 1130 4014 sancti.
1150 3957 1268 4028 Barjona
1281 3955 1379 4030 Syrum
1394 3965 1437 4014 est
1450 3966 1478 4013 et
1491 3957 1646 4013 llebraeurn.

81 4063 111 4108 et
128 4053 188 4122 filii
202 4049 308 4108 Eacelsi
325 4070 412 4108 omues
425 4052 512 4126 (Ptol.
532 4053 637 4128 xxxxi).
654 4053 727 4121 Quos
743 4053 893 4126 interrogat
981 4047 1282 4120 deceptionumque
1295 4047 1513 4116 itttPtltttbtl
1527 4066 1605 4120 snper
1618 4049 1740 4120 Μιθρι-

81 4145 242 4210 Dominus,
257 4162 313 4202 nou
324 4147 405 4219 quasi
418 4147 545 4204 nesciens
558 4147 722 4204 sententiam
738 4147 772 4203 de
787 4163 826 4213 se,
844 4148 891 4203 scd
943 4149 1013 4195 iram
1024 4139 1161 4211 edificabo
1177 4139 1325 4196 Ecclesiam
1338 4159 1436 4198 meam.

81 4248 116 4295 ut
133 4237 341 4296 confessionem
356 4239 418 4296 lldei
432 4240 542 4296 illorum
555 4240 637 4312 digne
649 4248 817 4296 remuneret.
839 4227 855 4274 ·'
979 4233 1122 4307 [llxeuou.,
1138 4237 1166 4289 in
1181 4240 1258 4305 epist.
1276 4234 1310 4289 cd
1325 4233 1428 4308 Gelan]
1449 4234 1490 4289 Tu
1508 4234 1602 4290 dixisti
1615 4249 1659 4290 me
1676 4250 1740 4292 etse

121 4329 298 4400 Respondent
313 4329 405 4388 Simon
421 4331 534 4400 Petrus,
552 4332 622 4387 dixit
640 4347 649 4386 :
667 4331 706 4388 Tu
720 4350 748 4389 ee
766 4332 889 4388 Cluietue
939 4327 1038 4384 Filium
1054 4328 1102 4384 Dei
1122 4329 1186 4384 uiri.
1208 4327 1244 4382 Et
1266 4345 1323 4400 epo,
1348 4329 1429 4398 cujus
1451 4329 1544 4384 dicere
1568 4327 1659 4383 lacere
1682 4334 1737 4393 εει,

80 4421 181 4478 Filius
198 4422 248 4478 liei
261 4425 321 4481 elei.
938 4421 998 4476 dice
1017 4421 1064 4476 tibi
1084 4422 1148 4494 pnin
1161 4431 1190 4475 tu
1207 4438 1235 4476 ee
1251 4419 1358 4476 Petrus.
1381 4419 1514 4492 Princeps
1532 4420 1733 4491 apostolorum,

121 4513 239 4590 [Boon]
250 4515 349 4572 Petrus
363 4517 503 4588 respondit
517 4532 568 4589 pro
582 4517 699 4584 cacteris,
716 4517 780 4574 lieet
794 4517 887 4572 caeteri
937 4530 1012 4570 nunc
1028 4514 1141 4581 Petrus,
1160 4530 1235 4570 nune
1254 4512 1362 4584 Cepbas
1380 4513 1497 4579 dicitur,
1517 4528 1573 4568 nou
1590 4527 1674 4568 sento
1693 4511 1737 4567 di·

78 4602 208 4674 apostoli
230 4603 344 4659 scireut.
370 4601 446 4660 Finis
464 4604 526 4661 lidci
550 4621 617 4661 meae
641 4606 675 4662 de
698 4605 809 4662 Christo
832 4615 884 4665 est.
936 4620 1032 4673 verso,
1047 4605 1096 4662 sed
1112 4621 1194 4677 quam
1209 4619 1261 4662 nos
1275 4603 1372 4660 Latine
1387 4611 1416 4661 et
1429 4602 1523 4660 Graece
1537 4610 1645 4675 petram
1661 4603 1738 4659 roci.

77 4697 161 4769 quod
172 4695 261 4754 Filius
273 4696 374 4754 sitllei.
389 4697 449 4754 Non
459 4699 597 4755 lieetmibi
615 4701 686 4756 scire
699 4701 884 4774 generationis
934 4707 1037 4761 tamus.
1048 4699 1267 4756 baneliebraeiet
1278 4698 1580 4772 Syrieeplampocam.
1590 4695 1731 4770 [Breuem]

76 4799 248 4857 secretum,
274 4807 330 4846 non
354 4791 418 4847 licet
444 4798 536 4848 tamen
566 4794 673 4850 nescire
696 4798 882 4867 generationis
934 4791 1031 4850 blerito
1050 4777 1151 4864 accipit
1170 4793 1223 4848 boe
1244 4807 1344 4848 nomen
1368 4789 1483 4856 Petrus,
1507 4792 1554 4862 qui
1578 4793 1608 4846 io
1624 4799 1732 4862 petram

76 4883 178 4940 fidem.
197 4881 466 4956 [Breuem-Bene,
480 4885 508 4939 in
522 4885 625 4960 bentii]
642 4885 765 4955 Dein-iu,
781 4889 807 4944 id
826 4897 879 4957 est,
932 4884 1072 4943 Christum
1086 4885 1235 4950 credebat,
1260 4890 1287 4940 ει
1306 4883 1459 4940 secundum
1478 4883 1668 4956 metaphoram
1683 4899 1730 4954 pe·

74 4975 321 5032 incommutabilis
339 4983 366 5031 et
382 4977 492 5042 aeterni,
513 4976 675 5036 dictumest
698 4981 732 5036 ad
752 4983 879 5040 dilleren-
932 4979 1124 5036 traediciturei
1137 4975 1463 5048 :AEdipiceboliecleeiom
1471 4994 1557 5033 meam
1568 4993 1646 5049 snper
1659 4976 1729 5032 bene

72 5067 148 5122 tiam
165 5066 283 5124 deorum
305 5083 376 5139 quos
386 5069 547 5140 gentilitatis
557 5072 694 5128 dementia
707 5073 749 5128 vel
759 5073 792 5130 de
804 5090 878 5130 mor·
893 5074 1046 5143 llpetrem,
1072 5071 1125 5127 boe
1145 5078 1206 5136 εει,
1237 5086 1321 5143 super
1344 5071 1397 5128 boc
1422 5071 1626 5127 firmamentum
1652 5067 1726 5126 lidei·

72 5161 136 5216 tuis
151 5159 331 5226 bominibus,
347 5161 392 5216 uel
406 5160 441 5217 de
454 5177 536 5234 opere
550 5179 680 5218 manuum
696 5165 748 5220 sibi
761 5166 880 5223 instituit
934 5165 1035 5240 [ileon.
1051 5166 1079 5220 in
1092 5162 1197 5237 nonin]
1210 5163 1259 5220 Vel
1275 5166 1315 5219 ita
1328 5184 1335 5221 ι
1350 5165 1438 5236 Super
1448 5165 1519 5218 bane
1530 5168 1635 5232 petram
1647 5176 1731 5232 quam

72 5251 110 5304 ad
122 5249 493 5327 adorandum-[liutmun]
503 5255 574 5310 llixit
588 5271 617 5312 se
631 5254 763 5316 Dominus
778 5257 879 5316 Filium
932 5259 1077 5315 confessus
1091 5273 1133 5322 es,
1145 5257 1174 5313 id
1184 5265 1237 5323 εει,
1250 5273 1334 5329 super
1344 5261 1488 5326 meipsum.
1502 5253 1572 5309 ilinc
1580 5251 1730 5326 spostolus

71 5341 218 5409 hominis,
249 5343 322 5416 quod
340 5347 537 5418 contemplatio
559 5351 684 5421 corporis
708 5351 878 5423 praelerebat,
932 5351 987 5407 ait:
1000 5349 1215 5406 Fundamentum
1224 5349 1298 5404 eliud
1308 5355 1584 5418 nemopoteetpenere,
1591 5346 1728 5414 proeurtd
1945 5385 1947 5465 A

72 5435 127 5490 sed
138 5435 278 5502 addendo,
293 5453 375 5508 quern
390 5454 433 5494 me
445 5455 506 5496 esse
517 5439 618 5506 dicitis,
634 5443 797 5514 significauit
809 5461 879 5515 pie·
931 5441 1001 5516 qnod
1012 5419 1127 5511 positum
1138 5450 1189 5508 eet,
1203 5439 1272 5511 good
1283 5449 1322 5495 est
1335 5438 1458 5496 curtum
1467 5437 1546 5492 lesus
1557 5435 1585 5510 li
1594 5436 1658 5494 Gor.
1668 5436 1724 5510 tu).
1944 5468 1946 5547 p

73 5537 121 5582 ter
130 5527 159 5582 id
169 5527 244 5600 quod
255 5529 283 5584 in
293 5545 323 5585 se
333 5530 489 5596 uidebatur,
502 5547 564 5589 esse
574 5533 648 5590 aliud
657 5537 794 5592 occultum
811 5553 875 5594 seu·
965 5533 1001 5589 Et
1015 5544 1099 5604 porte
1112 5534 1192 5603 inseri
1205 5549 1257 5588 non
1272 5531 1452 5602 prevalebunt
1467 5529 1594 5586 aduerttu
1610 5545 1681 5596 unt,
1697 5539 1726 5588 et

72 5615 216 5680 tiendum,
230 5616 266 5674 de
279 5635 334 5690 quo
344 5621 527 5692 querebatur,
541 5623 569 5678 in
580 5623 653 5695 quod
664 5642 694 5682 se
704 5629 873 5684 credentium
927 5625 977 5682 tibi
991 5625 1060 5682 debe
1073 5627 1157 5682 cinnes
1169 5627 1243 5695 repni
1254 5625 1388 5681 celorum.

70 5705 148 5764 sides
161 5707 280 5765 debebat
291 5711 448 5769 extendere.
461 5699 543 5771 Fides
557 5715 650 5787 itaque
659 5713 744 5782 Petri,
764 5715 812 5773 Dei
828 5717 874 5774 Fi·
962 5719 1077 5777 Peccata
1085 5718 1441 5777 etdoctrinaebaereticorum
1460 5721 1619 5789 suntportae
1626 5713 1717 5771 inieci.

70 5799 145 5856 lium
156 5800 185 5857 in
200 5801 311 5861 bomine
325 5803 433 5874 ridens,
445 5813 593 5882 utromque
607 5811 748 5900 complexa
764 5818 815 5878 est,
831 5811 872 5868 di·
926 5811 1023 5870 Glares
1033 5812 1110 5888 regni
1124 5811 1268 5880 coelorom,
1284 5811 1372 5870 lusam
1385 5807 1558 5867 discernendi
1573 5808 1716 5866 scientiam
1934 5810 1942 6159 I

12 6210 103 6237 Q-

104 6234 172 6242 ---,
178 6236 190 6242 ,,
235 6236 237 6238 .
387 6248 391 6251 ¹
