3967 6334
70 332 142 388 {225
512 326 613 382 LIBER
631 326 677 381 be
695 325 808 383 REBUS
827 324 862 379 ut
881 322 999 379 tutia.
1019 323 1086 381 stit
1105 324 1237 381 Gestis,
1629 328 1699 389 im

69 452 149 505 tinas
161 447 301 519 regulares
315 444 510 501 exstruximus.
517 442 667 498 Ecclesiam
682 442 863 504 ornamentis,
877 440 902 499 A
914 439 1006 504 enim,
1022 438 1094 494 sicut
1108 439 1252 495 contessus
1264 446 1326 505 est,
1341 438 1443 511 injuste
1458 451 1645 513 usurpaverat.

68 540 288 598 sacerdotalibus
301 536 480 601 indumentis,
491 536 582 607 palliis
593 542 620 589 et
641 535 788 606 palliorum
798 551 864 610 cap
948 532 1178 589 Commutatiouis
1198 534 1279 589 etiarn
1295 534 1437 605 cujusdam
1453 534 1568 591 iormaur
1588 552 1699 595 succes·

68 636 113 704 pis
139 633 270 688 decenter
292 629 490 701 adaptavimus.
510 628 614 684 Tertus
627 626 714 692 duos,
736 627 864 683 videlieet
914 625 1137 683 soribusnostris
1161 626 1334 682 innotescere
1351 626 1511 699 cupientes,
1530 629 1554 685 si
1566 626 1638 685 iorte
1652 627 1700 687 Dei

68 725 214 795 antiquum
234 729 340 778 textum
364 720 551 786 cotidianum,
565 728 593 775 et
610 718 748 791 gradalem
770 717 862 773 Caroli
914 718 1016 774 auxilio
1029 719 1081 775 lroc
1096 720 1186 791 ipsum
1206 720 1236 775 iu
1259 720 1357 776 meiius
1381 720 1528 791 aliquando
1542 727 1635 791 posset
1652 721 1701 777 im-

67 816 255 887 imperatoris,
269 830 285 867 a
300 820 388 868 matre
403 812 525 867 Ecclesia
545 810 611 866 illue
624 808 724 865 deierri
736 808 862 865 lecimus.
913 810 1031 877 mutari,
1046 811 1185 868 intitulare
1204 811 1371 867 curavimus.
1388 811 1457 867 Dum
1476 813 1567 871 nobile
1584 830 1699 887 rognum

67 907 267 963 Bibliothecam
289 906 431 960 honestam
454 904 543 959 trihus
561 902 749 959 voluminibus
767 903 882 973 posui·
912 900 1082 959 Francorum
1097 902 1125 957 in
1141 908 1213 959 statu
1221 902 1388 959 monarchiae
1395 903 1569 963 consisteret,
1584 904 1702 959 circum-

66 1014 142 1054 mus.
157 997 213 1053 Nec
228 998 320 1053 minus
340 999 414 1052 eirca
435 998 566 1053 rictuaiia
589 996 707 1053 iratrum
733 997 861 1061 solliciti,
912 1007 1021 1064 quaque
1043 992 1115 1047 sicut
1132 1007 1161 1047 se
1181 991 1255 1063 regia
1270 998 1391 1063 potestas
1405 993 1577 1058 extendebat,
1595 1008 1644 1065 per
1657 1001 1701 1049 to-

67 1088 141 1144 duas
156 1102 288 1143 carrucas
301 1088 330 1142 in
343 1088 454 1159 propria
469 1094 542 1144 terra
557 1088 746 1158 propeiocum
757 1086 861 1144 locavi-
911 1095 968 1143 tam
984 1088 1061 1159 regni
1082 1088 1276 1155 tetrarchiam,
1292 1088 1419 1145 videlicet
1440 1088 1468 1143 in
1490 1086 1583 1153 italia,
1598 1087 1701 1145 Lotha·

66 1201 142 1241 mus.
158 1186 287 1242 Clausum
302 1186 443 1241 vinearum
461 1191 553 1256 aptum
568 1200 673 1256 magnae
687 1184 819 1251 abbatiae,
832 1191 862 1239 et
911 1180 1020 1251 rinqia,
1034 1178 1166 1245 Francia',
1180 1178 1342 1251 Aquitania,
1353 1180 1471 1237 ecelesia
1485 1178 1562 1237 Beati
1577 1179 1700 1253 Dio-'sii

65 1277 139 1334 hene
160 1279 295 1334 valentem
314 1279 355 1333 eis
377 1276 578 1348 plantavimus,
591 1277 734 1341 vinearum
752 1277 860 1347 copiam
911 1272 1020 1343 magnis
1041 1272 1190 1343 multisque
1216 1272 1438 1343 possessionibus
1465 1272 1627 1329 liberalittte
1656 1288 1700 1328 ro-

66 1369 165 1424 multis
183 1368 272 1424 modis
286 1368 496 1439 acquisivimus.
511 1352 803 1439 'Forerrlariass'quatuor
812 1385 861 1441 pe·
910 1378 975 1433 gum
998 1360 1278 1419 ubuutlultui·Veru1u
1293 1362 1365 1435 quod
1389 1362 1479 1418 unitas
1493 1360 1701 1418 illibatuincon·

65 1475 120 1515 nes
135 1474 166 1515 se
183 1459 339 1529 inproprie
363 1456 420 1513 iere
441 1458 659 1529 quater-viginti
676 1447 786 1519 modios
803 1458 860 1514 vini
911 1453 1055 1517 servabat,
1073 1452 1163 1508 iiiiaiis
1176 1452 1275 1511 divisio
1286 1462 1313 1509 et
1328 1468 1503 1523 corrumpere
1512 1460 1539 1509 et
1549 1453 1703 1509 diminuere

66 1550 204 1615 calentia,
221 1550 324 1620 absque
338 1557 448 1619 sumptu
459 1548 552 1619 aliquo
567 1548 620 1620 ipsi
641 1549 702 1603 icco
713 1548 860 1603 aedificavi·
909 1544 1070 1601 elaboravit.
1087 1543 1158 1601 iiiuc
1168 1552 1211 1601 est
1226 1546 1299 1616 quod
1310 1546 1408 1601 beatus
1418 1544 1566 1618 Dionysius
1577 1545 1702 1603 Hereliu-

65 1656 246 1712 onustusque
260 1639 375 1697 adeode
391 1639 519 1711 copiaeis
533 1639 719 1711 providentes,
732 1651 863 1712 utquan«¹
908 1650 972 1707 gas,
1007 1634 1220 1709 Herbertingas,
1255 1642 1283 1693 et
1305 1634 1451 1702 Salonam,
1477 1643 1505 1692 et
1524 1638 1701 1709 quamplures

65 1733 160 1805 doque
169 1734 302 1789 ducentos
321 1732 530 1803 quinquaginta,
544 1732 709 1804 quandoque
717 1740 855 1789 trecentos
908 1728 978 1783 alias
989 1728 1512 1801 possessiouesamittcns;viliasetianr
1522 1729 1619 1800 quaein
1630 1744 1701 1801 pago

65 1825 177 1880 modies
188 1826 243 1880 uini
256 1826 329 1897 large
344 1824 487 1895 recipiant.
497 1823 580 1879 Prata
596 1825 678 1879 etiam
690 1824 855 1882 sufficienter
909 1816 1023 1877 liciensi
1052 1821 1194 1889 existunt,
1222 1820 1348 1877 videlicet
1372 1828 1492 1875 castrum
1521 1820 1699 1881 Gornundas·

67 1915 101 1970 in
119 1916 238 1988 propriis
260 1903 411 1987 cespitibus
425 1913 587 1969 circumfodi
611 1914 740 1980 lecimus,
763 1915 859 1972 hortos
908 1909 1051 1981 Blistctot,
1066 1922 1092 1969 ct
1105 1912 1292 1985 Cochiliugas,
1309 1912 1437 1986 perdidit.
1451 1912 1506 1969 Pro
1521 1929 1638 1985 quarum
1654 1930 1701 1970 re·

64 2007 140 2061 satis
154 2005 259 2061 habiles
272 2004 475 2075 pulmentorum
488 2004 641 2060 seminibus
653 2004 857 2062 satisfecimus.
909 2004 1074 2059 clamatione
1091 2019 1153 2060 cum
1174 2006 1274 2075 saepius
1289 2005 1442 2076 apostolico
1456 2006 1617 2076 conspectui
1631 2007 1701 2063 insi-

66 2096 135 2151 Erat
153 2104 245 2153 autem
258 2095 383 2167 quaedam
398 2096 484 2151 altera
499 2095 573 2151 beati
593 2094 714 2168 Dionysii
730 2110 746 2150 a
764 2098 859 2152 multis
908 2103 1054 2162 staremus,
1071 2102 1128 2151 tum
1144 2111 1194 2167 pro
1219 2096 1352 2167 injustitia
1369 2111 1436 2161 sua,
1450 2102 1509 2150 tum
1533 2111 1583 2166 pro
1594 2095 1702 2153 incam-

61 2188 125 2258 jam
139 2188 308 2260 temporibus
318 2187 461 2255 destituta,
471 2194 499 2244 et
510 2187 536 2243 in
549 2187 724 2245 solitudinem
735 2189 858 2255 redacta,
908 2187 1040 2244 moditate
1053 2202 1231 2259 personarum
1247 2203 1358 2245 suarum
1375 2188 1432 2260 (qui
1448 2188 1520 2243 enim
1535 2204 1582 2245 eas
1592 2189 1701 2247 auteres

63 2298 124 2338 uno
139 2282 221 2337 etiam
243 2296 342 2337 carens
355 2281 479 2346 cultore,
501 2296 563 2352 qum
587 2280 703 2336 forsitan
724 2295 740 2334 a
760 2281 859 2340 vicinis
908 2278 975 2333 bant
986 2278 1057 2333 male
1072 2284 1099 2334 et
1113 2278 1230 2349 pessime
1245 2278 1348 2349 absque
1362 2276 1535 2334 confessione
1548 2278 1700 2335 morieban-

62 2375 142 2431 viiiis
156 2374 245 2431 alieno
259 2374 366 2431 cultore
379 2372 683 2429 auuonaernodiumaut
697 2373 859 2431 minuered-
908 2369 965 2442 tur)
991 2370 1071 2441 quasi
1099 2384 1150 2441 pro
1177 2370 1390 2426 commutatione
1416 2369 1506 2425 iocum
1529 2371 1577 2442 qui
1597 2370 1701 2427 dicitur

61 2466 134 2521 dere
157 2472 372 2530 consueverant,
388 2472 436 2519 aut
460 2464 530 2521 duos
543 2471 592 2519 aut
611 2472 668 2519 tres
686 2464 721 2521 de
741 2466 860 2522 nucibus
908 2460 984 2517 Cella
1000 2476 1064 2517 cum
1078 2460 1248 2532 appendiciis
1264 2461 1321 2517 suis
1336 2460 1364 2515 in
1379 2459 1484 2519 chartis
1499 2459 1631 2517 Ludcvici
1646 2463 1698 2519 im-

62 2557 219 2623 sextaries‚
236 2558 263 2613 in
277 2572 331 2629 qua
353 2565 411 2614 tres
426 2570 555 2612 carrucas
577 2555 699 2611 incuria
720 2571 807 2623 nova,
831 2565 859 2613 et
908 2552 1044 2624 peratoris
1060 2552 1255 2618 denominatis,
1266 2552 1346 2625 piena
1361 2552 1486 2612 libertate
1501 2552 1582 2611 heato
1597 2553 1699 2628 Diony-

60 2648 226 2719 granehiam
244 2662 343 2703 novam
363 2647 405 2703 eis
425 2645 606 2703 instituimus.
626 2644 698 2701 Oves
712 2653 739 2701 et
760 2661 859 2703 vaccas
908 2645 949 2700 sio
971 2645 1106 2712 contulit,
1135 2644 1182 2701 ubi
1204 2642 1304 2701 iratres
1327 2653 1437 2713 nostros
1462 2645 1497 2701 ad
1523 2646 1698 2705 serviendum

61 2746 96 2795 ct
120 2738 285 2793 nutrituram
307 2738 341 2793 ad
363 2754 433 2809 opus
454 2752 550 2794 eorum
569 2743 681 2808 propter
693 2752 858 2808 pascuorum
908 2740 964 2795 Deo
979 2740 1008 2795 in
1019 2754 1068 2812 spe
1080 2738 1310 2811 augmentationis
1324 2746 1352 2795 et
1370 2739 1699 2814 succedentitrecupeva-

61 2832 220 2886 ubertatem
234 2838 263 2885 et
281 2837 419 2885 terrarum
436 2827 655 2885 emendationem
671 2828 770 2884 ibidem
784 2828 858 2883 ioca·
907 2832 992 2889 tionis
1006 2832 1168 2891 locavimus.

60 2926 169 2980 rimus.
193 2922 281 2977 Aliam
300 2922 383 2979 etiam
406 2920 483 2978 Beati
506 2920 631 2993 Dionysii
654 2921 858 2993 possessionem
1191 2921 1305 2981 CAPUT
1333 2922 1415 2979 xxti.

62 3032 153 3088 prope
171 3016 338 3081 Bruncwm,
353 3030 387 3070 es
402 3028 456 3085 qua
478 3029 550 3085 sape
568 3014 663 3069 decem
685 3014 792 3071 modios
808 3029 858 3071 an·
1190 3015 1405 3073 DeCaioomaote

61 3124 164 3174 nooae,
180 3109 277 3165 etvini
302 3105 360 3163 iere
386 3106 500 3172 decem,
515 3114 543 3162 et
568 3105 660 3162 lenum
687 3107 787 3176 pabulo
810 3108 891 3199 junc
942 3112 1095 3171 Ecclesiam
1108 3125 1216 3183 quoquo
1232 3106 1261 3165 S.
1276 3108 1349 3163 Petri
1362 3109 1391 3163 in
1413 3106 1591 3163 Calvomoute
1605 3110 1697 3177 sitam,

62 3209 223 3257 mentorum
244 3200 397 3271 recipiunt,
416 3199 450 3254 de
476 3197 587 3269 proprio
610 3198 800 3270 obligavimus.
815 3199 854 3255 De
904 3220 962 3267 tam
975 3204 1111 3261 abbatiam
1125 3216 1206 3274 quarn
1220 3202 1294 3271 ipsas
1308 3199 1455 3255 canonicas
1465 3201 1606 3257 canonicis
1617 3202 1700 3258 dece·

60 3294 224 3348 molendino
251 3293 333 3347 euram
357 3306 372 3347 a
394 3292 535 3362 sexaginta
551 3286 617 3347 'tere
643 3293 723 3347 armis
747 3294 854 3363 perum
905 3290 1695 3364 corturiacumauotuomagennarcuiepiseopoungena,

59 3382 201 3455 quidquid
214 3382 454 3453 recuperavimus,
469 3381 510 3437 01⁸
523 3380 695 3443 dimisimus;
710 3396 742 3437 eu
763 3388 854 3439 lumen
904 3406 986 3465 quam
1001 3404 1017 3443 a
1033 3386 1145 3443 domino
1157 3400 1220 3457 reqe
1234 3382 1402 3439 Francorum
1421 3381 1561 3439 Ludovico
1574 3384 1698 3443 obtinere

58 3475 235 3541 conditione,
244 3482 274 3529 ul
289 3474 317 3529 iu
327 3474 452 3545 sequenti
465 3474 510 3529 die
524 3472 587 3529 festi
596 3474 670 3531 beuti
680 3472 804 3547 Diuuiuii
818 3492 854 3531 ¹1
903 3480 1123 3541 elaboravimus:
1138 3492 1245 3533 necnon
1255 3484 1282 3532 et
1292 3490 1332 3530 xu
1348 3476 1447 3532 iratres
1459 3490 1521 3531 curn
1546 3476 1697 3533 tredecimo

57 3569 170 3626 solidos
197 3566 343 3623 relectorio
367 3566 444 3622 Beati
476 3565 599 3638 Dionysii
629 3566 796 3637 persolvant.
823 3566 855 3625 lu
904 3578 996 3649 priore
1010 3573 1044 3629 ad
1059 3570 1252 3629 exaltationem
1270 3568 1394 3638 ejusdem
1409 3568 1541 3633 eeclesiae,
1559 3577 1588 3623 et
1608 3569 1697 3625 divini

57 3660 163 3719 eadem
176 3660 259 3717 etiam
278 3660 343 3714 vilia
363 3667 473 3715 centum
486 3658 590 3715 solidos
608 3658 680 3714 inter
693 3673 807 3715 censum
828 3669 855 3716 et
903 3670 995 3726 cultus
1007 3664 1241 3741 propagationem,
1251 3668 1407 3717 reverenter
1419 3660 1579 3726 locavimus,
1589 3668 1696 3719 eteanr-

56 3754 170 3808 talliam
186 3752 296 3808 habent.
310 3750 512 3807 Curbuiluuuuu
528 3750 555 3805 iu
570 3750 687 3807 circuilu
700 3750 744 3806 sui
760 3751 853 3808 decem
904 3762 967 3818 dem
980 3760 1126 3817 eeclesiam
1144 3757 1179 3811 ab
1203 3753 1299 3811 eodem
1327 3751 1476 3809 reverendo
1489 3752 1696 3825 archiepiscopo

55 3856 90 3903 et
105 3857 213 3917 septem
226 3845 310 3901 libras
323 3844 357 3900 de
371 3844 483 3915 proprio
498 3858 584 3900 ceusu
598 3851 696 3913 praeter
710 3845 779 3900 aliua
791 3844 854 3900 red·
904 3851 1070 3916 consecrari,
1088 3858 1115 3905 et
1129 3858 1191 3905 ante
1202 3864 1263 3905 eam
1285 3847 1471 3905 coemeterium
1486 3846 1622 3913 benedici,
1639 3847 1695 3904 Deo

55 3940 141 3995 ditus
155 3949 183 3992 et
202 3936 407 4002 venditionum,
421 3944 449 3991 et
470 3936 671 4001 nundinarum,
685 3944 713 3991 et
736 3936 853 3991 aliarum
905 3948 1046 4000 annuente
1072 3940 1253 3997 obtinuimus.
1268 3939 1334 4008 Qnae
1354 3938 1490 4011 siquidem
1518 3955 1588 3997 nova
1613 3939 1695 4012 quasi

54 4031 312 4087 consuetudinum:
328 4045 436 4085 necnon
450 4029 636 4085 molendinum
649 4036 677 4085 02
688 4028 815 4094 furuum,
827 4036 855 4083 ul
903 4037 997 4092 nobile
1010 4035 1162 4091 rucmhrum
1178 4034 1258 4104 capiti
1275 4047 1325 4089 suo
1335 4033 1457 4090 ccclesiae
1473 4031 1548 4088 Beati
1571 4032 1693 4105 Dionysii

54 4129 130 4179 octo
144 4122 352 4178 modiosavenae
365 4136 428 4176 cunr
436 4120 556 4191 gallinis,
565 4129 592 4177 et
602 4122 853 4193 praehendanrinte·
905 4126 1043 4198 copulata,
1058 4132 1162 4196 quanto
1176 4125 1381 4181 transeuntibus
1408 4122 1614 4181 successorihus
1628 4140 1694 4179 nos⁴

53 4229 142 4287 gram
155 4210 184 4267 S·
195 4212 336 4284 Exuperii·
904 4220 957 4276 tris
970 4235 987 4273 a
1006 4217 1169 4275 l'ulcassino
1183 4217 1217 4271 ad
1231 4215 1466 4282 Northmanuiam,
1478 4216 1521 4271 vel
1534 4216 1615 4269 etiam
1643 4232 1694 4287 pro

350 4302 466 4360 CAPUT
491 4302 561 4361 ΧΧΙ.
904 4311 1112 4367 conservatione
1124 4310 1290 4380 reliquarum
1311 4308 1527 4379 possessionum,
1544 4306 1572 4361 iu
1595 4306 1692 4365 eodem

365 4397 555 4471 Deliaropiio.
905 4417 975 4474 pago
994 4402 1200 4457 demorantibus
1215 4408 1277 4471 apta
1292 4400 1349 4455 sire
1374 4398 1471 4455 idonea
1485 4398 1596 4455 existit·
1628 4406 1692 4455 tan·

96 4486 130 4541 ln
145 4501 216 4557 pago
237 4485 367 4544 iieidensi
382 4488 460 4553 viiia,
475 4505 537 4559 quae
556 4488 659 4545 dicitur
673 4488 850 4560 iiarogilum,
867 4501 932 4557 pto
947 4494 981 4551 de
995 4494 1113 4565 propriis
1126 4493 1168 4549 vel
1179 4492 1213 4547 de
1223 4491 1364 4562 acquisitis
1375 4506 1435 4549 cam
1449 4491 1615 4563 locupletare
1630 4499 1692 4547 tau·

52 4579 213 4637 occasione
239 4580 384 4651 cujusdam
404 4582 533 4648 riaturae,
557 4597 638 4653 quam
661 4582 799 4639 hnsoidus
819 4582 854 4638 de
904 4604 986 4659 quam
998 4601 1096 4642 novam
1112 4586 1243 4657 plantam,
1256 4594 1283 4640 et
1292 4584 1439 4641 conierere
1451 4584 1514 4655 jure
1527 4584 1688 4643 decertabit.

49 4672 193 4730 Cornelio
207 4671 264 4729 iere
284 4688 372 4745 usque
393 4674 428 4728 ad
442 4674 517 4744 ipsas
532 4675 604 4730 viiiae
617 4675 716 4731 domus
729 4675 854 4746 posside
902 4678 1046 4733 Fratribus
1060 4692 1125 4732 vero
1138 4676 1238 4733 ibidem
1252 4675 1307 4732 Deo
1317 4676 1545 4744 deservientibus,
1561 4678 1626 4749 quia
1649 4678 1691 4733 vi-

49 4768 125 4831 bat,
143 4766 306 4836 gravissime
328 4765 528 4825 infestabatur:
551 4782 615 4823 cunr
636 4782 688 4823 nec
706 4768 851 4839 agricolae,
903 4771 962 4827 nois
975 4777 1067 4843 egent,
1081 4769 1115 4824 de
1130 4768 1245 4825 decimis
1258 4784 1327 4842 quas
1342 4769 1421 4827 nobis
1434 4768 1510 4827 dedit
1534 4786 1581 4827 rex
1597 4770 1691 4827 Ludo-

49 4876 114 4916 nec
138 4860 186 4914 aiii
210 4860 325 4931 quilibet
338 4860 431 4915 viliam
452 4861 528 4918 exire
547 4869 607 4915 tuto
627 4861 771 4927 auderent,
785 4863 852 4931 quin
902 4864 979 4918 vicus
997 4862 1067 4933 apud
1092 4861 1262 4933 Cergiacum,
1287 4878 1342 4918 uno
1366 4878 1475 4936 quoque
1500 4878 1573 4919 anno
1593 4865 1691 4937 viginti

48 4951 258 5008 occasionibus
270 4952 365 5009 multis
382 4954 497 5009 statiua
511 4967 528 5007 a
541 4953 724 5009 servientibus
737 4952 851 5009 hnsoidi
902 4952 1008 5009 modios
1021 4952 1095 5021 viui;
1116 4959 1144 5008 et
1159 4954 1193 5008 de
1205 4952 1320 5019 decima,
1330 4970 1412 5025 quam
1432 4970 1482 5011 nos
1494 4956 1691 5027 acquisivimus

50 5049 240 5113 raperentur,
249 5051 278 5100 et
293 5044 327 5098 ad
336 5044 441 5099 curiam
450 5044 511 5114 ejus
524 5045 667 5116 intercepti
675 5046 849 5111 ducerentur,
902 5045 974 5115 apud
989 5044 1175 5116 Abieqiacum,
1190 5047 1363 5103 medietatem
1375 5048 1605 5105 confirmavimus.

50 5149 114 5189 nee
128 5133 222 5189 miuus
233 5134 269 5190 de
283 5136 427 5205 pecoribus
441 5137 533 5191 viliam
554 5137 718 5193 exeuntibus
730 5138 849 5193 redime·
1168 5137 1283 5193 (theut
1317 5138 1410 5195 iiiiili.

49 5231 171 5294 rentur.
185 5223 242 5281 Nos
264 5241 330 5295 ergo
349 5226 424 5282 mille
443 5228 547 5285 solidos
568 5243 619 5300 pro
642 5243 710 5299 paee
727 5227 850 5300 ejusdem
1183 5229 1222 5285 De
1237 5231 1397 5289 Bcraeoaiic.

48 5317 152 5383 sillae,
166 5327 197 5371 ut
207 5317 332 5375 eamdem
351 5319 433 5375 nohis
444 5320 595 5377 dimitteret
607 5320 759 5385 viaturam,
775 5320 801 5376 ei
822 5321 851 5375 in
935 5322 965 5377 in
979 5337 1011 5379 ea
1027 5334 1126 5387 autem,
1138 5339 1198 5395 quae
1209 5324 1310 5379 dicitur
1320 5323 1497 5389 Bernartius,
1512 5326 1690 5397 possessione

47 5407 339 5486 litorosoiymuanam
350 5408 550 5481 expeditionem
562 5411 744 5483 proficiscenti
764 5412 850 5467 doua-
900 5413 1197 5485 superb'orthmaunici
1205 5416 1281 5472 littus
1289 5417 1417 5482 marisia
1424 5434 1477 5489 qua
1485 5418 1689 5490 ctiamprimam

46 5501 171 5566 vinrus;
186 5506 214 5555 et
227 5507 257 5553 ut
270 5500 343 5557 beati
357 5500 479 5573 Dionysii
493 5503 621 5575 deinceps
635 5510 784 5568 constaret,
801 5518 850 5573 per
901 5504 1018 5574 aiicujus
1047 5506 1232 5576 praepcsiturae
1253 5507 1288 5561 ab
1302 5515 1476 5565 antecessore
1503 5526 1563 5565 mco
1579 5510 1687 5581 suscepi

44 5606 177 5650 matrum
197 5592 317 5663 episcopi
338 5592 485 5650 iieidensis
507 5595 657 5661 ilanassae,
679 5605 706 5653 ct
728 5597 851 5651 ecciesiae
899 5598 1090 5663 obedientiam,
1107 5616 1188 5671 quam
1202 5602 1283 5657 etiam
1302 5604 1331 5659 in
1358 5612 1480 5675 tempore
1504 5604 1688 5663 strenuissimi

42 5684 205 5756 ejusdcm,
219 5700 326 5740 necnon
345 5694 373 5741 et
389 5686 479 5759 sigilio
492 5690 601 5746 comitis
615 5689 782 5754 Tireobaidi,
800 5706 849 5745 au-
899 5691 972 5764 regis
993 5690 1114 5759 Henrici,
1131 5692 1220 5749 adhuc
1246 5695 1314 5753 satis
1332 5695 1441 5767 juvenis
1461 5698 1495 5753 ab
1510 5694 1688 5773 oppressione

39 5778 231 5849 nuenteejus
244 5794 327 5833 uxore
336 5788 364 5833 et
375 5780 432 5837 illio
445 5782 635 5839 nobissrrmari
646 5782 771 5840 lecimus.
783 5782 849 5841 Eam
899 5791 1059 5842 exactorum
1074 5786 1222 5857 regiorum,
1236 5804 1306 5861 quas
1322 5790 1417 5847 dicunt
1430 5790 1585 5860 archiones,
1600 5795 1686 5849 inuito

222 5874 353 5935 Parnoi.
378 5876 575 5939 cixxxt'i.
1529 5890 1568 5951 39
