3967 6334
109 354 181 413 ttdtt
600 350 795 408 rattttuclt
815 350 845 407 S.
865 347 1027 405 broursto
1046 343 1235 404 CDNCESSA.
1662 347 1733 402 libb

109 475 149 527 sis
170 470 292 542 episcopi
316 480 344 526 et
368 470 484 526 aliorum
507 469 726 541 supradictorum
749 467 885 539 episcopo
906 463 1015 534 alpiam
1027 465 1213 532 stratamque
1226 457 1302 513 ducit
1317 457 1351 514 ad
1364 458 1510 529 lmperam.
1526 458 1677 517 Ecclesiam
1699 462 1735 518 dc

108 579 182 618 rum,
944 554 1076 626 Gergiaco
1092 567 1155 608 cum
1179 553 1307 608 omuibus
1328 551 1362 607 ad
1373 552 1497 608 eamdem
1511 552 1732 622 pertinentibus:

144 650 242 706 Datum
257 657 348 708 atatem
361 658 389 706 et
403 650 593 708 confirmatum
613 651 707 708 Remis
728 651 757 707 in
778 650 893 707 solemni
943 647 1049 702 curiam
1064 659 1183 716 quoqne,
1199 652 1226 699 et
1240 643 1430 700 curiaedomos
1442 643 1543 700 liberas
1552 651 1580 698 et
1597 643 1734 700 immunes

106 740 186 796 curia
202 738 315 796 Paschae
329 739 356 793 in
371 742 499 798 unctione
513 741 606 796 deletui
623 741 740 813 Pbilippi
756 741 895 813 gloriosis·
944 739 979 794 ab
994 739 1070 792 omrai
1084 737 1245 801 exactione,
1259 744 1287 792 et
1304 736 1490 791 omnimodam
1507 736 1642 790 viaturam
1661 735 1733 790 sicut

107 830 171 884 simi
180 829 262 901 regis,
271 844 343 884 anno
351 830 486 886 incarnati
496 830 577 887 Verbi
590 832 669 896 llil,
682 833 873 888 indictionem
885 871 893 897 ,
943 831 1003 900 ipse
1014 829 1099 894 dedit,
1113 829 1301 884 concedimus.
1316 827 1345 882 ln
1357 828 1419 882 ailla
1433 843 1543 898 quoque
1557 843 1618 898 quae
1632 828 1734 883 dicitur

106 935 182 976 anno
197 919 273 990 mgni
290 920 384 975 domni
399 929 426 976 et
444 922 612 977 serenissimi
632 923 705 993 regis
727 920 895 977 Francorum
943 923 1044 990 Delna,
1060 921 1129 979 duas
1150 936 1237 992 quas,
1263 921 1327 992 quia
1349 921 1383 976 de
1404 919 1515 990 proprio
1536 920 1733 976 monachorum

104 1009 269 1066 Cbludnvici
287 1026 334 1075 xx,
359 1010 476 1082 Pbilippi
491 1020 582 1067 autem
605 1012 652 1067 lilii
670 1013 731 1082 ejus
746 1013 850 1083 primu,
865 1011 893 1066 iu
943 1021 1024 1069 erant
1049 1013 1258 1084 procurationes
1282 1019 1360 1084 pater
1384 1027 1461 1068 meus
1484 1011 1618 1077 indulsit,
1641 1019 1733 1070 etnos

105 1097 157 1158 Dei
171 1103 283 1158 nomine
295 1101 421 1159 feliciter.
437 1102 533 1159 bmerr.
943 1108 1025 1162 etiam
1042 1107 1158 1162 libenter
1168 1106 1345 1162 concedimus
1361 1124 1368 1159 :
1386 1121 1436 1175 pro
1450 1105 1530 1160 tertia
1544 1119 1610 1160 rero
1623 1105 1657 1160 dc
1673 1106 1732 1160 col·

478 1193 521 1250 lll.
944 1198 1014 1254 lecto
1034 1198 1200 1254 rusticorum
1224 1198 1296 1252 ultra
1315 1205 1377 1251 octo
1401 1197 1486 1252 libras
1509 1196 1625 1268 singulis
1653 1197 1734 1254 annis

309 1283 434 1340 Ludou'ci
452 1285 510 1340 Vll
519 1287 693 1360 pricilepium.
942 1290 1029 1362 exigi,
1046 1290 1118 1346 sicut
1134 1291 1193 1362 ipse
1207 1305 1258 1346 sua
1272 1288 1435 1345 liberalitate
1458 1288 1614 1360 prohibuit,
1639 1296 1666 1344 et
1682 1303 1735 1344 nos

403 1377 493 1449 (Anno
507 1378 598 1450 lits.)
943 1381 1131 1452 probibemus.
1153 1379 1289 1437 Praeterea
1303 1380 1326 1436 si
1337 1395 1398 1450 que
1412 1379 1464 1434 alia
1479 1379 1565 1450 patris
1580 1381 1632 1436 mci
1657 1381 1734 1452 larga

141 1465 172 1523 ln
194 1469 307 1526 nomine
325 1468 431 1536 Patris,
456 1478 484 1526 et
505 1470 585 1536 Filii,
612 1481 640 1528 et
661 1470 780 1543 Spiritus
794 1470 891 1526 sancti.
944 1474 1229 1530 rnunifteeutiaeidem
1244 1474 1368 1529 ecclesiae
1389 1479 1436 1526 aut
1446 1472 1562 1527 eontulit
1576 1479 1623 1526 aut
1634 1472 1736 1528 confrr-

102 1559 203 1618 Amen.
941 1567 1047 1632 nravit,
1063 1579 1114 1622 nos
1127 1581 1237 1637 quoque
1250 1565 1287 1621 ob
1310 1580 1430 1620 amorem
1456 1564 1503 1620 Dei
1524 1576 1552 1620 et
1574 1575 1734 1622 sanctorum

142 1652 233 1726 liegiae
251 1653 393 1726 dignitatis
408 1663 435 1710 et
458 1654 540 1710 oflicii
561 1663 603 1711 est
626 1653 730 1721 Deum,
746 1671 892 1728 perquem
942 1664 1095 1730 martyrum
1109 1657 1208 1711 collata
1229 1657 1462 1720 concedinurs,et
1476 1655 1558 1728 regiae
1581 1657 1734 1728 majestatis

102 1759 184 1818 reges
200 1754 326 1818 regnant,
343 1755 373 1801 ut
387 1745 597 1818 ltcgemregum
613 1748 719 1804 timere.
735 1747 835 1804 Potens
850 1755 892 1804 est
943 1750 1106 1806 auctoritate
1119 1747 1324 1806 confirmamus.
1340 1748 1440 1804 Verum
1456 1757 1485 1804 ut
1508 1750 1565 1806 lraec
1584 1750 1686 1806 intacta
1706 1759 1734 1808 et

101 1840 178 1893 enim
193 1839 313 1894 balteum
335 1855 429 1910 regum
450 1840 622 1911 discingere,
641 1846 670 1895 ct
691 1840 892 1912 probenefrciis
910 1831 1046 1897 Bittibata
1069 1843 1097 1896 in
1124 1842 1321 1913 sempiternum
1345 1849 1532 1912 permaneant,
1547 1841 1629 1913 sigilli
1645 1845 1734 1900 nostri

102 1931 301 2002 temporalibus
320 1939 428 1987 aterna
443 1931 537 2002 gloria
550 1947 679 1987 coronam
700 1940 727 1987 et
750 1933 891 2002 prmaeium
942 1932 1125 2004 impressione
1138 1941 1167 1989 et
1180 1933 1309 2038 nominis·
1317 1933 1404 1988 nostri
1416 1939 1556 1988 caractere
1570 1933 1735 1988 corrobora-

104 2023 268 2079 retribuere.
292 2021 349 2095 Ego
376 2023 459 2094 igitur
480 2021 647 2085 badericus,
661 2022 707 2079 Dei
732 2023 891 2094 praefarer
941 2025 1043 2082 rimus.

103 2113 274 2171 Francorum
292 2121 320 2170 et
334 2113 389 2169 dux
416 2113 630 2184 aquitanorum,
647 2114 732 2170 biset
754 2115 816 2170 aliis
830 2114 893 2171 fidei
976 2118 1076 2174 Actum
1088 2117 1213 2174 Parisius
1228 2133 1301 2174 antro
1316 2117 1452 2173 incarnati
1468 2116 1550 2172 Verbi
1563 2117 1642 2183 tlte,
1655 2121 1733 2190 regni

101 2207 279 2262 documentis
296 2205 467 2268 instructus,
484 2205 602 2263 districti
621 2207 722 2276 judicis
736 2205 893 2262 districtum
941 2225 1007 2266 rero
1017 2212 1105 2266 nostri
1119 2225 1171 2276 vu,
1182 2209 1336 2267 astantibus
1350 2211 1378 2265 in
1392 2209 1493 2280 palatio
1507 2216 1603 2266 nostro
1616 2226 1734 2282 quorum

100 2312 218 2352 examen
242 2303 368 2352 metucns
383 2304 410 2351 et
421 2297 585 2367 praecidens,
608 2304 703 2351 uotum
726 2296 798 2351 facio
820 2311 891 2368 prae·
941 2303 1056 2358 nomina
1071 2302 1233 2359 subtitulata
1249 2310 1315 2358 suut
1328 2308 1355 2358 ct
1369 2302 1458 2372 signa.

100 2391 229 2446 senatibus
239 2396 267 2445 et
281 2389 417 2460 posteris,
430 2390 559 2460 quoniam
577 2390 749 2459 praesentiam
768 2396 893 2444 nostram
978 2393 1093 2465 Signum
1108 2391 1246 2465 lindulpbi
1260 2392 1491 2450 viromandorum
1506 2393 1633 2460 comitis,
1655 2393 1733 2468 dapi·

100 2483 172 2537 adiit
187 2480 318 2553 Superius
333 2479 499 2536 venerabilis
518 2488 614 2550 pastor
626 2488 655 2536 et
669 2480 754 2536 abbas
770 2482 893 2537 ccclesiae
943 2483 995 2539 feri
1008 2484 1106 2539 nostri.

100 2574 326 2629 beatissimorum
334 2579 486 2644 martyrum
498 2569 633 2642 Dionysii,
648 2569 765 2633 Rustici,
774 2578 802 2626 et
813 2571 892 2627 Eleu·
979 2575 1094 2647 Signum
1110 2575 1229 2632 Matthaei
1242 2577 1397 2632 camerarii.

101 2666 198 2730 tberii,
212 2665 353 2720 humiliter
366 2673 393 2720 et
406 2664 503 2719 devote
517 2663 683 2735 implorans,
694 2670 724 2716 ut
735 2678 786 2734 pro
799 2677 894 2719 amore

102 2761 153 2816 Dei
168 2768 196 2816 et
208 2767 367 2816 sanctorum
381 2766 544 2831 martyrum,
560 2766 587 2813 et
601 2759 722 2814 remedio
736 2759 834 2814 animae
843 2773 893 2830 pa-

102 2854 158 2909 tris
172 2851 243 2917 arrei,
259 2853 311 2924 piae
338 2853 478 2906 memoria,
487 2849 639 2915 Ludorici,
659 2859 686 2907 et
704 2852 893 2910 incolumitate

101 2959 237 3016 personae,
249 2953 277 3000 ct
287 2944 362 3015 regni
376 2945 594 3006 consecratione,
610 2959 642 2998 ea
653 2958 713 3013 quae
726 2953 803 3014 pater
815 2961 892 3002 meus

100 3039 193 3095 cidem
207 3037 332 3094 ecclesiae
346 3036 473 3099 contulit,
487 3048 515 3092 et
525 3043 661 3106 praccepta
671 3034 753 3107 regiae
763 3037 894 3106 majesta-

100 3133 142 3186 tis
163 3131 336 3186 immunitate
356 3128 490 3194 fumauit,
514 3128 634 3198 nosipsi
655 3129 889 3188 confirmaremus.

101 3223 194 3292 liuius
209 3223 303 3295 itaque
314 3223 396 3292 justae
405 3220 531 3292 petitioni
541 3229 568 3276 ct
582 3224 635 3292 piae
649 3219 786 3276 dcrotioni
802 3222 829 3277 in
843 3238 892 3294 spe

977 2668 1092 2741 Signum
1110 2668 1228 2725 blattbaei
1239 2669 1448 2726 constabularii.

978 2759 1093 2832 Signum
1107 2759 1237 2816 Willelmi
1253 2761 1420 2816 buticularii.

977 2853 1046 2908 Data
1060 2869 1109 2925 per
1124 2869 1236 2910 manum
1251 2853 1369 2910 Cadurci
1381 2853 1555 2911 caracellarii.

1315 2943 1360 3002 lv.

1137 3037 1264 3109 Ejusdem
1279 3039 1347 3110 repis
1360 3037 1536 3110 prtatteptem.

1238 3126 1328 3198 (Anao
1344 3126 1435 3199 llll.)

977 3215 1136 3274 innomine
1157 3225 1259 3275 sanctae
1280 3227 1307 3274 et
1331 3217 1477 3274 individuae
1500 3217 1654 3276 Trinitatis.
1676 3217 1735 3292 Epo

100 3332 231 3387 superum
243 3315 483 3378 remunerationis,
500 3322 580 3386 prout
593 3314 705 3385 digeram
715 3321 785 3378 crat,
797 3329 892 3370 assen-
942 3309 1107 3377 bunorrcus,
1123 3309 1172 3366 Dei
1186 3309 1272 3381 gratia
1286 3325 1335 3366 rex
1350 3308 1518 3365 Francorum
1533 3319 1561 3366 et
1574 3309 1629 3366 dux
1647 3311 1734 3383 Aqui·

102 3425 166 3464 sum
186 3408 369 3480 praebuimus,
394 3414 422 3462 et
444 3422 614 3478 quascunque
636 3407 722 3477 patris
744 3407 796 3462 mei
819 3409 893 3478 larga
943 3409 1081 3457 tanarum.

102 3501 292 3556 nruniflcentia
307 3499 441 3565 contulit,
456 3508 505 3553 aut
518 3515 579 3570 quae
598 3500 697 3555 collata
719 3501 754 3555 ab
768 3509 893 3556 arrteces·
978 3493 1047 3561 Quia
1063 3492 1110 3549 Dei
1125 3492 1322 3562 omnipotentis
1336 3492 1410 3562 larga
1428 3492 1604 3550 arriseratione
1618 3509 1734 3564 regnum

51 3649 56 3654 ,
101 3593 215 3649 soribus
227 3591 415 3656 confirmarit,
430 3607 482 3647 tros
496 3592 547 3662 ipsi
559 3591 618 3662 pari
631 3598 708 3656 roto,
723 3592 781 3662 pari
800 3598 894 3646 amore
942 3591 1068 3639 nostrum
1084 3591 1213 3646 stare,et
1226 3597 1365 3654 utinquam
1380 3590 1518 3640 terrenum
1539 3586 1593 3641 nisi
1614 3601 1664 3656 per
1676 3601 1735 3642 cte·

104 3686 285 3741 concedimus
306 3692 334 3740 ct
350 3683 560 3746 confirmamus,
582 3683 708 3739 uidelicet
733 3682 893 3754 pulveratici
944 3677 1012 3731 leste
1034 3675 1168 3730 veraciter
1198 3675 1331 3747 prolicere
1361 3676 1505 3734 nrauifeste
1533 3679 1732 3749 eoguorimus,

104 3793 154 3832 seta
169 3775 291 3847 pedagici
307 3776 336 3831 in
352 3775 492 3830 consuetis
507 3775 575 3829 locis
588 3771 682 3828 Sancti
702 3773 824 3846 Dionysii
844 3789 893 3827 au·
944 3783 1049 3824 sttrrrma
1062 3783 1142 3832 cura,
1155 3767 1340 3823 sollicitudine
1354 3768 1484 3824 continua
1507 3770 1666 3826 instandum
1684 3787 1734 3826 no-

104 3867 340 3935 gmcntationem:
362 3865 389 3920 in
409 3865 498 3935 burgo
521 3879 572 3920 sno
592 3862 748 3919 lardaeorum
773 3863 893 3934 qrrinque
943 3862 986 3916 bis
997 3869 1039 3916 cst
1053 3861 1127 3915 circa
1145 3859 1275 3916 Ecclesiae
1290 3860 1337 3916 Dei
1359 3863 1478 3928 cultum,
1494 3878 1528 3918 er
1546 3865 1627 3934 regiae
1648 3863 1734 3933 maje-

104 3960 265 4015 rnansioues
277 3973 340 4013 cum
357 3958 467 4011 familiis
486 3957 545 4012 suis
557 3975 564 4011 a
578 3955 679 4010 donum
701 3955 784 4011 etiam
809 3971 892 4025 natam
944 3954 1023 4007 statis
1036 3952 1221 4007 munificentia
1229 3953 1405 4024 benignitatis
1416 3969 1498 4024 opera
1508 3955 1736 4025 impenderetcr·

105 4051 179 4120 apud
191 4049 221 4105 s,
238 4049 396 4122 Dionysium
411 4051 491 4105 stram
506 4057 602 4103 anavus
612 4048 699 4118 patris
713 4048 764 4102 met
780 4063 826 4102 m
836 4045 893 4099 110.
943 4040 1018 4095 renis
1032 4041 1155 4095 coelestia
1181 4039 1254 4096 felici
1266 4043 1480 4098 conrrnutatioue
1494 4045 1692 4109 commercari,
1704 4055 1735 4100 ut

105 4144 201 4198 bertus
225 4142 348 4205 donarit,
377 4150 405 4196 ct
431 4147 508 4211 pater
530 4155 607 4194 nreus
621 4138 808 4204 confirmavit,
830 4154 892 4194 curn
943 4133 1146 4202 porbaecregui
1163 4134 1249 4188 nostri
1272 4134 1476 4190 administratio
1490 4136 1735 4205 temporaliterbat

105 4244 185 4292 curte
208 4235 332 4306 ejusdcm
350 4233 468 4298 domtus,
484 4241 512 4287 et
526 4231 693 4302 hospitibus,
709 4238 737 4286 ct
758 4230 894 4288 universis
943 4224 1078 4294 gloriosa,
1090 4233 1117 4280 et
1132 4225 1193 4280 istis
1205 4225 1395 4282 deficientibus
1411 4227 1456 4282 illa
1478 4243 1528 4284 nos
1550 4229 1685 4298 recipiant
1706 4230 1734 4284 in

104 4341 168 4395 quac
181 4325 215 4380 ad
229 4325 352 4380 camdem
365 4325 474 4379 domum
489 4325 635 4394 pertinent,
650 4322 822 4393 propriorum
836 4337 894 4377 ser·
943 4326 1045 4372 aetcrna
1058 4318 1245 4373 tabernacula.
1266 4316 1321 4374 Nos
1339 4319 1422 4388 igitur
1439 4335 1501 4373 cunr
1522 4329 1550 4375 et
1572 4321 1635 4376 aliis
1655 4321 1736 4392 longe

104 4433 203 4472 vorum
226 4417 351 4473 ecclesia
375 4417 478 4486 absque
507 4416 561 4470 ulla
585 4414 779 4470 reclamatione
799 4422 893 4468 nostra
944 4411 1052 4480 lateque
1072 4409 1207 4470 ecclesiis,
1224 4418 1280 4463 tunt
1302 4409 1437 4480 praecipue
1459 4411 1542 4465 nobili
1567 4414 1736 4468 morrasteriu

105 4523 355 4578 successorumque
366 4516 542 4569 nostrorum,
569 4507 668 4561 liberas
681 4511 710 4559 et
731 4505 837 4574 uarietas
853 4504 892 4558 fa·
909 4525 930 4578 p
944 4510 986 4556 ter
1007 4501 1080 4558 boati
1101 4499 1245 4572 Dionysii,
1270 4502 1463 4572 sociorumque
1482 4502 1553 4571 ejus,
1570 4505 1735 4574 propensius

106 4613 171 4654 cere
184 4598 430 4669 emancipationes,
454 4597 643 4653 usurariorum
654 4611 777 4668 quoque,
793 4605 820 4651 et
835 4611 894 4650 mo-
945 4593 1134 4657 attcndentes,
1147 4593 1307 4664 caprimum
1320 4593 1417 4650 aflectu
1442 4602 1602 4665 qarototum
1620 4611 1734 4668 regnum

106 4698 179 4746 raetos
203 4689 278 4746 falam
296 4691 481 4745 omnimodam
503 4689 636 4760 justitiam
653 4699 680 4746 et
696 4689 892 4744 districtiones.

106 4783 243 4840 Defuncto
257 4784 355 4840 abbate
367 4783 490 4839 ecclesiae
503 4784 607 4839 nullam
620 4783 654 4839 de
669 4783 797 4838 omnibus
820 4798 895 4854 errae-

107 4893 218 4946 cunque
243 4877 338 4931 babuit
352 4877 498 4931 mobilibus
511 4878 568 4932 sire
583 4875 768 4931 immobilibus
779 4873 837 4931 fleri
849 4891 894 4930 rc-

108 4971 269 5041 petiticnem
285 4990 292 5025 ι
311 4970 484 5026 mansionum
498 4971 540 5025 vcl
551 4969 789 5034 inhabitatiormm,
806 4970 829 5025 si
840 4985 895 5024 aron

108 5065 166 5119 sint
181 5061 303 5132 ejusdem
319 5062 458 5125 ecclesiae,
476 5061 659 5116 oumimodatu
682 5063 859 5117 remotionem
880 5077 895 5117 a

108 5153 241 5224 proedicto
254 5153 351 5223 burgo,
366 5168 452 5222 usquc
466 5153 501 5208 ad
514 5154 657 5209 ecclesiam
669 5153 762 5207 Sancti
774 5151 896 5208 Lauren-

108 5245 159 5307 tii,
183 5245 310 5315 quaesita
332 5250 375 5299 est
396 5260 479 5314 prope
493 5251 603 5314 pontem
624 5244 711 5300 saneti
733 5243 841 5300 ilartini
862 5245 897 5302 de

108 5337 232 5409 Campis,
249 5345 278 5392 et
292 5353 324 5393 ea
343 5337 429 5391 altera
445 5344 521 5408 parte
539 5345 632 5393 stratae
652 5338 733 5409 regiae
747 5338 782 5392 ab
800 5337 895 5394 eadem

109 5429 174 5484 uilla
187 5427 279 5484 Sancti
294 5427 415 5499 Dionysii
429 5444 516 5499 usque
533 5429 567 5484 ad
581 5431 664 5484 alium
686 5437 796 5500 pontem
812 5445 897 5501 prope

109 5520 249 5576 Parisium
260 5521 337 5590 irrata
351 5521 462 5575 donnum
485 5520 683 5591 Leprosoruur,
705 5538 802 5578 uersus
813 5523 895 5579 etiam

110 5611 245 5668 Secanam
266 5613 300 5667 ab
325 5614 419 5668 eadem
436 5613 499 5667 rilla
514 5611 606 5668 Sancti
621 5612 743 5685 Dionysii
762 5615 895 5686 usquead

110 5711 234 5761 urentem
258 5703 407 5777 llartyrum
436 5703 564 5776 (excepto
585 5705 725 5778 criptam)
749 5722 783 5760 ex
811 5708 896 5762 altera

110 5797 194 5851 ctiam
214 5805 291 5866 parte
302 5796 337 5851 ab
347 5796 440 5854 eadem
452 5796 515 5851 rilla
529 5795 557 5852 S.
570 5795 691 5870 Dionysii
707 5815 793 5870 usquc
808 5798 843 5855 ad
853 5815 895 5857 rc·

945 4694 1069 4740 acastrum
1089 4693 1163 4740 sorte
1189 4686 1338 4756 apostolica
1365 4686 1518 4756 suscipiens
1542 4685 1658 4744 DomIno
1680 4687 1737 4744 Deo

946 4777 1049 4849 proprii
1064 4777 1207 4848 sanguinis
1218 4775 1352 4832 effusione
1375 4777 1515 4843 restitnit,
1531 4795 1565 4834 co
1578 4780 1660 4835 etiam
1680 4797 1736 4851 quo

944 4871 969 4925 ci
984 4878 1173 4926 antecessores
1187 4869 1274 4926 uestri
1289 4870 1478 4926 benevolentia
1501 4879 1529 4926 et
1550 4871 1736 4930 familiaritate

945 4962 1124 5020 confederati
1149 4971 1227 5027 suut,
1248 4963 1294 5033 qui
1319 4978 1382 5017 cum
1404 4963 1489 5018 multa
1515 4963 1540 5018 ei
1555 4965 1733 5030 contulerint,

945 5056 1033 5110 meritc
1049 5055 1152 5124 majora
1167 5070 1216 5125 pcr
1240 5055 1329 5126 ipsum
1349 5063 1528 5127 receperunt,
1556 5055 1589 5110 ad
1613 5057 1736 5128 ipsorum

947 5149 1183 5204 saeratissimorum
1206 5156 1356 5220 martyrum
1379 5147 1500 5204 basilicae
1519 5148 1735 5214 dedicationem,

945 5264 1008 5319 qrrae
1021 5249 1048 5303 in
1063 5262 1135 5303 noro
1148 5247 1273 5304 eeclesiae
1289 5256 1445 5318 augmento,
1465 5249 1492 5303 in
1510 5249 1620 5319 capitali
1641 5249 1738 5304 videli-

946 5348 990 5396 cet
1003 5347 1080 5411 parte
1090 5340 1267 5396 celeberrime
1280 5341 1351 5395 laeta
1362 5347 1414 5404 cst,
1432 5356 1494 5396 cum
1511 5342 1628 5413 corrjuge
1641 5349 1737 5396 nostra

945 5430 1092 5487 Alienorde
1103 5431 1206 5502 regiam,
1220 5439 1248 5485 ct
1262 5431 1441 5502 plurimorum
1452 5432 1613 5502 optimatum
1628 5441 1738 5486 nostro-

946 5539 1008 5577 rum
1023 5523 1154 5578 contituta
1170 5523 1392 5578 acceleravimus.
1419 5521 1470 5578 Ubi
1490 5530 1630 5594 cumpost
1650 5521 1739 5594 ipsius

947 5615 1071 5671 ecelesiae
1085 5615 1320 5672 consecrationem
1337 5614 1370 5669 ad
1381 5615 1470 5670 locum
1485 5617 1628 5685 antiquum
1643 5613 1672 5669 in
1682 5627 1738 5686 qno

948 5710 1096 5781 peculiaris
1107 5711 1214 5782 patroni
1223 5709 1321 5774 nostri,
1333 5709 1485 5766 beatissimi
1499 5709 1626 5766 ridelicet
1636 5707 1724 5779 Diony

949 5803 993 5871 sii,
1005 5803 1120 5875 ejtrsrpre
1137 5803 1284 5870 sociorum,
1298 5815 1375 5859 saera
1388 5817 1503 5875 corpora
1515 5801 1737 5866 continebantur,
