3967 6334
81 347 137 406 tou

571 347 839 407 sruruurtsuust
858 349 949 406 LlBlil
967 349 1118 409 OCTO.'-
1128 349 1192 410 tte.
1213 350 1234 409 l.

1662 359 1713 416 tro

80 463 141 522 lie-t.
156 477 219 517 cnm
236 462 380 518 innumera
401 463 467 528 sint,
484 473 513 519 ut
526 465 646 530 mentiri,
662 481 692 522 se
712 482 823 538 negare,
846 474 875 522 et
888 474 912 530 Α
924 465 1097 541 decertantes)
1109 467 1233 522 tabuisse
1247 466 1374 522 conuenit.
1388 461 1417 521 Si
1429 479 1495 538 ergo
1509 465 1655 540 dispositio
1669 469 1716 527 ilci

83 557 243 625 husjusmodi
261 571 322 626 quae
339 557 444 628 nequit,
460 557 521 613 ideo
544 559 718 629 omnipotens
743 568 797 625 est,
812 560 875 633 quia

82 647 144 704 baee
167 648 272 718 nequit.
300 646 339 702 lta
366 649 449 720 igitur
474 651 648 722 onrnlpotens
674 660 727 717 est,
760 660 791 707 ut
817 668 876 707 om-

80 746 152 800 nino
163 745 233 801 nibil
247 745 337 815 possit
350 747 424 818 quod
449 747 673 804 irrationabiliter
687 757 714 805 et
731 751 801 808 male
818 752 874 808 liat.

80 835 205 892 (lrrrnino
217 838 286 892 nibil
300 847 428 909 nequeat,
444 841 517 910 quod
530 841 565 896 ab
581 841 640 912 ipso
650 840 779 897 decenter
789 842 877 897 admi-

81 929 200 982 nistrari
215 937 298 998 queat
313 948 319 982 :
338 933 519 1001 praerogativa
541 933 685 1003 potestatis
698 935 875 1006 conspicuus,

82 1029 112 1072 nt
121 1020 255 1091 quidquid
269 1020 357 1086 decet,
368 1031 461 1092 queat,
478 1039 512 1080 ue
526 1040 580 1094 qua
595 1025 739 1082 imbecillis
749 1035 875 1092 notetur;

81 1113 220 1182 quidquid
236 1113 358 1178 dedecet,
374 1122 512 1185 nequeat,
534 1133 569 1172 ue
580 1133 633 1188 qua
647 1118 710 1173 boni
730 1120 877 1175 valentiam

82 1205 151 1256 veracli
167 1206 289 1274 potentia
307 1205 444 1268 obfuscet,
467 1215 494 1262 ct
514 1215 591 1263 tanto
612 1209 754 1266 decrescat
773 1218 877 1283 quanto

82 1295 215 1364 pravitati
233 1298 357 1352 accedat.
382 1297 460 1355 Unde
473 1303 643 1371 quantalibet
665 1312 802 1369 creatur-a,
818 1307 878 1361 col·

83 1385 190 1442 latione
203 1385 251 1442 Dei
264 1395 307 1443 est
321 1387 440 1444 infirma.

121 1477 223 1538 Verum
239 1494 273 1534 ue
287 1481 487 1551 omnipotentia
502 1499 638 1554 nusquam
649 1492 762 1554 proruat
779 1484 806 1539 in
819 1485 877 1539 illi-

84 1571 154 1634 cita,
169 1571 248 1628 decet
262 1572 484 1643 Omnipotentem
502 1577 596 1630 omnin
610 1593 666 1632 non
684 1578 772 1632 solum
795 1579 877 1642 scire,

84 1663 173 1718 surlet
187 1664 315 1734 praescire
326 1683 334 1720 ι
346 1680 410 1720 uam
426 1663 569 1735 Sapientioe
580 1666 638 1737 ejus
660 1685 712 1722 non
727 1678 767 1723 est
788 1686 879 1724 nurne-

85 1771 134 1810 rus
148 1753 237 1826 (Psoi.
248 1771 338 1819 cxxvi,
348 1755 387 1826 5).
403 1755 467 1812 llaec
479 1765 570 1812 autem
586 1759 719 1829 sapientia
729 1761 800 1814 sicut
813 1775 880 1832 aug-

926 572 972 613 res
983 558 1062 614 aliter
1076 574 1108 613 ac
1123 558 1201 622 fleret,
1222 574 1273 613 nec
1286 559 1364 630 prius
1378 559 1516 622 ordinare,
1532 576 1584 616 nec
1599 569 1662 632 post
1676 579 1719 617 or-

927 647 1037 704 dinatas
1058 649 1204 704 immutare
1221 649 1303 712 valet,
1324 649 1463 721 quomodo
1480 658 1639 707 sanctorum
1660 661 1719 710 stu-

927 738 1014 802 dium,
1030 745 1058 794 et
1080 755 1130 809 pro
1146 738 1237 795 studio
1261 740 1351 807 salus;
1371 740 1519 810 impiorum
1540 743 1719 813 perversitas,

927 835 954 883 ει
966 843 1017 899 pro
1032 843 1063 884 ea
1080 827 1205 884 internus
1221 828 1274 884 rite
1287 829 1443 900 deputatur,
1459 830 1522 886 inde
1534 835 1637 903 gratim,
1655 834 1720 890 hinc

927 923 1028 979 divinae
1040 923 1176 995 justitiae?
1194 921 1260 990 erae
1281 923 1354 979 enim
1372 925 1471 994 gratia,
1495 927 1718 998 quaevejustitis,

928 1016 992 1071 darm
1005 1017 1048 1071 vel
1064 1017 1196 1088 disponit,
1211 1017 1253 1072 vel
1267 1016 1431 1087 dispositum
1447 1017 1540 1088 elicit,
1550 1036 1611 1075 cum
1622 1029 1720 1077 neutra

928 1125 961 1165 ex
978 1095 1057 1180 parte
1078 1110 1227 1180 quidquam
1248 1117 1354 1165 mutare
1369 1110 1477 1179 possit?
1491 1109 1613 1165 Gratiam
1636 1120 1663 1168 et
1675 1114 1722 1182 ju-

930 1203 1033 1258 stitiam
1050 1217 1271 1273 agnosceremus,
1287 1202 1310 1257 si
1327 1217 1390 1258 cum
1411 1202 1463 1258 hoc
1480 1203 1582 1268 mallet,
1598 1219 1653 1260 non
1669 1207 1721 1258 mi-

929 1310 982 1350 nus
998 1295 1114 1349 alterum
1130 1300 1232 1364 posset.
1248 1293 1377 1365 Nunquid
1393 1294 1467 1349 aliud
1481 1295 1586 1350 videam
1603 1297 1658 1351 nisi
1673 1315 1722 1353 ne

928 1387 1067 1443 cessitatis
1092 1386 1261 1452 violentiam,
1278 1402 1341 1442 cum
1359 1403 1410 1442 nec
1435 1403 1556 1459 unquam
1577 1388 1659 1446 Petro
1672 1407 1721 1446 ne-

928 1495 1007 1552 gare,
1035 1495 1086 1536 nec
1106 1478 1183 1536 iudae
1204 1479 1330 1535 conferre
1353 1483 1474 1552 potuerit
1500 1493 1722 1552 perseverantem

929 1571 1063 1644 gratiam?
1077 1571 1109 1627 Et
1124 1571 1234 1644 quidem
1251 1555 1442 1644 utrumquem
1460 1574 1589 1630 sordibus
1608 1577 1720 1647 reperit,

930 1666 978 1722 sed
999 1672 1147 1736 utrumque
1167 1665 1284 1721 liberare
1298 1681 1353 1720 non
1372 1667 1471 1736 potuit.
1489 1665 1586 1722 Judam
1606 1667 1721 1723 infixum

929 1755 958 1811 in
973 1756 1039 1810 limo
1054 1754 1132 1821 vidit,
1149 1756 1196 1811 sed
1210 1756 1379 1812 extrahendo
1393 1758 1461 1812 nibil
1476 1759 1607 1828 prodesse
1621 1761 1719 1831 potuit.

84 1849 184 1912 menti,
209 1847 247 1901 ita
270 1848 364 1904 nescia
378 1855 421 1904 est
454 1849 605 1921 principii:
638 1867 701 1906 nam
729 1851 879 1922 siquando
895 1823 1040 1904 BPetrum
1060 1847 1094 1902 ad
1118 1863 1147 1904 se
1167 1849 1263 1914 traxit,
1280 1847 1345 1918 quia
1367 1864 1430 1904 eum
1451 1849 1479 1904 in
1494 1850 1552 1905 luto
1567 1851 1722 1924 relinquere

85 1949 237 2005 cresceret,
258 1940 299 1996 vel
316 1941 460 2011 inciperet,
482 1942 511 1996 in
540 1942 655 1998 scientia
682 1944 877 2013 processisset;
929 1939 1062 2011 nequivit.
1079 1937 1152 1994 Nihil
1171 1955 1268 1995 eorum
1282 1955 1343 2011 quae
1358 1940 1410 1997 leci
1435 1943 1479 1998 vel
1502 1942 1624 2001 facturus
1648 1961 1720 2010 sum,

85 2045 151 2101 quae
174 2037 266 2085 autem
294 2029 365 2085 ratio
391 2037 422 2084 ut
452 2030 592 2102 quidpiam
617 2039 690 2103 post,
708 2048 763 2088 non
788 2042 880 2091 autem
929 2033 1004 2089 uude
1021 2033 1128 2089 cessavi
1140 2033 1349 2089 veleessaturus
1365 2049 1437 2100 sarm,
1454 2034 1524 2090 bona
1539 2039 1644 2092 malave
1655 2039 1721 2102 sint,

88 2124 171 2193 prius
194 2121 306 2178 sciret?
330 2123 438 2178 dicente
460 2124 645 2194 evangelista:
674 2122 752 2191 Quod
779 2125 880 2196 facturn
930 2132 977 2181 aut
989 2125 1086 2196 juvare
1099 2131 1130 2178 ut
1146 2123 1210 2190 sint,
1226 2130 1274 2178 aut
1287 2123 1419 2196 impedire
1433 2141 1467 2181 ne
1482 2129 1629 2199 sintpeues
1645 2129 1723 2183 illum

83 2225 139 2280 est,
163 2216 192 2270 in
220 2215 276 2285 ipso
303 2216 357 2269 rita
382 2224 440 2270 erut
456 2215 546 2288 (doun.
569 2215 715 2291 1,t)to'o).
733 2215 817 2283 Quasi
842 2218 881 2274 oi·
930 2219 1188 2288 ullapotestascst.

86 2316 184 2366 ecret:
203 2306 338 2379 Quidquid
352 2307 383 2376 fit
399 2309 426 2362 in
442 2318 566 2378 ternpore,
581 2307 635 2380 56
645 2318 706 2364 onte
725 2317 825 2379 tempus
847 2311 881 2364 oi-
965 2309 1109 2378 Quomodo
1120 2325 1186 2382 ergo
1200 2308 1373 2380 omnipotens
1389 2315 1431 2365 εει
1446 2311 1491 2365 cui
1505 2326 1537 2366 ea
1557 2311 1645 2368 virtus
1666 2329 1722 2370 non

86 2399 165 2456 rebat
176 2401 298 2471 inipsiur
311 2402 467 2473 coercitione.
482 2399 597 2473 Oportet
612 2416 678 2473 ergo
694 2407 724 2456 ut
746 2401 880 2472 quidquid
929 2411 983 2469 εει,
1003 2410 1035 2458 ιιι
1049 2401 1168 2474 cuipiam
1184 2401 1223 2455 ita
1237 2401 1320 2466 adsit,
1338 2410 1369 2456 ut
1384 2401 1494 2472 adjutus
1507 2403 1609 2459 bonurn
1627 2404 1721 2472 iaciat,

85 2494 193 2566 absque
202 2492 337 2565 principio
347 2492 518 2565 providentia
530 2493 578 2550 ilci
590 2493 879 2566 simuleomplectitur,
930 2493 1006 2566 quod
1020 2501 1080 2550 erat
1096 2493 1273 2557 dimissums
1289 2499 1335 2547 aut
1345 2494 1447 2547 malum
1459 2495 1567 2549 omittat
1576 2497 1649 2567 quod
1662 2504 1723 2554 erat

87 2585 327 2657 boesuisquoque
340 2586 510 2657 temporibus
521 2587 623 2642 veritas
634 2586 694 2656 eius
706 2588 881 2659 exsequendo
930 2582 1072 2639 facturus?
1087 2581 1165 2638 Unde
1187 2581 1228 2647 ut,
1247 2589 1294 2636 aut
1312 2587 1341 2636 ut
1355 2583 1467 2638 omnino
1482 2585 1617 2656 ingratus,
1630 2594 1677 2640 aut
1692 2594 1724 2643 ut

87 2686 273 2751 prosequatur
283 2698 290 2746 ;
302 2679 432 2749 quoniam
447 2679 471 2735 si
485 2679 560 2750 quod
574 2679 743 2751 providendo
758 2679 881 2736 futurum
930 2679 1023 2734 minus
1036 2679 1189 2736 exstiterim
1203 2685 1297 2750 gratus
1311 2679 1417 2734 auctori
1432 2693 1502 2744 meo,
1524 2677 1589 2734 dum
1612 2678 1640 2733 id
1656 2677 1723 2734 mibi

87 2771 229 2842 promisit,
243 2769 411 2842 inexpletum
428 2769 589 2842 negligeret,
605 2770 692 2840 fidelis
706 2769 833 2826 Dratinus
852 2771 881 2824 in
931 2770 1029 2826 tribuit
1040 2769 1114 2842 quod
1130 2785 1230 2841 negare
1246 2771 1352 2839 nequit.

89 2862 212 2917 omnious
224 2861 309 2916 cerlis
324 2862 379 2916 suis
393 2859 482 2934 (Psoi.
493 2877 585 2927 cxxxv,
598 2862 655 2936 lb),
667 2863 784 2919 mendax
792 2863 879 2919 fieret.
968 2860 1022 2918 Sed
1036 2861 1111 2918 dices
1130 2882 1136 2918 :
1161 2861 1300 2933 Agendum
1324 2863 1370 2916 tili
1389 2863 1492 2934 pretias
1512 2871 1561 2928 ert,
1581 2865 1644 2935 quic
1664 2864 1724 2920 licet

87 2953 125 3009 Et
141 2955 207 3026 quia
220 2969 300 3012 omne
314 2952 363 3010 bei
374 2953 530 3010 institutum
541 2957 638 3011 merito
652 2971 708 3012 suae
722 2956 882 3012 constantie
932 2957 1007 3011 aliud
1027 2974 1078 3012 non
1097 2959 1197 3028 possit:
1221 2967 1250 3011 at
1264 2957 1335 3030 qued
1354 2967 1439 3028 potest
1462 2977 1513 3014 non
1535 2961 1631 3016 inritus
1647 2959 1722 3030 lacit.

87 3049 268 3116 nuncupetur
283 3045 480 3116 Juramentum,
496 3045 519 3101 si
534 3046 599 3117 quid
621 3053 750 3112 mutaret,
763 3053 792 3103 et
804 3064 882 3102 uren-
933 3046 986 3104 Sed
999 3050 1049 3115 sie,
1063 3065 1117 3104 non
1134 3055 1189 3102 tam
1206 3049 1240 3104 de
1256 3048 1339 3117 iacto,
1355 3051 1457 3123 quippe
1466 3053 1539 3123 quod
1563 3053 1652 3109 vitare
1668 3070 1724 3109 non

89 3137 144 3194 dax
160 3137 339 3208 esperimus,
355 3152 388 3191 ac
398 3152 446 3208 per
463 3136 517 3192 hoe
537 3136 611 3193 Deus
633 3152 689 3192 non
705 3136 787 3193 toret.
805 3136 914 3232 Quo·C
932 3149 1032 3211 potest,
1050 3155 1130 3214 quam
1146 3141 1179 3196 de
1192 3141 1332 3198 voluntate
1347 3143 1449 3213 gratias
1465 3159 1536 3215 ago:
1554 3144 1602 3202 sed
1624 3159 1675 3200 nec
1690 3145 1724 3200 de

88 3232 167 3285 circa
178 3230 311 3302 quidquid
320 3229 419 3285 divinae
427 3229 604 3301 providentiae
614 3229 798 3286 sinceritatem
812 3246 881 3300 prae-
932 3247 964 3287 ea
980 3232 1090 3296 obnixe,
1105 3233 1168 3302 quia
1184 3247 1235 3288 nec
1249 3233 1336 3304 ipsam
1350 3235 1422 3290 valet
1439 3250 1545 3292 cauere.
1569 3234 1611 3291 llli
1637 3236 1724 3307 siqui-

87 3321 239 3393 cipitanter
253 3329 345 3376 actum
355 3327 512 3384 evacuaret,
527 3320 596 3376 illud
610 3321 712 3375 malum
726 3328 754 3376 et
771 3321 882 3376 irratio-
932 3321 993 3376 dem
1009 3324 1111 3392 gratim
1127 3337 1207 3394 agere
1223 3323 1417 3380 consuevimus
1432 3324 1478 3394 qui
1496 3325 1533 3379 ita
1554 3326 1635 3381 nobis
1654 3341 1724 3398 prar-

87 3414 184 3470 uabile
205 3413 365 3482 rideretur;
387 3412 520 3485 quidquid
545 3423 635 3470 autem
657 3413 883 3469 irrationabiliter
932 3418 987 3468 stat
1003 3412 1177 3476 beneficium,
1201 3422 1231 3467 ut
1255 3411 1277 3468 si
1293 3413 1377 3468 libeat
1400 3421 1483 3485 queat
1503 3415 1643 3472 retrabere
1665 3431 1723 3471 ma·

89 3507 180 3573 l'rerct,
197 3506 265 3562 illud
277 3504 363 3562 ileum
377 3520 433 3560 non
443 3519 525 3576 posse
539 3521 623 3578 supra
635 3504 790 3563 dicebatur.
932 3520 1008 3559 num.
1023 3503 1091 3558 Nam
1106 3505 1152 3576 qui
1164 3512 1276 3562 coaetus
1290 3505 1376 3572 dedit,
1393 3521 1444 3561 nec
1459 3521 1517 3562 rom
1533 3507 1660 3573 retinuit,
1672 3524 1724 3564 nec

126 3599 160 3655 Si
170 3614 231 3670 erpo
244 3597 372 3670 quidquid
385 3597 464 3652 aliter
482 3614 510 3653 se
526 3596 736 3669 interceperat
754 3595 826 3652 Deus
838 3613 883 3652 cr·
932 3597 1049 3668 gratiam
1064 3598 1226 3668 promeruit.

86 3692 206 3757 dinarit,
222 3689 409 3746 irrationabile
423 3698 502 3753 esset,
513 3688 617 3744 nullum
634 3701 722 3745 autem
737 3690 882 3744 irrationa-
968 3677 1355 3754 Diceslorsa112EtDeus,si
1370 3690 1442 3755 uelit,
1459 3690 1538 3746 aliter
1557 3700 1620 3762 apat
1640 3708 1672 3748 ac
1681 3691 1696 3764 s
1709 3723 1724 3736 ·

88 3787 248 3855 tritepotesr.
261 3784 341 3856 liquet
351 3785 437 3854 iprum
457 3781 525 3838 niiril
540 3797 616 3852 posse
628 3784 680 3836 nisi
701 3781 770 3853 qnod
784 3782 882 3838 aeriter
933 3778 968 3833 cit
979 3796 988 3843 ,·
999 3779 1171 3846 sed,etiamsi
1190 3780 1262 3846 velit,
1286 3780 1417 3837 uoluntati
1430 3785 1551 3853 effectum
1568 3783 1662 3840 babere
1672 3802 1724 3840 non

88 3873 364 3946 leniretprerridontt‘tu,¹
375 3873 421 3930 sed
433 3874 501 3928 nilrii
510 3872 623 3944 prouidit
634 3875 687 3928 nisi
700 3873 769 3944 quod
780 3872 883 3927 contin·
934 3871 1048 3937 licuerit,
1070 3871 1188 3945 alioquin
1200 3876 1270 3929 ratio
1289 3874 1460 3946 providentie
1476 3877 1502 3931 in
1513 3878 1604 3932 animo
1619 3880 1725 3934 ruitura

86 3971 129 4038 pit
141 3968 229 4024 :nibil
243 3969 326 4039 ipitur
338 3975 424 4038 potest
435 3967 489 4023 nisi
502 3966 572 4038 qued
585 3968 626 4038 pt.
641 3967 698 4022 lma
713 3967 780 4022 nilrr'i
788 3973 881 4037 petest,
933 3964 1047 4032 vacillet,
1059 3972 1084 4018 et
1099 3964 1169 4020 Deus
1181 3975 1244 4020 nota
1255 3966 1384 4037 salsitatis
1397 3977 1530 4038 turpatus,
1546 3987 1598 4024 non
1610 3971 1723 4041 amplius

84 4064 145 4120 nisi
158 4061 228 4134 quod
240 4061 331 4117 rultet
350 4061 427 4132 facit.
445 4059 480 4115 ld
499 4061 570 4115 eninr
589 4061 675 4116 return
690 4061 776 4131 [acme
793 4059 883 4131 dispe·
933 4065 1011 4128 queat
1035 4072 1091 4112 esse
1113 4056 1194 4112 Deus.
1218 4055 1272 4114 Sed
1293 4075 1345 4114 nec
1364 4060 1433 4114 velle
1456 4060 1522 4132 quid
1543 4055 1597 4116 t'ale
1618 4061 1725 4119 decebit

88 4157 158 4220 suit,
168 4153 237 4226 qnod
256 4171 303 4225 per
321 4154 482 4210 uoluntatem
495 4153 617 4223 effectum
631 4151 728 4208 reddit.
739 4151 804 4208 llaec
821 4169 882 4222 erpo
933 4148 1007 4220 quod
1022 4147 1145 4204 futurum
1160 4149 1332 4219 prouidentia
1348 4150 1503 4216 abdicavit;
1519 4152 1657 4207 abdicavit
1673 4167 1726 4208 an·

88 4257 209 4319 quatuor
229 4247 278 4302 tali
290 4245 342 4302 silei
360 4244 461 4301 vinculo
476 4253 676 4309 connectuntur,
690 4254 719 4298 ut
733 4260 779 4299 nec
793 4243 881 4302 rede·
934 4247 988 4296 tem
1012 4240 1144 4312 quidquid
1166 4257 1221 4296 non
1238 4239 1284 4309 iit;
1311 4241 1380 4297 nihil
1399 4257 1465 4313 ergo
1487 4244 1551 4298 velit
1573 4245 1627 4300 nisi
1651 4246 1727 4316 quod

88 4347 196 4403 serant,
222 4354 269 4392 nec
291 4335 431 4401 excedant,
452 4336 547 4406 quippe
564 4344 590 4390 et
611 4334 781 4406 providentie
800 4333 883 4389 diuini
933 4332 1066 4396 evenerit,
1092 4332 1127 4388 de
1150 4347 1205 4404 quo
1229 4339 1348 4396 constat,
1371 4333 1440 4404 quaid
1461 4335 1549 4388 ontuiu
1565 4351 1723 4407 quecunque

89 4441 171 4486 actus
190 4430 302 4501 equalis
320 4437 360 4484 est
380 4435 508 4497 potestus,
531 4437 557 4482 ει
579 4427 705 4498 potestati
728 4425 884 4496 adaequatnr
934 4422 1016 4477 uoluit
1031 4422 1095 4492 fecit
1106 4420 1194 4495 (Paul.
1207 4437 1287 4487 cxrrr,
1303 4423 1331 4497 3)
1347 4421 1415 4495 (st),
1432 4423 1551 4479 bumana
1568 4434 1657 4481 autem
1672 4442 1723 4482 na-

90 4538 154 4575 curn
170 4521 272 4574 actione
285 4519 418 4583 uoluntas,
430 4516 500 4574 urrde
512 4519 589 4574 aiunt
602 4517 736 4573 uoluntate
746 4516 794 4571 ller'
807 4526 881 4587 pote·
898 4521 996 4576 utura
1010 4515 1048 4569 ita
1064 4513 1175 4570 condita
1190 4526 1241 4579 est,
1254 4520 1283 4568 ut
1298 4529 1360 4569 cum
1376 4514 1452 4569 nullo
1466 4515 1500 4569 ad
1515 4517 1612 4571 vitium
1626 4534 1724 4590 proro-

88 4621 193 4668 statem
206 4627 259 4666 non
274 4628 330 4667 esre
343 4611 483 4682 mojorem.
933 4616 1014 4663 cetur
1027 4607 1217 4672 incitamento,
1242 4613 1335 4662 tamen
1350 4607 1414 4662 mali
1429 4623 1478 4677 per
1496 4623 1526 4663 se
1540 4623 1653 4682 compos
1675 4627 1725 4666 ex·

129 4702 248 4770 Quodsi
262 4702 376 4759 dixerim
392 4717 453 4773 quae
468 4701 553 4767 Deus,
568 4708 599 4757 ut
619 4701 700 4757 modo
722 4708 797 4766 sunt,
816 4716 882 4773 pro-
934 4698 1053 4756 stiterit:
1069 4713 1165 4754 verum
1180 4713 1231 4754 nec
1241 4699 1342 4754 malnm
1358 4699 1454 4767 vitare,
1468 4716 1518 4756 nee
1530 4699 1631 4757 borium
1643 4704 1722 4768 velle,

89 4795 180 4861 ridet,
196 4795 275 4850 aliter
288 4793 443 4866 providisse
465 4795 566 4865 potuit,
588 4802 618 4849 ut
629 4794 709 4863 juxta
731 4794 803 4848 illam
820 4809 884 4864 pro-
933 4806 985 4847 nec
1000 4806 1062 4846 cum
1079 4790 1195 4846 voluerit
1221 4789 1274 4862 57
1296 4790 1427 4862 perficere
1447 4801 1540 4863 queat,
1560 4795 1616 4851 nisi
1635 4797 1725 4866 opitu-

89 4885 245 4941 ridentiam
260 4883 335 4939 aliud
345 4899 427 4955 quam
439 4900 512 4940 nuuc
527 4883 591 4940 velit
603 4891 631 4939 ει
650 4890 723 4954 agat,
737 4882 822 4938 libere
835 4898 885 4953 po-
934 4883 1009 4938 lante
1023 4881 1157 4948 Domino;
1172 4897 1236 4936 nam
1252 4883 1316 4953 quia
1331 4883 1432 4939 malum
1448 4899 1497 4956 per
1511 4901 1541 4941 se
1558 4886 1646 4942 vitare
1668 4904 1725 4944 non

90 4977 194 5045 tuerit;
210 4977 283 5048 quod
295 4977 405 5048 quidem
419 4977 569 5033 secundum
584 4977 612 5032 id
625 4977 697 5049 quod
714 4984 779 5033 tunc
794 4977 885 5048 provi·
934 4973 1048 5041 suflicit,
1066 4974 1141 5030 solus
1156 4975 1185 5028 in
1202 4972 1318 5031 Domino
1332 4976 1474 5033 confidens
1499 4979 1554 5034 ait:
1575 4977 1652 5034 Viam
1672 4981 1725 5034 ini-

90 5072 191 5128 dentia
204 5069 244 5124 sic
260 5069 381 5133 baberet,
397 5068 500 5124 bonum
510 5076 537 5124 ει
552 5069 714 5124 rationabile
727 5075 816 5124 esset:
837 5084 885 5124 ve·
934 5068 1044 5139 quitatis
1062 5085 1152 5122 arnone
1164 5085 1180 5122 a
1190 5085 1231 5123 me
1244 5067 1331 5140 (Psal.
1347 5085 1425 5136 cvrtr,
1440 5069 1496 5143 tu).
1515 5070 1593 5138 Quod
1609 5089 1675 5128 vero
1687 5073 1725 5128 ai·

91 5179 158 5219 rum
175 5161 324 5220 secondum
338 5161 367 5216 id
379 5160 453 5233 quod
465 5178 540 5217 nunc
554 5169 607 5227 est,
622 5162 722 5238 malum
734 5169 761 5217 ει
775 5161 886 5216 irratio-
936 5157 1024 5214 lectus
1038 5157 1104 5213 boni
1128 5172 1142 5212 a
1157 5157 1273 5214 Domino
1289 5157 1344 5216 Deo
1360 5168 1413 5227 est,
1434 5161 1527 5217 addit:
1551 5161 1656 5217 inclina
1679 5167 1737 5218 cor'

90 5255 189 5312 nubile
202 5261 255 5310 est.
935 5267 1022 5305 meum
1036 5251 1063 5304 iu
1083 5251 1233 5305 testimonia
1250 5259 1296 5305 tua
1311 5251 1412 5325 (ibid),
1431 5252 1502 5308 bona
1516 5253 1657 5309 voluntate
1667 5254 1725 5325 jam

131 5345 313 5418 Respondes:
327 5345 413 5400 Alteri
424 5345 595 5417 prouidentiae
612 5345 682 5415 apud
705 5344 790 5401 Deum
811 5346 884 5401 loeus
935 5351 1102 5416 preventus,
1115 5343 1163 5400 sed
1185 5343 1275 5399 adhuc
1297 5344 1371 5400 bono
1385 5361 1468 5417 opere
1489 5345 1725 5402 consummandus

90 5439 262 5510 precessisse
272 5455 324 5493 non
336 5440 432 5508 potuit,
444 5440 507 5510 quie
521 5440 577 5495 sine
597 5439 736 5509 hecquem
748 5455 817 5492 nunc
836 5436 885 5492 iro-
936 5436 997 5492 lusa
1012 5436 1046 5492 ad
1067 5434 1152 5492 Derim
1168 5452 1248 5508 prece
1269 5437 1376 5508 inquit:
1402 5437 1495 5496 Stutrtc
1515 5456 1588 5495 serre
1611 5451 1655 5494 tua
1671 5439 1726 5494 elo-

91 5531 147 5595 im,
160 5546 294 5601 nunquam
304 5531 405 5585 exstitit
413 5546 423 5595 ;
435 5547 482 5585 nec
492 5531 584 5585 amoos
595 5529 675 5585 simul
685 5527 782 5603 (secum
793 5530 885 5600 quippe
935 5529 1027 5600 quium
1038 5537 1112 5582 tuum
1126 5529 1154 5582 in
1171 5528 1263 5583 timere
1274 5539 1319 5583 tuo
1344 5527 1433 5602 (sote.)
1458 5529 1603 5601 Eloquium
1624 5531 1726 5603 quippe

131 5669 180 5810 ‘50
205 5666 334 5739 August,
350 5675 432 5724 tract.
451 5669 478 5724 in
495 5667 565 5740 psal.
580 5685 653 5736 xurv,
667 5677 695 5725 et
710 5671 785 5728 alibi.

92 5741 175 5870 lieri,¹
190 5737 288 5866 cmii„

304 5740 323 5794 1.
341 5756 397 5804 nar,
413 5739 452 5793 lle
465 5739 552 5805 civit,
569 5755 594 5795 c.
610 5742 821 5808 ts;1v,eontra
836 5739 885 5797 Ju-
936 5689 1043 5799 giwii.
1058 5671 1123 5800 leteris
1131 5671 1310 5818 'ligurium-ripis.
1321 5691 1350 5804 ξι
1369 5676 1725 5822 ἐφεὶνιὲῗξίῗᾱιιεῴιαῃ5’

277 5829 284 5878 ;
301 5811 349 5866 lib.
365 5809 403 5866 De
417 5820 536 5882 corrept.
549 5817 576 5866 ει
590 5827 685 5883 grac.
704 5813 732 5868 ll
745 5832 752 5880 ;
766 5812 885 5868 bebono
937 5816 989 5871 sibi
1006 5814 1075 5872 ialso
1092 5815 1251 5888 impositum
