3967 6334
114 377 159 432 533
563 365 598 422 tn
618 367 716 424 UNUbi
734 367 780 423 EX
799 367 966 436 pourton
986 369 1088 426 trouu
1107 370 1266 429 TERTIUS.
1674 383 1726 437 εει

112 485 265 544 luciatbona.
277 475 401 554 [iirsnou.
416 509 451 518 -
461 479 591 552 dunno]
605 480 652 537 Vel
666 482 704 536 ita
718 501 724 536 :
744 481 797 537 lste
812 482 878 536 ado-
892 489 915 544 ,ι
964 483 1115 540 Occasione
1132 486 1213 555 lrurjus
1227 486 1353 542 habentis
1369 487 1489 553 divitias,
1505 489 1655 562 ingreditur
1670 507 1727 552 ser·

112 583 202 636 escaus
215 584 241 630 et
256 574 329 630 dircs
341 581 368 629 ει
382 573 518 644 superbus
532 581 559 628 ει
575 582 695 629 tentator
708 582 778 640 erat,
799 584 882 647 utrque
936 590 1044 630 monem
1060 577 1093 632 de
1108 591 1190 630 auaro
1203 576 1254 632 sub
1267 578 1377 632 nomine
1391 578 1491 634 diuitis.
1511 579 1561 635 Ubi
1573 597 1639 653 crgo
1653 584 1725 640 dilii-

111 669 268 742 periochem
288 665 447 735 jactantiam
463 672 594 734 tanquam
618 665 739 734 glorians
763 667 791 720 in
813 667 881 737 iege,
936 667 987 722 cilo
1001 669 1088 738 ponit,
1112 683 1167 722 rron
1182 668 1429 737 impossibilitatem
1445 671 1597 742 praetendit,
1616 674 1665 730 sed
1681 692 1726 731 ra-

110 760 224 818 mentitus
245 763 285 810 εει
307 770 336 810 εε
365 754 493 810 mandata
518 756 682 812 custodisse.
709 754 790 812 lesus
805 773 882 823 uero,
935 759 1004 812 ritas
1017 759 1237 815 demonstratur:
1254 759 1397 815 difficulter
1406 762 1479 817 enirn
1493 763 1595 819 divitiae
1607 774 1725 822 contem

110 851 178 922 qnasi
195 861 255 902 vera
270 845 405 916 acciperet
419 846 502 900 uerba
515 845 599 910 illius,
619 845 713 902 docuit
723 863 783 918 quse
797 848 885 918 perle-
935 857 1047 914 uuntur,
1073 858 1100 906 ct
1115 851 1160 906 ris
1174 851 1272 922 aliquis
1286 868 1330 908 res
1347 854 1437 907 saecuii
1454 854 1514 911 sine
1530 858 1621 912 saeculi
1637 860 1725 930 ipsius

108 943 269 1000 stiouissunt.
281 937 411 993 Eloculis
423 937 628 1010 misericordias,
640 939 740 1008 quibus
756 940 884 1010 dignatur
935 938 1010 993 uitiis
1029 941 1194 1010 assequitur.
1219 939 1266 995 iim
1288 951 1351 996 sunt
1376 942 1448 996 onim
1465 945 1551 1014 spinae
1569 953 1596 1002 et
1616 948 1723 1014 tribuli,

109 1033 205 1103 impium
213 1027 370 1099 justificare,
387 1028 488 1098 quibus
503 1029 623 1100 respexit
636 1028 747 1084 Petrum
765 1037 794 1084 ιιι
808 1031 884 1088 ιιειει
934 1031 981 1100 qui
998 1046 1091 1086 semen
1108 1031 1155 1087 bei
1171 1031 1383 1098 sullocarerunt,
1398 1049 1482 1103 quare
1497 1043 1585 1092 tutum
1600 1047 1653 1105 est,
1673 1058 1725 1098 nec

106 1137 186 1178 snare
204 1119 273 1191 (luc.
287 1119 368 1190 xxrr),
388 1119 505 1174 intuitus
519 1127 561 1176 cst
573 1120 668 1183 istum,
692 1128 720 1176 ει
734 1121 772 1175 ita
787 1121 882 1178 dilexit
933 1119 1035 1177 habere
1050 1138 1099 1178 nec
1112 1124 1336 1180 antaredivitias.

108 1215 131 1268 ia
142 1228 171 1268 eo
182 1227 232 1266 uon
246 1210 317 1280 quod
327 1211 412 1292 prius
423 1217 483 1265 erat
499 1225 546 1280 per
560 1211 729 1282 superbiam,
748 1210 796 1266 sed
808 1212 882 1283 quod
969 1210 1004 1264 El
1018 1212 1115 1267 ilerum
1127 1211 1186 1266 dico
1202 1212 1272 1266 uobis
1286 1231 1295 1269 .-
1321 1213 1442 1270 Facilius
1464 1225 1503 1271 cst
1527 1220 1656 1274 camelum
1677 1237 1725 1292 per

106 1305 243 1374 coepitcsse
257 1318 306 1373 per
320 1302 447 1372 gratiam.
469 1300 610 1374 [Gnosso]
630 1300 712 1356 irrata
731 1303 783 1358 hoc
799 1303 882 1374 igitur
932 1301 1053 1370 foramen
1073 1320 1136 1358 acus
1158 1305 1273 1359 transire
1289 1320 1368 1375 quam
1390 1307 1497 1362 diuitem
1519 1310 1621 1365 intrare
1634 1313 1662 1366 in
1680 1329 1718 1366 rc-

106 1409 256 1468 quacunque
275 1392 407 1447 dicuntur
430 1393 464 1448 de
491 1393 697 1448 adolescentulo
717 1392 781 1460 illo,
808 1394 879 1449 acci·
931 1409 1010 1463 quum
1025 1394 1158 1450 aularum.

105 1486 187 1560 pienda
198 1491 257 1539 suut
271 1483 306 1539 de
318 1484 419 1553 populo
429 1481 553 1548 ludaico,
575 1482 621 1553 qui
637 1483 797 1539 adolescens
809 1491 878 1548 erat,
966 1483 1098 1550 Facilius,
1112 1485 1138 1540 id
1162 1493 1206 1542 est
1220 1486 1312 1541 miurus
1326 1486 1437 1544 dilheiie
1450 1497 1503 1554 est,
1519 1497 1547 1544 ει
1557 1490 1617 1546 idco
1631 1491 1722 1546 minus

105 1582 242 1644 nouatutc,
256 1573 436 1637 andletnan,
449 1572 603 1629 immaturis
617 1573 751 1638 moribus,
764 1589 818 1629 non
834 1590 880 1629 an·
929 1575 1048 1644 dilheiie,
1072 1577 1137 1647 quia
1156 1558 1248 1633 minus
1263 1577 1443 1648 impossibiie.
1462 1579 1662 1650 Impossibiiius
1679 1593 1723 1638 εει

104 1669 148 1724 nis.
163 1665 306 1722 Considera
320 1666 453 1736 quianon
468 1664 619 1734 interrogat
632 1663 696 1734 quid
710 1663 812 1730 credat,
829 1664 878 1720 sed
929 1667 1002 1724 euim
1021 1667 1152 1737 cupidum
1166 1667 1269 1723 intrare
1287 1668 1315 1722 in
1335 1683 1450 1739 regnum
1464 1671 1607 1736 coelorum,
1639 1687 1723 1742 quam

104 1761 158 1832 quid
169 1757 286 1814 iaciendo
298 1757 380 1816 vitam
392 1756 682 1826 aeternampossideat;
694 1759 758 1827 quia
767 1755 877 1814 Judaeus
928 1773 977 1827 per
991 1757 1114 1812 loramen
1128 1772 1195 1813 aeus
1210 1758 1330 1813 transire
1343 1760 1486 1815 camelum.
1506 1759 1634 1817 Charitas
1647 1764 1722 1818 euim

103 1867 166 1923 spem
188 1848 297 1904 omuino
323 1848 405 1903 habet
425 1849 455 1903 in
476 1847 604 1918 operibus
627 1846 685 1902 sine
711 1847 771 1904 lide.
799 1845 877 1903 Unde
893 1825 914 1878 B
928 1849 1009 1918 cujus
1023 1848 1149 1903 dilatatio
1160 1848 1252 1920 jungit
1266 1848 1333 1914 Deo,
1357 1852 1495 1906 contraria
1509 1861 1552 1909 cst
1566 1854 1720 1923 cupiditati,

103 1942 230 2015 hpostolus
248 1959 254 1994 :
269 1939 365 1994 Gorrles
376 1955 435 2010 qua
448 1956 500 1994 nan
510 1937 831 2008 sectabanturjuslitiam,
842 1940 876 1994 ad
928 1939 1009 2007 cujus
1022 1938 1148 2008 angustia
1163 1947 1271 2008 separat
1284 1954 1300 1992 a
1311 1939 1377 1994 lieo.
1395 1937 1471 1995 Sicut
1486 1957 1551 2012 ergo
1565 1944 1722 2013 impossibi-

103 2039 155 2110 leqis
163 2037 292 2108 justitium
304 2043 492 2104 perseueratum
506 2037 632 2108 quianon
643 2051 676 2090 aa
687 2037 819 2105 operibus,
831 2035 876 2092 aed
928 2028 1064 2084 lissimum
1084 2035 1128 2084 esi
1146 2029 1266 2098 nigrum,
1288 2029 1353 2084 dum
1373 2029 1454 2086 suerii
1475 2033 1595 2102 nigrum,
1617 2033 1719 2098 albere,

101 2127 189 2198 enfide.
205 2125 289 2180 lsrael
307 2136 396 2180 autern
410 2125 535 2180 sectando
556 2125 619 2197 legis
634 2127 781 2196 justitiam,
799 2129 827 2182 in
837 2128 876 2183 le·
928 2120 991 2189 (111ῑὶΙ
1007 2118 1115 2188 'ligium
1131 2119 1721 2194 31ὓῦθθῦῑῐθΐῑῑῑῐῦθθῑὶῗῑῧῦῑὴῑῑίῐῦῡθῦὅῑ·

100 2238 148 2294 μμ
159 2220 264 2290 jpgpipipp
284 2235 340 2273 non
359 2219 492 2289 perpenilg
512 2219 575 2289 (paria
595 2235 645 2272 nnn
660 2235 692 2273 gx
709 2219 772 2290 fide,
789 2220 835 2274 ,ΕΔ
845 2237 877 2274 gx
928 2207 1011 2263 UiUUS
1025 2217 1076 2271 esi,
1093 2224 1176 2279 qnam
1189 2209 1318 2281 cupidum
1336 2208 1392 2266 Del)
1404 2211 1482 2282 jungi
1494 2212 1559 2267 dunt
1575 2211 1657 2268 suerii
1671 2228 1721 2269 eli·

101 2311 203 2381 austun
218 2309 306 2382 (nom.
327 2309 379 2382 ιι).
403 2309 495 2363 rum
505 2308 612 2379 jisutn
628 2316 688 2373 ess,
709 2325 877 2382 cognoscere
928 2297 1019 2368 nidus·
1045 2296 1112 2364 linis
1126 2314 1182 2354 non
1202 2299 1275 2355 videt
1293 2302 1508 2371 comparationis
1517 2305 1626 2374 'stades
1647 2304 1721 2361 inter

103 2403 262 2469 Trinitatem
278 2401 443 2466 norissima,
458 2401 527 2456 benc
541 2401 659 2472 operari.
682 2399 815 2458 Natiuitas
827 2400 877 2457 Ju-
927 2387 1124 2460 imiiffisibffl?
1135 2391 1241 2464 [REM-i
1253 2391 1351 2464 Utique
1362 2395 1559 2465 lmissssibilitts
1569 2406 1612 2454 est
1620 2416 1721 2470 equum

99 2493 202 2550 deorum
216 2492 276 2556 luit,
293 2507 329 2547 es
345 2498 467 2561 tempore
480 2490 598 2546 Abrahae
613 2506 699 2562 usque
717 2492 751 2546 ad
773 2492 876 2548 exitum
928 2481 998 2534 verti
1012 2481 1041 2534 5¹¹
1056 2482 1173 2552 hiidem
1192 2497 1275 2553 quam
1286 2484 1315 2538 5¹¹
1329 2485 1453 2550 isinum,
1465 2503 1481 2541 ι
1495 2503 1549 2558 (1¹¹⁰
1564 2491 1656 2546 minui
1666 2489 1721 2545 dif-

99 2600 127 2640 ex
138 2581 254 2653 AEgypto,
268 2588 298 2636 ει
315 2595 401 2650 usque
417 2587 483 2634 tuuc
497 2577 548 2634 luit
561 2580 641 2651 quasi
656 2579 757 2636 inians,
779 2578 877 2636 inven-
928 2569 990 2625 lert.
1007 2569 1149 2637 Quomodo
1164 2589 1230 2644 ergo
1244 2574 1355 2644 plurimi
1368 2575 1468 2634 diuites
1487 2578 1658 2634 intrauerunt
1675 2597 1721 2636 re·

97 2683 136 2730 tus
145 2672 199 2736 luit,
210 2688 241 2728 er
252 2678 379 2742 tempore
390 2669 476 2741 hloysi
486 2685 574 2740 usque
588 2669 622 2724 ad
635 2685 724 2740 reges.
742 2669 874 2738 virilitas,
927 2675 1011 2730 dnum
1026 2660 1086 2728 Dei,
1103 2663 1156 2718 nisi
1179 2663 1257 2734 (tuta,
1281 2662 1336 2719 ⁰00
1356 2665 1517 2737 instillante,
1539 2669 1649 2726 dis-ilias
1668 2685 1720 2741 tiro

97 2781 124 2819 cs
139 2771 250 2834 tempore
263 2777 362 2833 regum
377 2775 463 2832 usque
483 2761 517 2816 ad
532 2761 802 2831 transmigrationem
824 2761 876 2817 na.
927 2749 1014 2807 nihilo
1027 2752 1205 2810 habuerunt?
1222 2754 1351 2826 Nunquid
1367 2756 1452 2813 David
1468 2758 1497 2813 in
1514 2759 1618 2816 diuitiis
1633 2761 1722 2817 conli-

97 2849 206 2922 byloniae.
219 2846 366 2911 Senectus,
382 2847 445 2902 iude
459 2862 546 2917 usque
556 2845 590 2901 ad
600 2845 751 2912 Christum,
766 2847 876 2918 quando
927 2840 1019 2907 debat,
1035 2842 1069 2897 de
1083 2843 1174 2914 seipso
1184 2858 1286 2900 canens
1296 2865 1310 2914 ε,-
1321 2846 1392 2913 Quia
1405 2849 1499 2903 unicus
1513 2858 1539 2902 et
1548 2865 1647 2920 pauper
1659 2867 1721 2914 sura

97 2949 207 2996 mortuus
225 2949 265 2998 est
279 2940 401 3011 populus
422 2940 478 3003 iiie,
500 2939 637 3010 propriam
653 2938 820 2994 interficiens
835 2937 876 2993 ui·
925 2949 972 3004 ega
988 2933 1076 3005 (Psal.
1092 2935 1179 3005 surr).
1204 2934 1280 2992 hlios
1294 2937 1376 2992 etiam
1391 2938 1428 2993 ita
1445 2939 1590 2997 hortatur:
1612 2941 1720 2999 liiuilioe

96 3039 151 3088 lam.
170 3030 296 3087 identitur
312 3045 378 3100 ergo
398 3029 471 3100 quod
485 3029 647 3086 custodierit
663 3028 790 3084 mandata
804 3045 819 3084 a
831 3030 877 3099 ju·
926 3033 951 3088 si
967 3031 1091 3102 affluant,
1108 3028 1188 3082 nolite
1203 3045 1248 3083 car
1262 3045 1391 3099 opponere
1407 3031 1493 3103 (Psal.
1512 3034 1580 3107 uxr).
1594 3033 1718 3107 hiystice,

96 3131 201 3188 scutulo,
218 3122 265 3180 sed
279 3138 334 3177 nec
348 3122 438 3177 adhuc
453 3119 573 3176 custodit
590 3120 617 3176 in
632 3127 782 3176 senectute.
796 3119 911 3208 Jcsusc
929 3123 1038 3179 facilius
1059 3126 1101 3176 cst
1115 3118 1257 3174 Christum
1276 3121 1332 3189 pati
1347 3137 1397 3191 pro
1415 3122 1594 3181 dilectoribus
1614 3128 1718 3194 εειειιιῖ,

96 3218 175 3264 ιιιιιειι
197 3210 322 3264 intuetur
336 3223 399 3262 eum
411 3213 439 3262 ει
454 3205 552 3277 diligit,
575 3206 603 3262 in
617 3205 669 3260 boc
684 3205 820 3272 uidelicet,
847 3213 877 3259 ιιι
927 3229 1009 3287 quam
1023 3212 1168 3267 dilectores
1189 3209 1282 3265 saecuii
1302 3211 1336 3266 ad
1355 3213 1493 3270 christum
1514 3217 1647 3274 converri,
1666 3219 1719 3274 (2³.

94 3303 202 3372 reliliuiae
215 3301 299 3357 ⁵³¹*ae
316 3300 392 3353 flim-
411 3296 533 3370 [ΠΜ]
549 3295 578 3352 ¹¹¹
592 3313 625 3352 ⁰⁰
639 3299 711 3368 ‘1⁰⁰⁶
727 3297 797 3353 b⁰¹¹²
815 3313 875 3376 sua,
926 3306 1015 3361 melus
1030 3303 1131 3358 dicitur
1145 3302 1284 3367 Christus,
1299 3303 1364 3373 quia
1378 3312 1475 3373 sponte
1489 3305 1659 3373 humiliatus,
1676 3311 1718 3366 in·

95 3390 198 3446 'endere
208 3398 234 3446 0²
243 3391 313 3446 dise
327 3388 494 3460 pauperibus
504 3386 537 3441 id
549 3386 743 3459 iissessiifflieffl
752 3387 875 3457 l'ssbeiffl's
926 3396 1064 3451 firmitatis
1075 3402 1177 3450 nostre
1186 3409 1270 3451 onera
1281 3395 1421 3452 sustinuit.
1429 3394 1507 3454 Unde
1516 3399 1599 3455 iliud:
1613 3400 1719 3468 Quanta

93 3483 271 3539 confidentiam
286 3484 358 3555 legis
373 3491 401 3540 et
416 3483 630 3548 sacrificiorum,
655 3483 756 3554 quibus
779 3497 878 3538 carna·
926 3504 1037 3560 maqnus
1052 3505 1096 3552 es,
1113 3485 1225 3540 humilia
1242 3494 1265 3540 le
1284 3487 1311 3540 in
1328 3486 1450 3542 omuibus
1471 3487 1566 3560 (Eccli.
1585 3489 1640 3562 ιιι).
1665 3490 1719 3549 Per

93 3576 147 3631 liter
157 3577 294 3641 utebatur,
314 3576 468 3646 relinquere
480 3575 652 3631 admonetur.
677 3573 776 3631 Omnia
798 3591 877 3630 man·
926 3594 1006 3634 aarum
1030 3577 1166 3649 significat
1185 3577 1349 3648 punctiones
1367 3580 1396 3634 in
1413 3579 1542 3650 passione
1563 3589 1717 3652 susceptas.

92 3667 181 3723 dautur
200 3668 273 3723 lelici
297 3668 465 3723 commercio
483 3667 594 3734 mutari,
617 3675 645 3722 ει
668 3673 698 3721 ιιι
720 3665 876 3722 ιιιειιιίιιειὶι
924 3664 1059 3720 Forameu
1078 3680 1143 3737 ergo
1165 3680 1232 3720 acus
1252 3665 1318 3721 dicit
1332 3668 1473 3739 angustias
1493 3670 1644 3739 passionis,
1663 3688 1718 3742 qua

92 3760 204 3814 umbram
217 3761 345 3816 veritatis
360 3759 387 3814 in
398 3759 438 3815 eis
449 3775 521 3824 esse,
533 3773 593 3828 quae
608 3757 736 3828 deinceps
747 3757 875 3828 gerstibus
925 3767 1032 3815 traturae
1053 3766 1156 3815 uoslrae
1180 3761 1258 3830 quasi
1284 3762 1371 3817 scissa
1394 3763 1557 3818 uestimenta
1583 3767 1719 3822 resarcire

90 3852 258 3922 spiritualiter
274 3851 444 3924 pauperibus
460 3851 515 3906 sint
530 3851 581 3905 sub
594 3849 681 3920 ipsius
696 3848 819 3919 corporis
832 3863 876 3902 re-
924 3852 1053 3923 dignatus
1074 3862 1127 3914 est,
1139 3849 1167 3904 id
1178 3858 1221 3907 εει
1232 3866 1360 3922 reparare
1370 3861 1432 3922 post
1445 3854 1561 3924 lapsum.
1575 3854 1717 3928 [Crasso]

90 3943 161 3998 ritate
177 3942 334 3999 diuidenda.
358 3941 421 3997 ilaec
446 3949 536 3995 autern
558 3940 694 3996 neminem
715 3954 796 4010 posse
818 3935 875 3993 effi-
924 3940 1028 3997 Aliter:
1044 3940 1165 3996 Facilius
1178 3949 1220 3997 εει
1234 3951 1328 4013 gentes
1352 3949 1492 4001 tortuosas
1506 3951 1600 4001 animo
1615 3947 1719 4002 intrare

89 4049 144 4089 cere
156 4033 269 4099 indicat,
287 4032 344 4088 nisi
358 4033 406 4104 qui
421 4032 498 4102 sequi
515 4031 630 4102 ooepcrit
639 4029 790 4086 Christum.
820 4027 874 4084 Sed
925 4048 973 4105 por
988 4040 1135 4104 angustum
1149 4033 1250 4088 ostium
1268 4033 1344 4104 regui
1362 4035 1492 4100 coeiestis‚
1514 4051 1596 4106 quam
1607 4036 1718 4094 iudaeos

87 4121 210 4180 luduicus
221 4124 352 4196 populus,
367 4123 469 4178 auditis
480 4122 534 4188 his,
549 4120 638 4178 tristis
652 4120 786 4176 recessit:
804 4119 874 4174 mui-
924 4123 1023 4179 divites
1035 4124 1108 4178 risos
1131 4122 1159 4177 in
1174 4123 1231 4193 iege
1250 4130 1278 4178 ει
1294 4123 1443 4194 prophetis.
1463 4123 1565 4181 (ἱειιιεε
1581 4127 1718 4183 habebant

87 4216 222 4272 tamenim
239 4213 387 4286 opulentias
401 4212 527 4268 liducianr
541 4210 658 4266 hahebat
671 4225 705 4265 cx
719 4210 787 4280 iege.
924 4213 1037 4285 gibbum
1059 4212 1228 4277 idololatriac,
1254 4213 1325 4269 sicut
1344 4216 1465 4272 camelus
1487 4216 1570 4272 habet
1592 4217 1715 4288 gibbum,

340 4325 371 4375 19
506 4321 618 4426 1qu
675 4319 722 4370 220
924 4306 972 4376 qui
987 4321 1043 4361 non
1059 4307 1192 4377 permittit
1210 4320 1273 4361 eum
1287 4306 1392 4377 erigere
1409 4308 1518 4364 collum.
1534 4309 1608 4366 Acus
1621 4319 1663 4367 εει
1674 4311 1718 4366 Fi-

236 4345 303 4432 Μ·
352 4400 369 4433 ¹¹
414 4344 468 4430 R·
626 4400 638 4426 ·
925 4395 979 4450 iius
996 4394 1054 4460 het,
1075 4396 1155 4465 cujus
1169 4395 1257 4466 prims
1272 4410 1336 4466 pars
1353 4397 1462 4454 subtilis
1475 4404 1503 4453 ει
1519 4406 1610 4468 acuta,
1627 4400 1716 4472 signi·

118 4487 181 4544 Cum
195 4489 317 4545 audisset
332 4499 418 4544 autem
434 4488 583 4542 adolescens
600 4485 715 4550 uerbum,
736 4484 801 4538 abiit
826 4485 874 4538 lri-
889 4502 912 4559 p
926 4485 989 4540 sucat
1008 4485 1177 4540 divinitatem
1198 4486 1275 4554 ejus3
1303 4487 1463 4552 novissima,
1487 4487 1714 4548 incarnationem.

85 4579 137 4635 atis.
149 4577 214 4634 Erat
225 4581 299 4635 anim
313 4578 384 4634 dirus
400 4580 485 4645 ualde,
499 4587 524 4633 et
535 4579 632 4632 mullos
644 4574 875 4647 possessioneslta-
925 4573 1012 4631 Totus
1034 4581 1076 4631 εει
1097 4582 1190 4631 rectus
1209 4574 1294 4633 Filius
1312 4575 1360 4631 Dei
1380 4584 1411 4631 ut
1434 4593 1510 4643 acus,
1536 4595 1591 4634 non
1611 4579 1716 4637 habens

85 4667 151 4726 leus.
925 4667 1084 4738 scrupulum
1099 4666 1216 4741 peccati,
1231 4682 1279 4737 per
1291 4667 1372 4736 cujus
1386 4668 1486 4725 urlinus
1497 4670 1635 4739 passionis
1650 4687 1716 4741 gen-

115 4759 189 4816 ilulti
203 4763 309 4836 quippe
323 4761 433 4818 divitias
444 4776 537 4816 amore
546 4759 595 4816 Dei
604 4757 874 4829 relinquunt,dolen·
924 4763 966 4814 tes
980 4759 1111 4828 ingressae
1121 4764 1185 4811 sunt
1197 4757 1226 4810 in
1239 4757 1324 4812 sitam
1337 4763 1477 4812 eternam.
1495 4758 1537 4814 Ab
1548 4773 1582 4814 eo
1599 4766 1717 4815 consuta

83 4856 221 4908 testamen
236 4861 267 4910 et
280 4851 386 4908 flentes.
402 4851 477 4907 Licet
490 4851 564 4909 enim
579 4848 734 4920 proximum
747 4849 871 4919 diligant,
924 4856 967 4904 est
980 4847 1193 4903 immortalitatis
1218 4847 1331 4912 tunica,
1355 4863 1416 4919 quae
1437 4851 1579 4906 conscissa
1599 4857 1659 4907 erat
1686 4850 1715 4905 in

82 4942 181 5013 seipsos
194 4945 259 5015 jure
277 4945 368 5016 magis
383 4942 510 5014 diligunt,
530 4949 558 4997 et
571 4942 632 4997 ideo
647 4941 705 4998 suis
722 4939 818 4996 usibus
831 4939 874 4994 di·
924 4938 1021 4994 Adam.
1037 4937 1088 4993 liic
1099 4953 1166 4993 acus
1175 4939 1285 4994 consuit
1298 4939 1425 5008 spiritum
1435 4939 1522 5007 carni,
1533 4947 1562 4995 ει
1570 4938 1714 4994 ludaicum

82 5033 156 5088 ritias
167 5036 262 5106 potius
272 5035 388 5105 cupiunt
401 5049 483 5105 quam
497 5031 569 5096 aliis,
584 5031 684 5104 quibus
698 5037 789 5086 tamen
800 5036 874 5087 totas
924 5029 1054 5101 populum
1069 5029 1172 5099 gentili.
1189 5027 1267 5084 Unde
1279 5026 1446 5099 Apostolus:
1472 5029 1533 5100 lpse
1545 5038 1584 5084 est
1596 5043 1651 5099 pas
1663 5045 1714 5083 na-

82 5119 257 5192 distribuunt,
274 5130 404 5180 mouente
418 5123 474 5178 Deo
487 5137 568 5193 quem
583 5121 635 5177 sibi
651 5119 810 5192 praeierunt.
827 5119 874 5177 Sic
923 5129 991 5186 stra,
1015 5121 1061 5191 qui
1075 5119 1137 5189 lecit
1156 5127 1269 5190 utroque
1281 5136 1362 5174 unum
1385 5119 1492 5192 (diplas.
1508 5119 1550 5191 u).
1576 5117 1627 5174 iiic
1647 5134 1714 5176 acus

81 5218 105 5265 et
120 5222 254 5286 martyres
270 5229 383 5271 caruem
398 5229 477 5271 suam
491 5214 622 5269 nimirum
643 5227 725 5283 quam
745 5213 871 5283 diligunt,
924 5210 1062 5280 copularit
1076 5209 1211 5278 diruptam
1235 5209 1385 5265 amicitiam
1404 5210 1561 5280 angelorum
1576 5215 1604 5262 ει
1624 5208 1714 5264 homi-

82 5300 154 5356 inuiti
167 5302 207 5375 [iu
217 5305 301 5378 rita.]
315 5305 448 5378 martyrio
458 5302 647 5372 tradunt3scd
657 5309 749 5359 tamen
760 5310 873 5374 propter
923 5317 1007 5370 num;
1029 5302 1075 5355 bic
1095 5315 1161 5355 acus
1181 5299 1238 5371 ligit
1255 5308 1283 5356 et
1303 5300 1462 5372 pertransit,
1484 5305 1512 5355 ει
1536 5299 1637 5356 uulnus
1657 5315 1712 5356 uon

79 5387 161 5446 licum
176 5393 292 5450 tradere
306 5410 361 5450 nou
376 5395 514 5450 dubitant.
922 5391 998 5448 lacit.

113 5479 147 5534 El
161 5484 381 5555 circumspiciens
394 5485 483 5554 lesus,
498 5485 535 5539 ait
546 5482 683 5553 discipulis
697 5482 769 5537 suis:
786 5482 873 5550 Quam
958 5483 1064 5540 Aedilis
1085 5491 1173 5537 eutem
1187 5482 1229 5536 his
1243 5482 1369 5552 discipuli
1381 5481 1549 5537 mirabantur
1563 5481 1648 5546 uulda,
1669 5481 1702 5534 di

79 5568 179 5640 difficile
192 5577 241 5646 qul
255 5576 539 5647 manaucandum,
555 5577 583 5631 in
597 5591 705 5646 regnunt
716 5572 766 5628 lici
780 5575 873 5630 introi·
923 5585 1027 5633 nates:
1043 5574 1108 5642 Quis
1124 5589 1186 5646 erqo
1201 5575 1297 5642 polerit
1312 5573 1401 5628 saluus
1414 5576 1494 5631 esse?

80 5658 156 5716 lunt!
169 5665 258 5722 Amen
271 5665 332 5723 dico
345 5668 428 5736 uobis,
442 5670 506 5740 quio
518 5667 589 5724 diues
603 5665 706 5736 difficile
720 5665 830 5720 intrabit
844 5667 873 5722 iu
960 5664 1067 5739 [Brun]
1078 5663 1437 5721 intellexeruntdiritiarum
1446 5670 1591 5727 amatores,
1603 5661 1711 5718 etiamsi

80 5765 183 5824 equum
195 5757 329 5817 celarunt
467 5803 469 5808 .
926 5772 982 5813 non
1003 5756 1132 5824 habeant,
1154 5755 1184 5814 in
1198 5755 1313 5812 divitum
1334 5769 1448 5812 numero
1465 5751 1601 5824 deputari.
1626 5751 1712 5808 utitor
