3967 6334
12 2713 22 2734 ·
117 2687 197 2756 priua
210 2696 323 2756 teinpme

122 301 196 358 tots
482 304 515 365 b.
536 304 618 361 libs.
639 302 812 362 baruchi>
826 305 1123 364 cessaverimus,
1146 337 1178 348 ·-
1197 305 1231 362 m
1252 305 1317 366 llB.
1338 307 1379 364 lll.
1686 307 1757 376 illd&

121 421 262 494 scrupulis
269 421 444 494 lanqualeni,
456 424 663 482 celeberrimam
672 424 744 479 banc
754 424 856 481 iniexit
864 424 920 482 dis-
933 450 958 506 Α
972 431 1027 488 tui,
1043 423 1139 481 ordine
1149 425 1333 481 exsecutionis
1347 431 1374 480 et
1395 424 1544 483 existentiae
1563 423 1639 496 prius
1659 436 1756 482 natura

121 495 284 551 tinctionem
296 495 710 560 interordinemintentionis,et
720 496 917 563 exsecutionis;
970 510 1082 550 carnem
1094 495 1180 552 luisse
1191 502 1369 564 assumptam,
1385 511 1466 565 quani
1481 502 1552 552 esset
1564 497 1683 550 animata
1697 500 1757 552 ani-

121 565 178 620 hoe
192 565 271 634 prius
297 575 468 638 assumptam
481 581 497 620 a
512 565 602 622 l'erbo
614 581 743 633 carnem;
767 567 813 622 illo
841 566 918 638 prius
969 581 1015 620 ma
1028 566 1152 621 rationali
1164 585 1170 621 :
1183 566 1256 636 quod
1266 564 1360 622 Pullus
1372 567 1530 638 simpliciter
1553 565 1663 632 latetur,
1681 569 1757 624 nullo

120 637 245 698 animam
259 636 312 705 ipsi
325 639 442 703 unitam,
457 635 648 692 demonstraus
657 656 665 692 ι
674 636 749 707 quod
759 636 859 707 ipsum,
870 636 919 692 sed
969 635 1062 692 habito
1074 645 1199 707 respectu
1210 638 1243 693 ad
1254 637 1378 692 ordinem
1390 638 1583 701 exsecutionis,
1604 647 1651 692 aut
1668 637 1757 696 inten-

120 709 185 762 siue
197 706 261 761 ullis
271 709 417 763 verborum
444 708 607 772 involucris,
629 706 784 763 concedens
811 705 916 774 Pullus,
968 707 1063 770 tionis,
1078 709 1243 778 incognitam
1268 715 1315 763 aut
1336 709 1484 776 insuetam,
1497 717 1528 763 ut
1546 710 1602 779 jain
1625 708 1756 778 diximus,

118 791 156 833 cc
192 793 224 832 us
236 777 314 848 prius
327 786 500 849 assumptum
513 779 628 838 latetur:
637 779 756 832 animam
765 777 916 849 posterius.
969 778 1089 848 antiquis
1100 779 1255 834 dialectum.

183 862 219 902 on
232 849 317 918 igitur
330 849 365 904 ad
381 864 459 906 norae
483 850 665 906 scholastices
689 848 820 904 amussim
839 856 918 905 uetus
1006 846 1244 904 llsaiuheitomnle
1256 847 1518 918 praeiveiatSuarea,
1529 849 1756 908 doctissimoriro

118 916 284 989 dirigenda;
298 919 419 991 alioquin
427 921 568 992 plerisque
588 920 616 973 in
635 918 706 975 locis
730 918 917 976 insultandum
968 915 1038 988 lapis
1052 919 1221 988 offensionis,
1232 919 1278 990 qui
1297 919 1399 990 pariter
1410 920 1522 976 alteram
1533 937 1589 977 suae
1600 922 1756 978 conclusio-

119 1000 197 1044 esset
209 989 342 1046 doctrinae
351 990 543 1062 quorumdam,
559 997 730 1060 qiicstamen
746 991 817 1047 inter
840 990 918 1045 tlieo-
968 989 1013 1044 nis
1025 999 1130 1060 partein
1143 989 1400 1054 docetessedelide
1413 990 1517 1046 seilicet
1527 1007 1673 1060 neeeorpaa
1681 993 1756 1062 prius

121 1060 140 1112 h
169 1074 279 1114 orama
300 1062 357 1118 ices
385 1062 484 1118 merito
505 1075 691 1118 recensemus.
707 1058 838 1129 Exemplo
862 1061 918 1115 sint
969 1071 1133 1130 assuniptaui
1144 1078 1222 1132 quoru
1235 1063 1331 1116 anirum
1343 1061 1446 1114 arritum
1460 1081 1466 1118 :
1479 1061 1581 1133 disput.
1596 1062 1640 1128 lb,
1656 1071 1754 1134 quaest.

120 1075 252 1187 sibonis
289 1147 387 1203 agnus,
401 1133 449 1203 qui
463 1131 498 1188 de
511 1129 808 1188 transubstantiatione
819 1132 918 1192 eueha·
969 1128 997 1190 6,
1012 1141 1063 1187 art.
1079 1133 1105 1196 t,
1119 1133 1239 1188 sectione
1251 1133 1277 1196 5,
1292 1131 1413 1186 camelus.
1430 1132 1528 1202 prima.
1542 1131 1598 1189 Cur
1619 1141 1709 1188 autem
1723 1135 1757 1198 de

118 1201 218 1257 ristica
229 1200 344 1272 loquens
358 1204 412 1257 ait:
429 1202 509 1258 Saluo
518 1201 623 1257 meliori
629 1200 742 1271 judicia,
758 1200 824 1255 utilit
845 1201 917 1257 uide·
968 1199 1304 1272 hdeiNespundetSuarez
1319 1201 1435 1270 :imita
1445 1201 1554 1258 delinita
1566 1205 1594 1258 iii
1606 1205 1701 1275 quinta
1712 1221 1754 1277 ιιι,

120 1283 169 1324 aar
181 1271 252 1343 qaod
266 1273 334 1327 nihil
348 1283 468 1330 remanet
479 1272 512 1328 da
523 1272 674 1328 substantia
693 1272 770 1341 panis
794 1282 820 1328 et
844 1273 916 1327 uiui:
967 1271 1041 1326 nodo
1054 1273 1125 1344 apud
1135 1272 1247 1344 Niceph.
1261 1273 1314 1328 Sed
1323 1275 1488 1329 contrarium
1500 1275 1615 1343 probant
1625 1275 1699 1328 allati
1710 1291 1757 1340 ea,-

119 1351 150 1398 et
157 1341 256 1399 Petrus
263 1343 298 1399 de
307 1342 402 1399 hliacc
411 1344 572 1408 cardinalis,
582 1343 631 1415 qui
640 1343 718 1396 illuiii
727 1342 799 1397 idem
807 1342 915 1414 dogma,
967 1357 1053 1398 nones
1068 1359 1099 1398 er
1113 1342 1278 1414 Nicephcio,
1293 1351 1320 1398 et
1340 1344 1429 1399 dubie
1451 1355 1516 1400 sunt
1531 1346 1712 1401 auctoritatis.
1728 1349 1759 1399 2³

120 1421 154 1466 ut
167 1429 242 1468 nuuc
255 1429 272 1468 a
285 1415 420 1485 theologis
433 1415 597 1485 explicatur,
612 1414 683 1468 iuter
692 1413 837 1483 opiniones
857 1429 917 1468 ma-
966 1409 1093 1480 belutia,
1110 1415 1208 1485 inquit,
1220 1414 1247 1469 iii
1259 1422 1334 1470 sexta
1350 1415 1454 1486 synodo
1464 1417 1491 1469 iii
1502 1417 1582 1506 epist.
1592 1415 1755 1488 Sophi·onii;

119 1485 164 1554 gis
178 1484 334 1556 probabiles
347 1492 461 1542 censet:
477 1492 505 1539 at
516 1485 619 1556 opinio,
634 1483 740 1538 habitur
749 1493 788 1539 eat
804 1485 848 1540 eoi
861 1501 915 1540 non
967 1483 1016 1539 sed
1026 1501 1091 1540 iium
1108 1483 1278 1556 Sophronias
1295 1485 1397 1540 arbiter
1408 1485 1488 1541 hilei?
1504 1485 1572 1540 hum
1586 1487 1660 1543 illius
1673 1489 1754 1558 epist.

119 1564 250 1626 remanat
262 1555 367 1611 subesse
377 1555 486 1627 salsam.
497 1553 565 1622 Quis
577 1564 669 1611 tamen
683 1554 916 1636 illisaequussuc·
966 1570 1113 1626 germanus
1121 1564 1164 1612 est
1179 1571 1276 1612 seusus
1292 1571 1308 1609 a
1329 1555 1415 1612 Suare
1426 1557 1566 1612 intentus?
1586 1573 1652 1612 nuni
1673 1558 1707 1612 ad
1729 1557 1757 1614 id

119 1634 234 1681 censeat
247 1626 284 1681 ob
294 1626 406 1682 modum
418 1625 556 1696 loquendi,
567 1641 649 1697 quem
664 1625 709 1678 alii
731 1624 806 1696 (quia
820 1626 860 1681 sic
875 1623 914 1682 le·
966 1625 1137 1696 probandum
1148 1627 1218 1682 lecta
1231 1635 1258 1684 et
1271 1626 1384 1698 probata
1396 1627 1456 1698 ejus
1470 1628 1604 1698 epistola?
1617 1637 1643 1684 et
1657 1635 1756 1684 caetera

119 1696 201 1750 rebat
213 1707 291 1761 atas,
306 1699 390 1754 rebus
399 1697 560 1768 theologicis
570 1695 691 1752 nondum
706 1694 786 1765 plene
799 1695 916 1753 deseca·
967 1705 996 1751 ut
1010 1711 1101 1766 supra.
1117 1698 1145 1752 3⁰
1157 1696 1282 1762 Delmita,
1293 1698 1392 1767 inquit,
1407 1699 1436 1753 in
1447 1699 1562 1754 consilio
1576 1697 1717 1770 Ephesinc
1727 1697 1756 1754 ih

118 1766 170 1838 tis)
187 1769 260 1822 ultro
278 1767 446 1823 condonant.
465 1767 550 1823 llulto
572 1767 661 1838 magis
684 1767 859 1835 peccaverim
877 1767 915 1822 illi
931 1801 953 1857 B
967 1781 1073 1825 canone
1089 1768 1132 1824 ia.
1147 1767 1201 1823 Sed
1213 1768 1305 1827 nullus
1315 1769 1397 1838 hujus
1408 1771 1517 1825 concilii
1526 1769 1648 1825 decimus
1658 1771 1755 1826 tertius

118 1836 261 1894 tiodiema
276 1839 419 1912 theologiae
433 1839 614 1909 professores,
635 1835 688 1893 viri
707 1844 782 1892 certe
795 1837 916 1908 percele·
967 1851 1073 1904 canon;
1089 1838 1232 1894 duodecim
1244 1840 1317 1900 enim
1340 1845 1447 1894 tantum
1471 1841 1615 1911 leguntur:
1638 1849 1665 1895 et
1685 1841 1756 1896 lorte

119 1907 186 1964 hies
200 1909 247 1979 qui
258 1925 308 1979 pro
345 1911 483 1976 sirionem,
498 1908 612 1965 Pullinae
632 1908 796 1978 oppositam,
820 1909 916 1964 dicunt
967 1923 1023 1963 uon
1034 1908 1272 1972 advertitSuarez,
1287 1925 1350 1965 eum
1364 1926 1445 1982 queni
1461 1913 1593 1980 spectavit
1604 1911 1704 1976 locum,
1721 1929 1755 1968 eii

119 1994 186 2035 esse
194 1979 229 2036 de
237 1979 299 2042 lide,
324 1980 488 2036 icetnullum
500 1977 915 2050 Scripturaelocumprclerant3
965 1979 1082 2049 epistola
1098 1979 1192 2052 Gyrilli
1208 1982 1241 2037 ad
1255 1979 1411 2038 Nestorium
1432 1981 1605 2051 desumptum
1624 1996 1693 2036 esse.
1720 1983 1754 2040 ht

120 2051 402 2106 nullosconciliorum
412 2066 545 2113 canones,
556 2052 612 2106 nisi
626 2049 696 2105 duos
710 2049 772 2105 illos
786 2050 858 2119 apud
867 2049 915 2104 Ni·
965 2065 1021 2120 quo
1033 2067 1114 2108 sensu
1127 2052 1319 2124 intelligendus
1329 2051 1375 2117 sit,
1389 2053 1566 2122 superiusest
1575 2050 1752 2108 insinuatum.

119 2121 284 2191 cephorum,
299 2123 426 2194 superius
436 2137 584 2192 expensos,
598 2135 669 2191 quos
682 2119 761 2174 Pullo
775 2118 915 2176 liberalius
1003 2118 1055 2176 Sed
1070 2123 1319 2193 quisnonmiretur
1332 2122 1361 2176 in
1378 2123 1429 2178 hac
1440 2123 1522 2179 etiam
1542 2123 1601 2178 luce
1621 2121 1755 2194 caligasse

118 2189 214 2247 lavere
226 2199 330 2247 eertum
345 2200 401 2259 est;
412 2199 443 2246 ut
467 2199 495 2248 et
515 2192 623 2263 epistol.
648 2189 806 2262 Sophronii,
825 2192 915 2246 locum
966 2187 1140 2248 Guillelmum
1148 2193 1254 2252 Estium
1264 2192 1292 2248 in
1303 2209 1345 2258 iii,
1358 2193 1422 2248 dist.
1431 2193 1459 2257 ι,
1471 2193 1484 2266 5
1496 2191 1513 2248 6
1524 2194 1754 2264 sulumobjiciens

118 2259 257 2334 l'ulgentii
267 2263 302 2320 de
311 2263 363 2318 lide
374 2263 410 2318 ad
421 2261 664 2334 Petrum,cap.l8,
677 2269 706 2316 et
713 2258 751 2316 Gr
784 2262 836 2318 orii
845 2277 914 2318 iiiii
965 2269 1061 2322 contra
1074 2262 1181 2326 Pullum
1190 2263 1405 2338 Nicephorianos
1415 2279 1545 2330 canones,
1557 2276 1583 2320 et
1593 2263 1682 2320 locuni
1693 2262 1755 2319 Ful-

117 2330 358 2404 iloral.cap.ii,
377 2333 701 2404 quospariterallerunt,
796 2334 826 2388 in
848 2347 914 2388 con-
965 2335 1051 2460 ssegnffi
1063 2333 1100 2400 lle
1111 2335 1174 2401 llde,
1189 2349 1215 2397 c·
1228 2334 1272 2401 18,
1285 2335 1331 2406 qui
1343 2335 1752 2412 prorsusimpertineiitessunt.

117 2404 237 2458 tranium
252 2419 366 2476 prorsus
377 2403 648 2470 sensumdistortos;
660 2404 685 2459 si
703 2403 856 2474 praesertim
880 2404 915 2461 de
1015 2407 1167 2462 canonibus
1176 2406 1215 2460 illi
1221 2405 1278 2476 jam
1290 2405 1397 2462 abunde
1409 2405 1524 2462 dietum.
1533 2405 1573 2461 Eu
1585 2407 1674 2461 locum
1688 2405 1751 2482 Ful·

117 2475 276 2532 canonibus
288 2476 344 2530 illis
357 2473 405 2530 hat
418 2476 530 2531 mentio.
964 2475 1066 2546 gentili
1081 2495 1090 2527 ι
1108 2475 1277 2536 Firmissime
1289 2485 1351 2532 teiie
1362 2485 1390 2532 et
1400 2477 1556 2532 nullatenus
1566 2477 1674 2533 dubites
1698 2493 1754 2534 non

157 2544 298 2617 Siquidem
309 2546 439 2600 Nicotaus
450 2544 630 2601 isembertus
642 2544 671 2599 in
681 2550 801 2602 tractatu
822 2541 915 2606 Delii-
964 2560 1075 2602 earnem
1090 2546 1192 2604 Christi
1204 2547 1264 2604 sine
1282 2547 1424 2604 divinitate
1445 2554 1605 2618 conceptam
1627 2549 1656 2604 iii
1675 2554 1754 2604 utero

117 2616 280 2672 dannatione
294 2617 327 2671 ad
355 2623 433 2671 uaest.
448 2616 476 2679 6,
492 2623 568 2671 arti
586 2630 729 2686 quaereus:
745 2613 914 2674 Uaramearo
965 2613 1087 2688 Virginis
1116 2619 1276 2742 priusaBiam
1302 2619 1488 2690 susciperetur
1514 2634 1530 2672 a
1553 2617 1671 2686 Verbo;
1706 2619 1754 2674 sed

335 2633 915 2757 ?aeritosaarnptaquannaninra,·veleccu·
964 2686 1055 2756 ipsum
1068 2687 1185 2744 Verbum
1222 2703 1352 2744 eumsuae
1370 2688 1463 2746 carnis
1489 2688 1647 2760 acceptione
1663 2687 1753 2762 '327

116 2759 237 2812 tiaran
252 2773 311 2814 aera
323 2757 522 2829 otraqaeaimut
532 2757 613 2826 [aertt
624 2755 909 2826 assumptalliespon·
963 2765 1143 2828 conceptum,
1162 2759 1304 2829 ipsamque
1324 2775 1435 2816 earnem
1454 2757 1536 2815 Verbi
1563 2760 1753 2830 incarnatione

116 2828 167 2883 det
181 2828 209 2884 iii
222 2830 311 2912 prima
323 2828 526 2899 propositione:
553 2828 679 2882 «Anima
706 2827 789 2898 326
809 2826 913 2882 Christi
963 2835 1134 2899 conceptam.
1151 2828 1239 2896 »Quae
1258 2830 1365 2900 singula
1388 2846 1450 2886 cuni
1474 2831 1502 2886 iii
1518 2830 1585 2900 ipsis
1600 2831 1682 2887 etiam
1702 2839 1755 2888 ter·

118 2897 230 2954 llomini
240 2915 296 2955 non
310 2899 362 2955 luit
376 2900 454 2970 prius
476 2909 600 2970 tempore
622 2905 764 2968 assumpta
789 2912 805 2950 a
824 2895 914 2952 Verbo
965 2899 1049 2954 niinis
1063 2899 1181 2954 lateatur
1195 2899 1300 2963 Pullus,
1313 2916 1379 2956 num
1394 2901 1467 2958 serio
1482 2907 1578 2956 contra
1599 2899 1687 2972 ipsum
1702 2916 1752 2971 pc-

116 2984 295 3039 quamcarc;
307 2977 355 3025 aut
367 2976 497 3026 econtra:
512 2969 561 3026 sed
582 2968 674 3024 anima
694 2975 723 3023 et
746 2981 812 3022 caro
831 2968 913 3023 simul
964 2977 1074 3024 ruerunt
1088 2970 1197 3041 urgeri?
1212 2969 1327 3042 Sumpta
1341 2971 1413 3027 enini
1428 2971 1514 3036 abeo,
1528 2972 1618 3026 carnia
1629 2973 1751 3038 nomine,

116 3048 148 3093 et
162 3042 257 3097 eodem
267 3049 391 3113 tempore
402 3047 542 3111 assumpta
556 3036 793 3095 lueriiutalleibo
804 3036 910 3095 Divino.
962 3039 992 3094 iii
1026 3039 1137 3122 propria
1172 3041 1372 3112 significatione
1406 3043 1456 3114 (uti
1492 3041 1654 3099 sumendum
1691 3057 1753 3099 esse

116 3107 191 3165 'l'ota
204 3113 355 3184 propositio
371 3119 416 3166 est
428 3108 464 3166 de
472 3109 541 3166 lide:
555 3125 616 3168 eam
627 3108 699 3166 enini
718 3108 850 3166 habemus
863 3111 912 3165 de·
963 3110 1119 3184 conmndit)
1151 3127 1218 3167 nuni
1249 3113 1415 3170 luculentius
1449 3112 1592 3184 sullragari
1619 3113 1753 3186 potuisset

116 3181 226 3237 linitam
242 3185 271 3238 in
285 3181 486 3263 sextnsgnodo.
497 3179 566 3236 Nam
577 3180 721 3262 undecima
731 3179 792 3249 ejus
805 3155 946 3260 actionec
964 3179 1145 3252 Fulgentius?
1169 3190 1200 3237 ut
1213 3190 1241 3238 et
1255 3183 1304 3238 lib.
1322 3182 1360 3240 he
1379 3182 1526 3248 incarnat..
1554 3198 1614 3308 oali.
1638 3184 1674 3240 a:
1688 3183 1753 3250 lura

114 3252 237 3322 epistola
251 3251 397 3324 Sophronii
411 3259 454 3308 est
465 3253 594 3322 perlecta,
605 3258 634 3308 et
649 3250 754 3306 decima
769 3258 849 3306 tertia
863 3265 912 3306 ae·
964 3253 1085 3322 acceptia
1109 3253 1216 3318 earnis,
1243 3251 1293 3322 fnit
1319 3255 1449 3323 conceptio
1477 3253 1578 3325 uirgina
1591 3256 1625 3316 ir,
1649 3252 1683 3312 Et
1709 3255 1752 3310 in-

114 3323 196 3380 tione
209 3325 369 3395 approbata,
379 3324 473 3393 inqua
492 3323 609 3378 habetur
619 3335 759 3392 expresse,
777 3335 830 3376 nec
852 3322 913 3376 ani-
961 3319 1005 3377 lra
1023 3341 1029 3377 :
1052 3320 1108 3386 Nea
1127 3339 1190 3378 aare
1201 3324 1256 3383 siue
1270 3323 1405 3380 Vertillea'
1418 3324 1535 3380 unitione
1546 3325 1632 3393 potnit
1651 3325 1753 3396 aliqua-

114 3409 193 3448 ntam
209 3395 311 3451 Gliristi
324 3394 442 3456 bomini,
457 3393 581 3463 uecejus
593 3407 704 3448 earnem
719 3393 913 3462 praeexstitisse
963 3402 1048 3458 ιιιιιιι,
1070 3392 1170 3450 nullius
1191 3394 1242 3450 riri
1261 3397 1331 3450 coitu
1348 3395 1489 3462 seminata,
1508 3394 1537 3448 in
1555 3396 1648 3450 intima
1669 3397 1752 3454 uulua

114 3466 216 3521 unioni
233 3465 412 3522 adverbum.
428 3462 525 3528 Simul,
555 3464 593 3518 ibi
615 3462 705 3534 inquit
729 3460 910 3533 Sophronias,
960 3464 1098 3535 virginatis
1120 3465 1232 3520 innasci.
1255 3464 1318 3520 Non
1337 3474 1376 3521 est
1395 3467 1476 3536 igitur
1497 3465 1604 3537 aliquod
1628 3467 1752 3535 temporis

114 3537 213 3607 qnippe
225 3553 299 3597 aare,
314 3536 393 3592 simut
404 3533 453 3589 Dei
468 3533 545 3589 Verbi
558 3551 632 3590 earo.
656 3531 744 3588 Simul
766 3549 829 3588 caro
852 3536 912 3590 aui·
961 3534 1131 3596 interuallum
1155 3535 1341 3590 uatiumndum
1361 3537 1430 3592 iuter
1442 3547 1571 3606 concepta:
1592 3537 1679 3598 carum
1699 3537 1752 3592 ini·

114 3619 195 3661 naara
206 3607 358 3668 rationalis,
373 3605 452 3661 simul
465 3604 516 3660 liei
534 3604 613 3660 Verbi
623 3620 685 3659 earo
695 3605 815 3658 animata
828 3607 912 3660 ratio·
964 3606 1048 3671 tium,
1074 3614 1099 3668 et
1123 3606 1298 3675 concipienda·
1320 3605 1472 3677 llajentatir
1502 3605 1651 3668 aduentum.
1685 3607 1754 3676 Quae

115 3677 202 3733 nath.
218 3677 252 3732 Et
262 3678 335 3749 apud
352 3675 547 3747 Nicephorum,
560 3676 580 3730 l.
591 3689 650 3730 xvii
666 3673 750 3738 llist.,
762 3690 788 3730 c.
801 3674 848 3738 28,
864 3691 910 3732 se-
960 3683 1036 3733 certe
1059 3676 1082 3734 si
1106 3675 1263 3758 discrepent
1288 3679 1408 3734 auctoris
1430 3695 1523 3743 sensu,
1548 3679 1684 3734 lateaiitur
1704 3679 1753 3737 alii

114 3747 228 3804 cundus
243 3750 295 3805 iste
311 3763 401 3803 canon
418 3748 521 3818 quintee
533 3745 631 3818 synodi
646 3744 780 3801 retertur:
796 3744 827 3801 Si
851 3747 911 3817 puin
960 3747 1050 3805 lucem
1072 3761 1088 3802 a
1104 3747 1162 3802 sole
1175 3748 1332 3806 discretam.
1355 3747 1445 3804 Unum
1460 3749 1548 3805 adhue
1564 3749 1668 3820 prolert
1684 3746 1753 3808 ore-
1827 3763 1829 3770 ⁴

113 3818 186 3876 dicit
197 3827 244 3873 aar
255 3820 334 3874 sentit
345 3817 579 3874 animamltomini
588 3816 786 3886 praeartitisae,
796 3817 911 3871 unitam-
959 3817 1029 3889 gorii
1045 3818 1135 3873 locum
1149 3819 1193 3873 l8.
1209 3816 1320 3882 itcrat,
1342 3834 1402 3890 cap.
1421 3819 1469 3886 27,
1485 3830 1546 3878 ante
1569 3819 1649 3876 linem
1670 3817 1753 3892 (male

112 3905 169 3960 qne
182 3906 238 3945 esne
250 3891 298 3945 lin·
313 3889 396 3944 l'erto
407 3897 468 3943 ante
477 3887 702 3950 lucarnationanr,
711 3895 736 3940 et
745 3887 909 3944 nativitatem
960 3887 1035 3958 apud
1047 3904 1110 3944 eum
1124 3889 1213 3959 capite
1224 3890 1273 3955 55,
1288 3889 1356 3948 alias
1368 3890 1430 3962 56).
1453 3891 1501 3947 sed
1516 3906 1571 3960 quo
1584 3890 1672 3961 magis
1687 3905 1752 3946 sua·

112 3975 152 4013 aa
167 3960 283 4031 Virgine.
296 3960 436 4015 anathema
447 3960 493 4014 sit.
509 3979 518 4014 ι
540 3957 603 4013 llaee
617 3956 812 4026 isambertum
826 3958 910 4014 nihil·
960 3958 1041 4014 detur
1058 3958 1127 4014 Pulli
1144 3961 1289 4025 sententia,
1303 3970 1418 4026 atcerte
1431 3962 1586 4016 mirandum
1605 3977 1661 4018 ιιοιι
1674 3961 1710 4017 sit
1727 3963 1751 4017 si

113 4046 173 4100 que
183 4032 258 4086 aliud
267 4031 383 4086 ulterius
394 4029 499 4102 proleit
523 4035 571 4084 aut
589 4045 623 4084 ex
639 4026 798 4097 Scriptura,
817 4039 864 4083 aut
875 4045 909 4086 ei
959 4029 988 4088 iii
1001 4029 1173 4086 aduersarios
1188 4046 1253 4088 suos
1267 4031 1439 4086 commodum
1459 4032 1524 4088 illud
1547 4031 1750 4089 Deuteronomii

113 4102 326 4173 conciliis;qiio
333 4103 429 4173 probet
438 4107 524 4154 totam
535 4115 613 4156 suam
625 4100 839 4170 propositionem
846 4114 910 4157 esse
959 4100 1064 4161 vibret:
1081 4100 1186 4155 inimici
1196 4101 1282 4157 nostri
1301 4112 1361 4157 runt
1378 4102 1482 4166 'adime
1501 4101 1639 4172 Siquidem
1654 4110 1750 4158 contra

113 4174 154 4228 de
164 4171 225 4227 lide.
237 4173 272 4225 At
286 4173 349 4243 quis
362 4187 417 4226 nou
430 4171 521 4226 rideat
530 4171 565 4226 iis
578 4170 685 4225 duobus
696 4170 773 4233 locis,
783 4184 845 4224 cuin
856 4168 908 4225 So-
959 4168 1115 4226 Nestorium
1138 4186 1222 4241 agens
1234 4187 1267 4228 eo
1286 4171 1339 4228 loci
1358 4120 1514 4297 A‘ffmm'
1531 4172 1654 4228 eamdem
1667 4189 1749 4244 quam

111 4244 238 4314 plironii,
254 4251 311 4297 tuni
322 4242 476 4312 Nicephori,
491 4257 539 4297 seu
552 4241 655 4311 quintae
668 4242 764 4312 synodi
775 4239 808 4311 (si
821 4249 911 4309 poste-
960 4250 1067 4308 auctor,
1088 4240 1265 4312 questionem
1285 4251 1385 4307 versat,
1421 4251 1535 4313 ocetque
1548 4242 1615 4296 nihil
1630 4243 1750 4298 hominis

112 4314 177 4369 rior
186 4315 250 4376 iste,
260 4315 451 4384 supposititius
465 4326 520 4366 aco
530 4311 679 4437 estgsolum
695 4311 738 4381 agi
748 4309 911 4366 eontrallri-
959 4310 988 4366 in
1003 4313 1112 4368 Christo
1132 4311 1217 4370 luisse
1232 4313 1299 4384 quin
1313 4313 1406 4369 statim
1421 4311 1510 4370 Verbo
1525 4312 1581 4368 Deo
1595 4313 1749 4383 personali-

112 4387 285 4456 genem,qui
296 4385 410 4454 putabat
425 4384 544 4437 animam
589 4381 668 4438 bristi
695 4380 803 4436 Domini
823 4385 909 4438 multo
958 4389 1002 4437 ter
1020 4384 1160 4450 uniretur,
1182 4383 1234 4455 qui¹
1252 4392 1398 4454 perpetuus
1422 4381 1536 4438 Pullinm
1557 4383 1750 4454 disputationis

113 4465 243 4525 tempore
255 4455 449 4526 praeexstitisse
463 4454 556 4508 unioni
570 4452 675 4522 eiusad
689 4451 817 4508 verbum.
832 4451 907 4508 Prae·
960 4467 1071 4524 scopus.
1096 4452 1159 4510 Nan
1176 4470 1258 4523 parur
1282 4454 1369 4520 Ιιοιιιο,
1394 4453 1482 4524 inquit
1505 4453 1665 4524 Gregorius,
1686 4470 1750 4511 aaa·

111 4535 194 4582 terea
223 4541 258 4581 ex
277 4527 393 4596 epistola
412 4524 558 4594 Sophronii
576 4525 644 4579 nihil
668 4522 742 4577 aliud
768 4523 906 4588 concludi,
922 4515 946 4571 D
960 4533 1050 4594 ceptae
1065 4535 1142 4596 atque
1160 4525 1257 4590 editus,
1267 4534 1326 4595 post
1339 4541 1385 4596 per
1396 4527 1528 4589 nutritam,
1544 4534 1573 4578 nt
1586 4525 1655 4580 liena
1669 4534 1748 4586 esser,

110 4611 200 4668 quani
216 4597 335 4651 animam
345 4603 373 4653 et
386 4611 496 4650 earnem
506 4611 560 4652 non
574 4595 652 4665 prius
664 4593 802 4651 exstitisse
825 4609 907 4664 quain
958 4597 1072 4665 accepim
1096 4595 1141 4650 sed
1164 4597 1301 4652 nuntiante
1321 4595 1411 4666 angela
1426 4605 1450 4650 et
1464 4595 1616 4660 adveniente
1635 4594 1747 4666 Spiritu,

110 4668 263 4723 unirentur
277 4665 368 4721 Verbo
389 4665 458 4721 Dei?
480 4665 536 4721 Nec
561 4666 596 4720 ad
623 4664 697 4720 aliud
724 4665 906 4736 probandum,
957 4681 1019 4720 moe
1033 4665 1144 4722 Verbum
1157 4669 1280 4730 inaura,
1291 4668 1433 4721 monintra
1444 4666 1663 4721 utentherbnni
1674 4682 1747 4724 cara.

110 4753 180 4793 eam
189 4738 284 4793 citarit
292 4736 481 4798 isambertus.
490 4736 604 4792 dumsie
615 4737 654 4790 ait
666 4756 672 4791 :
685 4734 719 4790 ln
729 4751 907 4807 quaeapresae
957 4733 1021 4792 llaec
1042 4737 1079 4792 ibi
1094 4735 1252 4807 Gregorius,
1267 4738 1390 4808 nihilque
1407 4748 1548 4807 praeterea.
1570 4737 1640 4792 Num
1656 4743 1692 4792 ab
1706 4736 1750 4792 his

110 4807 238 4872 habetor,
252 4825 299 4862 nee
309 4809 427 4862 animam
438 4807 538 4863 Gliristi
549 4806 667 4866 Domini.
679 4823 725 4861 nec
734 4806 791 4875 ejas
801 4823 906 4861 earnem
955 4808 1084 4863 dissentit
1097 4815 1201 4868 auctor.
1212 4807 1283 4863 Num
1294 4807 1388 4866 eadem
1403 4817 1560 4864 constanter
1569 4824 1622 4864 non
1632 4807 1751 4879 ingerit?

130 4880 305 4935 raeastitisse
317 4879 411 4933 aniani
429 4877 465 4932 ad
487 4876 609 4933 Verbum.
629 4876 708 4944 Quod
724 4878 813 4947 ipsum
833 4878 906 4934 ultro
955 4877 1052 4935 Nonne
1070 4879 1246 4936 tamamicus
1263 4876 1393 4951 Gregorio
1408 4878 1512 4944 Pullus,
1537 4895 1618 4950 quam
1635 4887 1750 4949 uterque

108 4894 325 5007 Nateturl'ullus
338 4949 446 5005 abunde
468 4948 632 5020 suffragatus
654 4956 712 5003 tutu
740 4946 904 5018 Sophronia,
955 4948 1082 5005 Nestorio
1099 4947 1240 5004 intensus?
1264 4948 1335 5005 Num
1356 4951 1441 5021 igitur
1459 4952 1573 5018 erroris,
1596 4951 1747 5011 haereseos.

108 5030 176 5077 tum
186 5022 290 5092 quinte
300 5022 414 5092 synodo,
424 5020 489 5074 dum
499 5028 594 5076 mutia
604 5017 748 5093 Origeuem
759 5024 841 5082 tenet,
851 5035 906 5074 non
954 5018 1747 5092 blaspliemiaedrimriandaejussententia,cumotheologi.

109 5093 236 5148 animam
251 5093 338 5164 prius,
354 5107 404 5146 nec
414 5106 513 5162 corpus
528 5092 606 5161 prius
613 5089 752 5146 exstitisse
764 5089 792 5142 in
807 5090 906 5160 seipsis
955 5106 973 5144 o
993 5092 1114 5161 positam
1130 5090 1203 5146 illius
1219 5093 1343 5148 asseritis
1361 5100 1391 5146 ut
1411 5092 1443 5150 da
1463 5093 1524 5160 fide,
1539 5107 1590 5148 nee
1610 5091 1753 5162 probatis?

133 5178 199 5218 uairi
210 5162 463 5225 lierbounirentur,
474 5161 620 5232 sedipsuni
631 5160 906 5229 carnipriusunitum
980 5177 1046 5217 aceo
1057 5160 1208 5226 Canisium,
1232 5160 1421 5234 Vasquezium,
1445 5161 1593 5218 llieiatium
1608 5169 1635 5217 et
1656 5161 1749 5232 plures

108 5181 294 5304 ‘'uissequam
304 5233 421 5304 animae,
432 5247 483 5288 nee
502 5233 580 5286 carni
596 5230 696 5295 solum,
716 5232 765 5285 sed
777 5238 805 5285 et
819 5232 907 5302 ipsius
956 5233 1026 5288 alios
1040 5231 1095 5302 qui
1109 5231 1290 5302 theologicum
1312 5233 1385 5288 istud
1406 5234 1537 5304 placitum
1558 5231 1642 5305 (quod
1655 5240 1748 5287 tamen

108 5304 209 5360 caruis
223 5305 383 5359 seminario.
405 5301 548 5359 Debuisset
561 5317 628 5372 ergo
645 5299 825 5357 isembertus
849 5303 906 5372 pri·
955 5302 1130 5366 verissimum
1149 5305 1225 5374 puto)
1250 5303 1321 5359 inter
1341 5303 1401 5358 lidei
1422 5305 1550 5375 dogmata
1572 5318 1746 5366 recensuere,

107 5391 189 5431 inani
200 5381 306 5429 tantum
322 5391 379 5430 siim
391 5373 699 5446 propositionispartem
712 5387 835 5427 asserere
844 5388 907 5428 esse
956 5372 985 5428 in
1015 5375 1119 5429 riouiim
1131 5371 1286 5444 opinionem
1301 5375 1431 5458 gregatim
1447 5382 1553 5432 euntes.

107 5447 150 5501 de
164 5444 217 5500 tide
226 5453 323 5499 contra
332 5444 487 5515 origenem,
496 5445 601 5500 seilicet
611 5443 730 5496 animam
741 5441 906 5498 Cliristinon
992 5390 1144 5514 thuidem
1157 5443 1253 5500 animae
1266 5459 1377 5515 quiores
1388 5444 1532 5504 inPullum
1547 5446 1599 5500 boc
1610 5460 1654 5500 aii.
1666 5443 1752 5508 lest,

105 5514 203 5573 luisse
217 5517 294 5585 prius
304 5523 427 5586 tempore
437 5522 637 5585 assiimptama
656 5511 745 5568 Verbo
755 5528 836 5582 quam
847 5529 908 5568 car·
955 5514 1074 5572 ridiiuii‘s
1088 5514 1228 5584 theologos
1251 5514 1418 5572 Parisieuses
1446 5523 1504 5571 tuin
1527 5515 1754 5572 eminentissimae

105 5601 197 5651 rieni;
212 5601 267 5641 non
283 5595 374 5641 autem
391 5585 552 5650 sermidam,
570 5599 632 5655 qnae
646 5584 680 5638 de
705 5584 846 5653 prioritate
861 5600 907 5640 as·
956 5585 1131 5650 damasium
1145 5586 1226 5656 regiae
1235 5585 1371 5649 Navarra,
1382 5585 1482 5656 quibus
1493 5587 1564 5642 hane
1578 5587 1638 5659 ejus
1649 5587 1748 5642 dantui-

104 5658 283 5728 rumptiouis
293 5658 405 5712 carnisl
442 5658 534 5722 uitur;
546 5670 608 5710 cum
622 5669 654 5710 ea
665 5655 757 5708 onmia
772 5669 907 5725 quapro·
957 5671 1021 5710 iiam
1038 5655 1122 5725 probe
1134 5657 1224 5712 nactis
1239 5665 1267 5712 et
1282 5657 1424 5721 assecutis,
1445 5657 1513 5712 nihil
1528 5656 1641 5730 dignum
1657 5657 1746 5723 obelo,

105 5673 564 5798 teri,i”tlamtantmnp20Nent;de
577 5727 629 5780 ista
641 5725 907 5795 veronihilpenitus
957 5736 1006 5780 aut
1023 5725 1144 5782 interiori
1165 5727 1285 5783 anchora
1305 5729 1392 5785 risum
1413 5737 1466 5793 est,
1492 5730 1515 5784 si
1534 5727 1664 5799 depresso
1684 5737 1747 5786 tau-

104 5801 213 5858 atlerat
223 5803 281 5855 toto
292 5815 326 5856 ea
340 5801 439 5870 capita.
453 5796 511 5854 liiio
522 5804 573 5855 ait.
586 5797 603 5852 9
616 5798 741 5867 sequenti
757 5797 828 5854 ultro
839 5794 907 5851 late·
958 5798 1044 5869 tisper
1059 5797 1188 5855 nouitatis
1204 5799 1366 5872 riperedio,
1390 5800 1568 5872 depositoque
1588 5804 1751 5874 quatitans
