3967 6334
235 312 305 369 trus
800 310 938 369 SUGERll
956 312 1103 371 teraris
1123 315 1152 378 S.
1172 315 1322 373 nlonrsll
1757 335 1813 395 ggpp

231 439 316 499 quam
337 424 370 481 de
383 426 455 497 regis
476 428 572 482 aerario
585 427 628 488 rel
644 441 674 484 te
694 426 813 497 publica.
824 424 893 486 llam
907 443 1016 483 omnem
1031 434 1054 492 Α
1067 429 1186 500 linguam
1202 430 1354 487 delator'um
1373 432 1495 489 dolosam
1510 433 1632 501 incurrit,
1642 453 1657 491 a
1669 439 1754 509 qnibm
1775 462 1814 505 me

233 516 389 589 mennam,
402 532 463 589 qum
476 518 510 574 de
528 516 602 574 lisois
615 518 772 579 solvebatur
787 518 880 589 regiis,
895 520 1018 590 peregri·
1070 518 1195 576 Salvator
1207 522 1337 577 immunis
1350 520 1410 578 luit.
1426 522 1510 578 Fama
1521 524 1649 596 siquidem
1662 544 1815 601 percurrente,

231 611 311 667 stanti
337 610 395 683 regi
410 617 456 665 aut
483 610 637 683 transmisit
649 616 696 670 aut
715 610 874 676 reservavit,
895 611 1019 682 cogitans
1068 626 1129 682 quar
1152 612 1275 683 quotidie
1298 622 1326 669 et
1348 612 1382 669 de
1398 614 1480 671 bonis
1501 615 1583 681 mala,
1596 618 1667 675 etde
1683 621 1817 685 malisbom

234 702 313 774 longe
326 703 415 773 posito
429 703 547 773 plurima
560 700 727 767 necessaria,
740 708 768 761 et
781 708 811 759 ut
826 718 887 773 quse
895 717 1019 767 reserva·
1069 716 1119 757 sua
1143 702 1273 760 facilitate
1290 704 1430 778 contingit,
1441 706 1564 777 quaedam
1578 706 1611 765 de
1625 710 1669 767 illo
1679 714 1751 785 regiis
1769 734 1818 791 aug.

233 803 329 853 rentur
342 811 467 867 regresso
480 810 536 851 non
553 794 612 851 lore
626 793 772 865 superflua.
1069 802 1145 871 gesta
1168 802 1233 852 sunt
1246 796 1369 864 auribus,
1392 812 1453 869 quae
1464 797 1537 869 regis
1550 800 1666 856 animun
1684 803 1818 875 sinplicm,

269 886 313 943 ll.
325 886 413 958 liujus
421 887 530 945 decreto
538 886 718 944 ecclesiastici
733 887 775 943 rel
789 885 1020 953 dabantur-bono·
1069 896 1096 943 et
1111 886 1226 943 aliorum
1237 887 1351 945 allectus
1365 904 1398 945 er
1412 904 1463 945 suo
1472 892 1646 947 mentientem
1655 892 1820 969 aliquantisper

234 995 279 1037 res
293 978 336 1035 sel
362 979 574 1036 detrahebantur
601 977 716 1049 singulis
732 978 851 1049 :quippe
876 978 957 1049 cnjus
974 995 1020 1041 as·
1069 978 1257 1043 1111111111111111-
1275 978 1329 1037 Sed
1342 994 1405 1037 culn
1418 979 1550 1045 bdelium,
1565 989 1593 1037 el
1605 982 1821 1053 taruennicam

235 1086 319 1129 sensu
341 1071 575 1127 consecrationem
600 1070 760 1127 obtinebant
773 1071 852 1126 electi
866 1070 1018 1141 pontitloes,
1070 1070 1185 1137 aliorum
1204 1072 1343 1137 orationes
1361 1074 1420 1145 regi
1442 1088 1601 1145 prosperum
1617 1074 1778 1135 obtinuissent
1788 1096 1821 1138 re-

234 1160 316 1231 culas
328 1169 396 1215 nutu
406 1160 605 1216 ordinabantur
627 1160 750 1215 abbates.
759 1159 870 1232 Absque
882 1161 936 1218 ulla
951 1160 1021 1216 invi·
1070 1162 1166 1237 ditum,
1181 1172 1208 1226 et
1222 1165 1261 1230 illi
1275 1163 1623 1239 Romamappropinquanti
1632 1167 1686 1238 jam
1698 1168 1822 1230 dictuallo-

234 1253 281 1311 dia
304 1252 363 1309 sine
379 1253 479 1308 rubore
493 1252 584 1322 aliquo
598 1252 623 1322 ei
634 1251 820 1307 subdebantur
847 1253 977 1324 episcopi,
993 1255 1020 1309 ei
1070 1270 1169 1321 manus
1182 1258 1348 1323 occurrisset
1356 1257 1489 1328 pontifex,
1505 1260 1577 1315 inter
1588 1259 1674 1330 prima
1686 1261 1766 1317 statim
1775 1280 1822 1321 nr·

234 1344 402 1414 deserebant,
428 1344 453 1411 et
477 1344 617 1416 parebant,
632 1342 672 1409 Eo
682 1351 798 1399 vocante
810 1344 1019 1411 conveniebant,
1070 1354 1124 1409 tuac
1140 1348 1369 1415 contabulationis
1390 1350 1482 1417 verba,
1498 1352 1536 1407 ira
1550 1351 1625 1408 hume
1642 1354 1695 1425 regi
1708 1356 1823 1427 magnilae
1929 1358 1930 1373 ¹

234 1436 344 1509 quaudo
372 1436 521 1504 dimisisset
548 1434 578 1503 ip
600 1450 652 1500 sua
679 1434 1021 1507 recedebant‚gaudentes
1071 1455 1121 1512 pro
1133 1442 1239 1502 meritis
1259 1458 1329 1515 papa
1343 1442 1535 1509 commendare
1560 1444 1672 1508 studuit,
1692 1452 1720 1501 ut
1740 1447 1824 1520 baguas
1929 1484 1930 1521 3

234 1526 435 1599 111011111110
456 1526 520 1583 11113
538 1524 635 1592 felesti
659 1526 797 1591 inventus,
811 1526 859 1597 qui
871 1527 949 1599 ¹08¹ss
972 1542 1022 1582 0¹1·
1070 1534 1281 1595 obtrectantium
1291 1549 1405 1606 propsus
1417 1535 1585 1599 consederet,
1597 1543 1625 1592 et
1637 1536 1768 1594 mendaces
1777 1540 1825 1599 illut
1929 1534 1930 1551 ¹

234 1635 295 1690 ram
307 1634 380 1676 nnus
392 1631 442 1691 pro
454 1618 582 1675 omnibus
593 1617 729 1685 8118111111
742 1617 889 1675 1111111111·
1071 1626 1235 1692 ostenderet,
1251 1627 1298 1699 qni
1311 1628 1398 1695 virum
1412 1628 1550 1699 egregium
1564 1628 1707 1696 maculare,
1719 1636 1743 1683 et
1754 1630 1825 1701 splen-

270 1711 304 1770 V.
320 1711 415 1768 Tantae
427 1712 511 1784 igitur
535 1714 596 1785 eius
612 1715 751 1789 probitati,
766 1725 793 1772 et
805 1722 889 1781 tante
902 1716 1021 1787 pmrden·
1070 1718 1165 1775 dorem
1179 1718 1252 1775 illius
1262 1718 1396 1777 obuncare
1409 1719 1501 1777 eonati
1511 1725 1585 1775 sunt.
1598 1717 1637 1773 lta
1648 1717 1741 1775 lactum
1753 1730 1795 1787 est,
1802 1732 1825 1777 ut

234 1804 291 1869 tiae,
318 1820 442 1864 summus
472 1808 712 1877 congratulabatur
737 1807 872 1879 pontiiex;
898 1808 967 1865 adeo
991 1815 1022 1864 nt
1036 1782 1057 1837 B
1072 1810 1318 1868 buneinvidianon
1331 1811 1419 1869 solum
1432 1826 1488 1867 non
1501 1810 1825 1878 teneraemondensis

235 1895 369 1967 quidquid
378 1897 407 1951 iu
417 1896 513 1954 Galliis
540 1898 679 1966 decretum
693 1898 791 1968 fuisset
805 1900 840 1966 at)
851 1900 914 1964 isto,
928 1898 1023 1956 Rome
1072 1902 1132 1973 ejus
1141 1902 1307 1960 incrementa
1323 1902 1472 1963 cortierret.
1486 1901 1555 1959 Nam
1570 1918 1635 1965 rer,
1646 1903 1752 1959 scritate
1770 1920 1826 1960 con·

223 1987 490 2057 ,paturnhaberetnn
506 1997 533 2051 et
545 1990 677 2062 quitquid
693 1998 756 2052 ante
772 1991 845 2057 hauc
859 1992 1022 2071 sumpsisset
1072 2002 1160 2067 perta,
1175 2001 1202 2051 et
1216 2004 1271 2051 tam
1285 2011 1318 2052 er
1329 1996 1544 2067 operibusquam
1556 1994 1779 2066 papantestimonio
1789 1994 1827 2051 ide

237 2080 357 2145 initium,
369 2081 425 2146 illic
439 2082 524 2138 robur
546 2084 692 2152 acciperet.
711 2083 781 2144 Huic
796 2084 927 2155 singulari
943 2084 1023 2139 lami·
1072 2088 1124 2143 siri
1138 2089 1259 2158 cognita,
1273 2103 1336 2143 cum
1347 2088 1420 2143 hune
1435 2086 1696 2159 anteprolectlonem
1709 2086 1827 2157 plurimun

235 2170 356 2227 ilaritate
381 2185 451 2241 papa
470 2171 608 2228 scribebat
631 2172 780 2245 Eugenium
795 2172 874 2237 llunc
886 2174 944 2233 suis
972 2173 1024 2229 ire-
1073 2176 1223 2244 dilexisset,
1251 2178 1325 2234 omni
1345 2176 1402 2248 jam
1418 2178 1580 2251 ,suspicione
1596 2177 1716 2242 sublata,
1736 2178 1827 2248 anplius

236 2271 354 2335 quenter
379 2263 618 2327 adhortationibus
642 2267 803 2333 roborabat,
826 2267 896 2322 nibil
912 2267 969 2338 jana
983 2268 1023 2333 illi
1074 2276 1135 2341 post
1153 2269 1285 2334 reditum,
1300 2269 1453 2341 utdignnm
1468 2279 1544 2335 erat,
1558 2268 1652 2331 dilexit
1666 2276 1692 2325 et
1703 2268 1827 2327 honorarit.
1929 2262 1930 2269 '

236 2354 396 2426 imperando
406 2355 562 2429 inJungens,
578 2358 625 2415 sed
637 2365 667 2419 ut
676 2358 875 2426 rerumlatear,
884 2359 1025 2422 humiliter
1074 2361 1173 2429 Quidni
1183 2362 1327 2433 diligeret?
1339 2362 1435 2433 quidni
1449 2363 1523 2431 omni
1534 2361 1640 2427 honore
1652 2359 1754 2433 dignum
1764 2362 1828 2417 balle·

236 2445 452 2506 obsecransllie
466 2450 519 2507 sibi
531 2450 695 2508 fiducialiter
710 2452 832 2523 injuncta
848 2453 1022 2525 adimplebat,
1073 2460 1115 2509 ret
1130 2468 1203 2519 eum,
1218 2454 1265 2525 qul
1280 2469 1370 2512 rerum
1390 2469 1523 2511 summam
1537 2454 1590 2509 sibi
1603 2452 1729 2513 creditam
1744 2459 1830 2511 strente

237 2539 286 2611 ille
295 2544 493 2613 cooperabatur
506 2545 670 2609 auctoritate
684 2545 799 2602 indulta.
811 2545 845 2600 Et
858 2562 919 2617 quae
931 2543 1025 2603 Rornae
1075 2553 1101 2603 et
1116 2545 1231 2603 fideliter
1249 2547 1328 2615 rexit,
1350 2554 1432 2617 atque
1449 2560 1511 2602 carn
1525 2561 1594 2617 pace
1603 2552 1631 2609 et
1643 2544 1782 2617 integritate
1798 2558 1830 2599 re·

235 2635 381 2691 terminari
408 2651 464 2692 non
489 2644 626 2708 poterant,
647 2639 758 2709 saepein
772 2639 853 2695 istius
880 2638 1026 2710 praesentia
1076 2638 1265 2710 consignavit?
1286 2638 1386 2706 Quidni
1417 2638 1602 2709 praecunctis
1622 2652 1651 2693 se
1674 2634 1829 2699 illicrederet,

237 2728 404 2799 condignum
415 2730 512 2785 sortita
529 2738 594 2787 sunt
609 2731 766 2786 terminum.
781 2729 911 2802 Quisquis
930 2731 1027 2803 legerit
1076 2747 1155 2801 quem
1168 2745 1223 2803 prae
1234 2731 1339 2787 cacteris
1354 2730 1459 2810 iidclem
1481 2730 1624 2802 probarit?
1636 2727 1730 2784 llilesit
1748 2741 1829 2791 resera,

237 2827 349 2878 mutuas
369 2820 480 2878 illorum
503 2822 643 2893 epistolas,
654 2831 681 2878 et
691 2823 793 2895 scripta
808 2825 904 2881 crebro
917 2824 1026 2880 discus·
1076 2821 1181 2889 dilexit,
1192 2830 1220 2878 et
1234 2830 1366 2895 quantum
1377 2823 1502 2879 dilexerit
1523 2822 1649 2893 probavit
1668 2819 1758 2877 esitus.
1771 2816 1831 2881 llam,

239 2912 340 2978 realia,
356 2912 436 2969 lacile
464 2914 595 2985 intelliget
609 2922 712 2985 quanta
732 2914 815 2971 luerit
827 2916 940 2984 alterins
954 2914 1026 2985 apud
1077 2914 1149 2970 sicut
1162 2921 1263 2970 norunt
1274 2914 1394 2985 plurimi,
1409 2921 1437 2969 et
1450 2914 1511 2969 viro
1525 2919 1552 2967 et
1570 2918 1679 2967 mortuo
1693 2910 1791 2983 gratiam
1800 2923 1832 2962 re·

239 3005 356 3062 alterum
373 3006 536 3072 reverentia,
551 3007 613 3077 quis
626 3006 724 3073 bonor,
735 3022 796 3079 quae
808 3000 922 3064 llducia.
1078 3008 1149 3063 tulit.
1161 3006 1199 3062 Er
1212 3008 1257 3064 illo
1268 3008 1324 3078 jnm
1341 3013 1529 3079 temporetam
1544 3019 1560 3059 a
1574 3004 1676 3077 populo
1690 3016 1763 3073 quam
1776 2998 1832 3071 prir-

275 3096 320 3153 vl.
335 3095 438 3153 Deinde
469 3113 532 3153 eum
548 3104 613 3153 ante
634 3098 708 3169 regis
721 3098 838 3153 reditum
865 3096 1028 3169 contigisset
1040 3138 1062 3197 C
1077 3100 1138 3172 cipe
1151 3099 1232 3156 Pater
1246 3100 1397 3171 appellatus
1409 3106 1451 3155 est
1464 3098 1568 3170 patriar,
1586 3104 1617 3153 et
1626 3095 1660 3152 ab
1672 3092 1784 3151 omnibus
1797 3104 1834 3161 pa-

231 3188 352 3247 ·11111111111
366 3189 485 3246 1111118111
506 3188 703 3261 111110101111111
726 3187 960 3260 11111111111111111
973 3195 1028 3253 Sit·
1071 3194 1145 3249 riter
1160 3192 1286 3249 maximis
1309 3194 1467 3250 meritorum
1484 3190 1649 3248 efferebatur
1664 3187 1752 3245 titulis.
1771 3182 1834 3239 Puta·

237 3278 291 3335 rim
304 3279 460 3350 populares,
474 3279 522 3351 nui
535 3278 570 3336 au
584 3294 655 3335 nora
669 3278 748 3335 laerte
761 3279 946 3345 concreatur,
968 3294 1027 3339 ιιι-
1078 3287 1144 3343 nana
1160 3287 1269 3358 plurimi
1291 3287 1365 3342 nunc
1379 3286 1419 3341 ιιιι
1443 3286 1582 3343 relicinus
1600 3284 1714 3356 gruum
1731 3281 1834 3338 ealles

240 3379 342 3445 pertriti
352 3386 508 3438 occurrere,
523 3372 661 3444 vitamque
672 3372 710 3437 illi
724 3387 787 3428 cum
799 3372 914 3443 imperio
927 3371 1029 3445 impres
1079 3378 1212 3443 sufficere,
1234 3394 1286 3433 nec
1305 3378 1387 3435 altius
1416 3378 1491 3432 illum
1513 3376 1664 3433 ascendere
1685 3388 1758 3447 posse
1770 3370 1832 3443 prull-

240 3462 688 3529 111111111111111111101111111111111,
705 3463 859 3535 (1111111118
874 3463 1028 3533 quamvel·
1079 3472 1185 3527 ciendo.
1223 3468 1277 3526 Sed
1297 3468 1525 3542 quemadmodum
1554 3467 1685 3540 pessimis
1708 3465 1835 3537 quibusque

230 3554 339 3611 lentin
348 3570 433 3627 regno
444 3555 535 3627 aliqua
548 3554 655 3620 demat,
667 3554 739 3623 loeda
754 3556 794 3611 illi
809 3562 952 3626 coetlerunl
964 3554 1031 3610 11111·
1080 3562 1171 3617 nullus
1196 3567 1238 3617 est
1248 3560 1436 3617 descensionis
1458 3558 1558 3639 gradus
1578 3558 1705 3620 ultimus,
1728 3554 1763 3615 sic
1785 3548 1835 3605 riri

230 3650 345 3711 latione
356 3651 485 3716 blandiri,
500 3658 528 3707 et
540 3648 615 3706 huno
630 3651 698 3723 regii
718 3650 861 3721 sanguinis
879 3649 979 3706 iiducia
996 3648 1031 3717 ad
1080 3652 1211 3714 virtutum
1227 3652 1318 3707 nullus
1328 3658 1370 3707 est
1381 3648 1541 3723 proficiendi
1556 3649 1620 3705 inis
1632 3647 1674 3705 rel
1688 3646 1809 3703 terarum.

240 3743 418 3817 quaerendum
445 3743 540 3805 illinita
556 3743 687 3810 incitam
712 3758 830 3815 quornm
849 3742 895 3798 bie
919 3741 1031 3800 nomina
1117 3743 1184 3801 lllll.
1204 3742 1256 3799 Per
1271 3744 1433 3814 diesitaque
1446 3742 1569 3815 singulos
1583 3741 1628 3797 sir
1644 3736 1750 3805 illustris
1772 3745 1836 3802 ange·

241 3834 347 3893 1111111111
370 3834 577 3906 supprimimus
590 3852 626 3891 1111
638 3850 720 3908 11111111
738 3851 773 3891 0¹
786 3834 924 3896 deslintlo
934 3832 1032 3890 laedele
1081 3838 1162 3899 batur
1177 3837 1279 3902 animo,
1295 3836 1367 3908 quod
1382 3852 1413 3893 er
1429 3836 1473 3891 illa
1487 3832 1712 3906 peregrinationis
1722 3831 1761 3886 sia
1780 3834 1837 3888 nula

241 3926 396 3984 videamur.
421 3926 518 3985 lustras
541 3921 682 3985 autemut
707 3928 749 3985 leo
769 3926 920 3993 conlidens,
949 3924 1033 3998 hujus
1070 3928 1192 3991 uirtutis
1219 3934 1347 3999 parerent
1366 3926 1490 3997 vestigia.
1517 3922 1632 3995 indigne
1652 3921 1729 3978 etiam
1747 3920 1836 3983 leena

243 4020 458 4092 presumptione
469 4019 589 4093 cognita,
603 4021 827 4078 recommissum
839 4020 893 4077 sibi
907 4020 1033 4076 turbaret
1082 4020 1155 4091 quod
1168 4035 1202 4081 er
1215 4025 1293 4074 tanta
1314 4017 1484 4074 Francorum
1505 4016 1602 4073 militia
1632 4014 1678 4071 alii
1693 4013 1788 4086 quidem
1805 4006 1837 4067 rel

242 4112 400 4185 imperium,
429 4115 503 4171 sicut
528 4114 661 4172 adsersus
677 4124 769 4171 castra
795 4112 844 4170 liei
858 4114 1033 4171 dolositatem
1083 4111 1158 4169 lerro
1168 4112 1210 4167 rel
1225 4110 1296 4167 lame
1310 4110 1503 4167 miserabiliter
1513 4109 1689 4171 cecidissent,
1708 4106 1768 4162 allos
1789 4119 1838 4159 rere

243 4204 333 4262 iertm
347 4206 473 4263 irritasse
485 4205 654 4273 Graecorum,
668 4206 871 4263 communicato
884 4220 950 4261 cum
964 4205 1034 4265 lide·
1082 4204 1183 4261 reverti
1193 4203 1308 4261 uidisset
1320 4201 1463 4273 inglorios.
1476 4200 1555 4259 Unde
1567 4202 1636 4257 satis
1652 4209 1708 4257 erat
1720 4198 1836 4258 sollicitus

243 4296 319 4357 libus
332 4300 410 4369 regni
423 4298 616 4365 consilio,non
630 4298 708 4369 prins
717 4298 778 4368 eins
788 4296 933 4353 conatibus
946 4292 1032 4354 desti*
1083 4311 1118 4351 ne
1132 4296 1213 4366 buius
1224 4294 1367 4352 infortunii
1384 4292 1528 4376 occasione
1539 4291 1688 4348 Christiani
1706 4288 1837 4345 nummisin

243 4390 280 4451 tit
292 4390 414 4456 obviare,
426 4391 513 4447 donee
526 4404 636 4447 omnem
655 4390 728 4446 illins
738 4398 872 4445 tumorem
886 4387 1035 4460 prudenter
1084 4384 1193 4441 Oriente
1206 4384 1342 4456 deperiret
1355 4383 1490 4457 glutinet
1515 4382 1577 4438 loca
1596 4388 1690 4437 saneta
1713 4378 1838 4435 inlidelibrs

246 4483 421 4554 compressit,
451 4484 528 4540 etad
553 4482 716 4555 condignam
733 4480 950 4537 satisfactionem
968 4494 1032 4535 eum
1047 4480 1070 4537 D
1084 4474 1269 4531 conculcanda
1282 4474 1465 4531 traderentur.
1480 4471 1721 4544 Epistolasquippe
1733 4480 1839 4525 trmsma

246 4578 388 4647 compulit.
405 4576 492 4635 Tanta
512 4576 644 4640 nimirum
671 4575 732 4646 ejus
745 4583 805 4631 erat
819 4574 896 4638 tides,
916 4582 944 4629 et
956 4579 1034 4628 tanta
1084 4569 1161 4625 rinas
1174 4583 1190 4622 a
1202 4582 1266 4639 rege
1280 4566 1531 4639 Hierosolymorum
1541 4566 1583 4622 rel
1599 4564 1747 4637 patriarcba
1763 4562 1839 4617 intio·

246 4669 412 4735 (constantia,
428 4676 459 4725 ut
469 4669 645 4741 proceritate
657 4668 700 4725 vel
712 4667 830 4737 justitia,
845 4666 869 4722 si
886 4680 931 4721 res
942 4664 1035 4733 erige·
1086 4660 1173 4715 cheno
1187 4666 1339 4731 acceperat,
1353 4658 1453 4729 quibus
1469 4653 1791 4714 illumadsubreniendum
1800 4650 1839 4707 sibi

246 4766 425 4825 ret,mortern
440 4760 518 4824 laetus
527 4759 676 4830 exciperet,
690 4756 777 4827 Cujus
786 4755 852 4824 dnrn
865 4753 986 4809 animum
1000 4766 1035 4808 ex
1086 4750 1296 4823 lacrymabiliter
1307 4750 1476 4812 inuitabant:
1493 4758 1658 4811 asserentes,
1679 4746 1762 4803 occiso
1780 4743 1838 4815 prin·

247 4849 377 4921 operibus
387 4851 535 4921 perpendo,
555 4857 583 4907 et
596 4850 713 4906 salntem
726 4847 859 4920 principis
877 4852 904 4902 et
916 4844 1036 4907 reditum
1071 4842 1145 4911 ¹ripe
1159 4854 1267 4905 erucem
1283 4837 1433 4896 Salvatoris
1442 4840 1513 4895 intra
1532 4838 1723 4893 antiochiana
1737 4834 1840 4925 Sarnaca·

248 4938 315 4996 lauic
327 4955 410 5011 quam
423 4940 542 4998 maxime
554 4938 717 4996 ascribenda
734 4935 907 4993 crediderim.
926 4932 995 4987 Nam
1009 4938 1037 4987 et
1086 4927 1130 4996 nis
1144 4927 1290 4991 inclusam,
1305 4925 1465 4996 urbemque,
1481 4925 1535 4980 nisi
1548 4922 1663 4979 celerius
1677 4921 1726 4977 sibi
1736 4920 1839 4976 subrem-

231 5048 300 5105 -pro
310 5032 400 5089 salute
423 5032 498 5089 illius
511 5033 615 5088 aelero
631 5031 674 5089 rel
684 5029 785 5103 populo
802 5028 1037 5097 eleemosynarnm
1086 5026 1172 5082 retur,
1189 5017 1320 5075 deditioni
1334 5017 1497 5089 proximam.
1509 5014 1619 5073 flisdem
1632 5014 1793 5071 nibilominus
1800 5008 1841 5063 die

248 5124 309 5181 neri
324 5125 495 5197 largitiones,
517 5132 545 5182 et
557 5124 669 5182 crebras
695 5119 938 5188 statuit-litaniasp
956 5132 989 5171 ac
1004 5115 1037 5171 de
1087 5112 1139 5169 bus
1150 5110 1288 5183 ¹Eugenius
1302 5125 1372 5187 papa
1383 5108 1486 5182 scripta
1499 5108 1538 5163 illi
1555 5106 1654 5164 direxit
1666 5104 1808 5202 apostolira,
1818 5108 1838 5155 ct

250 5216 340 5272 reditu
351 5217 494 5282 sollicitus,
504 5214 685 5288 tampriratis
697 5213 812 5284 scriptis
822 5225 905 5283 qnam
919 5207 1037 5280 publicis
1087 5216 1137 5279 pro
1156 5200 1308 5265 reverentia
1324 5200 1484 5265 obsecrans,
1497 5205 1526 5254 et
1544 5212 1594 5269 pro
1611 5195 1762 5294 auctoritate
1774 5204 1840 5291 ruppe·

250 5307 327 5363 illum
352 5322 483 5364 revocare
500 5323 556 5368 non
566 5305 710 5374 cessabam
726 5301 775 5359 sed
789 5308 816 5357 et
826 5299 948 5358 omnium
962 5311 1039 5352 cosn-
1087 5300 1209 5358 rans,.ut
1231 5289 1383 5353 secundum
1407 5292 1528 5348 datama
1553 5288 1607 5347 lieo
1632 5287 1684 5345 sibi
1707 5290 1839 5379 capreolae

250 5397 507 5455 mnnedssiderinm
518 5398 664 5460 insinuans
676 5401 777 5451 etrota
790 5406 934 5465 suspensa,
945 5404 1038 5457 moras
1088 5385 1220 5442 Orientali
1233 5384 1361 5450 Ecclesiae
1370 5382 1556 5444 subveniendo
1568 5379 1724 5439 consuleret
1734 5383 1758 5431 et
1778 5372 1840 5428 din·

251 5491 383 5561 arguebat
396 5491 516 5547 inutiles.
1089 5479 1240 5535 stianorum
1250 5476 1351 5548 quibus
1363 5482 1457 5546 posset
1463 5473 1551 5529 modis
1560 5472 1674 5529 auferret
1681 5463 1838 5539 opprobrium.

288 5580 344 5639 vll.
358 5581 433 5639 later
446 5583 504 5640 haee
523 5583 626 5639 nemini
650 5581 753 5642 mirum
770 5580 904 5643 rideatur,
926 5577 951 5635 si
974 5576 1039 5633 bule
1089 5571 1147 5627 llao
1161 5571 1243 5643 igitur
1258 5574 1422 5649 prouocatus
1436 5564 1606 5629 necessitate,
1633 5560 1773 5637 presertim
1790 5566 1838 5609 1111

252 5673 314 5728 viro
325 5674 519 5746 aoeiditqrrod
541 5676 701 5745 contingere
724 5672 805 5733 bonis
831 5670 959 5727 omnihus
972 5685 1040 5727 corr-
1090 5664 1165 5731 illum
1179 5660 1469 5743 etaposlolitta'tjussio
1484 5662 1637 5731 urgellensi
1655 5654 1784 5709 mbonltl
1801 5660 1838 5699 11·

233 5785 238 5793 ’
255 5773 354 5834 guard
377 5764 472 5831 nemo,
487 5769 609 5834 inquam,
623 5765 748 5830 miretur,
759 5762 784 5820 si
798 5762 869 5819 labia
883 5762 987 5833 istique,
1012 5770 1040 5817 ct
1090 5756 1218 5821 claritas,
1233 5754 1294 5810 iniit
1304 5769 1366 5813 cum
1380 5753 1480 5827 pietate
1495 5751 1643 5819 consiliam,
1655 5746 1791 5830 qualiteret
1801 5752 1838 5821 pr
