3967 6334
98 367 151 424 scs
556 361 823 418 susisaniana
842 359 932 418 lebl
951 358 1055 420 bero.
1075 393 1110 404 -
1129 361 1193 418 uls.
1210 359 1276 419 llll.
1672 367 1725 427 9Ἱο

96 488 156 535 stes
167 476 252 549 (tsi).
276 473 438 532 Sacerdotes
454 483 547 531 tamen
565 475 736 546 frequentius
756 491 826 546 opus
843 481 887 530 est
900 476 925 535 Α
937 474 1029 531 clesiae
1049 472 1180 545 prolicuis
1195 476 1349 542 intendens,
1366 477 1446 549 qnasi
1460 491 1493 534 ex
1515 475 1614 534 itinere
1626 491 1726 550 oppor-

95 567 367 633 conlortari;laicos
381 574 524 624 antcmter
536 568 644 623 saltem.
662 565 825 622 Familiares
843 580 890 621 re·
939 571 1005 622 tune
1024 563 1163 636 pulverem
1178 566 1275 622 trabis.
1298 564 1435 637 Quidquid
1450 566 1522 623 enim
1541 581 1576 622 ex
1598 567 1727 638 operibus

95 664 142 735 gis
155 660 192 715 ad
204 674 329 716 inensam
339 659 449 724 sedent,
462 659 522 714 etii
535 658 669 723 crebrius,
689 658 754 729 qnia
776 657 889 728 propius
938 655 1083 712 charitatis
1094 654 1241 728 bagilitate
1256 657 1375 713 bumana
1385 659 1727 715 invincibilitercontrabi-

96 751 185 825 (iss).
200 748 302 806 Verum
312 750 430 820 quisque
442 763 520 804 more
533 749 653 804 bdelium
664 759 734 819 qnos
744 747 890 804 intercou·
938 755 998 816 tur3
1009 748 1139 820 quoniam
1149 748 1466 819 uuioerrudeiictuoperit
1479 751 1596 806 rurrtrrr
1611 749 1639 824 (l
1650 751 1725 808 Petr.

93 848 236 906 versatur,
251 839 310 896 sive
329 839 430 909 saepius
444 839 502 894 sive
516 839 607 893 rarius
617 836 646 894 id
661 837 762 894 obnixe
779 837 887 904 videat,
938 853 978 906 rr,
989 838 1033 910 8);
1048 837 1139 895 lructu
1154 855 1268 911 operum
1283 841 1343 910 ejus
1357 847 1514 898 excusatur.
1526 840 1599 914 Ergo
1616 849 1728 915 propter

94 940 235 1005 quatenus
245 929 327 1001 digne
339 928 463 984 accedat.
937 931 1075 986 maculam
1093 931 1228 1002 pulveris,
1254 931 1361 988 itineris
1384 932 1456 988 bona
1477 933 1593 989 vitabis?
1617 943 1728 1006 propter

394 1040 510 1098 quqq·
523 1041 591 1100 qu,
937 1038 1034 1094 parva,
1053 1015 1080 1080 et
1098 1025 1215 1081 renialia
1239 1025 1321 1091 mala,
1345 1033 1480 1096 magnaei
1494 1025 1617 1082 coelestia
1638 1028 1728 1083 bonai

95 1136 175 1207 Quod
197 1135 327 1191 Dorum
348 1151 400 1188 nou
423 1135 514 1189 ritouit
534 1133 669 1188 bonrinum
696 1132 786 1198 cibos,·
807 1149 889 1202 neque
937 1111 1010 1187 318⁰
1023 1115 1092 1171 nihil
1111 1115 1177 1172 b⁰¹¹i
1199 1122 1242 1172 0⁵¹
1256 1115 1329 1188 t1¹¹⁰d
1343 1116 1453 1188 aliiissdi
1473 1117 1581 1183 Vastis·
1597 1117 1727 1190 q⁰⁰¹¹i³ffl

246 1207 380 1261 maiorum
393 1207 527 1260 consortio
542 1213 605 1260 runt
617 1205 737 1259 citando.
938 1220 1048 1278 semper
1060 1206 1162 1262 bonum
1177 1207 1249 1262 nrala
1262 1209 1416 1278 sequuntur
1429 1225 1490 1280 qum
1504 1209 1688 1280 expavescas?
1701 1211 1729 1279 p

130 1300 265 1356 Dominus
279 1297 360 1355 iesus
371 1298 499 1370 quoniam
513 1298 586 1354 inter
596 1297 721 1354 homines
730 1297 889 1354 conuersari
974 1296 1069 1354 Sicubi
1084 1306 1175 1354 antem
1186 1313 1233 1364 es,
1250 1305 1297 1353 aut
1310 1298 1376 1370 qnid
1386 1299 1455 1370 agis,
1472 1299 1545 1356 unde
1558 1301 1608 1356 tibi
1630 1301 1724 1358 intole-

93 1394 233 1456 malebat,
248 1393 375 1446 humanae
387 1389 607 1446 conversationis
619 1388 698 1444 cibos
711 1389 824 1446 minime
841 1405 888 1446 re·
937 1388 1035 1458 rabilia
1057 1389 1203 1462 insurgunt
1221 1397 1348 1461 peccata,
1373 1391 1396 1446 si
1422 1391 1496 1445 rrnlla
1516 1393 1622 1449 ratione
1644 1407 1677 1449 eo
1699 1393 1729 1449 in

93 1484 210 1549 nuebat,
224 1482 252 1537 id
264 1481 335 1552 apud
349 1496 379 1537 se
395 1495 479 1551 agens
491 1480 591 1551 quoda
606 1481 667 1536 suis
683 1487 775 1536 actum
789 1480 824 1536 iri
837 1480 888 1537 de·
937 1480 1001 1536 loco
1014 1488 1062 1536 aut
1076 1491 1139 1537 actu
1153 1489 1272 1538 mortem
1283 1482 1381 1537 animae
1394 1482 1512 1555 ellngere
1530 1491 1625 1554 potes,
1640 1501 1729 1556 quau-

92 1582 224 1631 creverat
236 1594 244 1630 :
258 1576 306 1646 qui
326 1574 406 1644 Juxta
424 1572 549 1644 Magistri
564 1573 607 1628 sui
621 1571 781 1628 mandatum
799 1571 888 1629 sicubi
936 1579 1106 1644 tumcunque
1128 1573 1205 1630 locus
1229 1579 1341 1629 actusve
1362 1574 1502 1643 probetur,
1517 1575 1666 1645 periculum
1687 1578 1729 1633 tui

92 1667 319 1738 hospitabantur,
334 1665 463 1730 edebant,
477 1672 505 1720 ct
518 1664 648 1720 bibebant
661 1679 723 1735 quae
738 1662 810 1734 apud
826 1664 888 1721 illos
937 1664 1051 1720 omniuo
1079 1662 1179 1727 devita,
1200 1672 1229 1721 et
1250 1665 1382 1736 quidquid
1398 1667 1566 1722 scandalizat
1581 1675 1617 1733 te,
1637 1666 1664 1721 ld
1680 1667 1730 1724 ab·

92 1757 266 1830 crantibus.
281 1775 309 1822 x,
326 1756 365 1829 l).
377 1755 445 1811 Nam
464 1755 628 1829 quilinuno
641 1761 670 1811 et
685 1754 793 1826 prirato
811 1769 888 1810 conr·
938 1753 1015 1811 scida
1028 1760 1055 1810 et
1065 1754 1170 1827 projice
1188 1755 1279 1812 abste
1293 1753 1402 1828 (liuttlr.
1418 1772 1445 1822 r,
1463 1755 1520 1828 bs).
1536 1755 1729 1812 Verumtamen

92 1857 241 1906 morantur
253 1851 324 1914 loco,
336 1849 355 1904 ii
366 1848 530 1912 solitariam,
541 1853 579 1911 et,
594 1855 624 1903 ut
633 1846 700 1902 libet
709 1845 771 1917 (pro
781 1845 888 1902 ratione
902 1825 1046 1905 Bacutius
1060 1846 1230 1920 pensandum
1253 1855 1336 1918 puto,
1350 1861 1396 1912 ne,
1409 1845 1530 1917 dumssper
1543 1848 1683 1918 speculum
1700 1846 1729 1902 in

92 1944 198 2014 tamen)
213 1952 362 2007 austeram,
374 1939 490 1997 ioannis
503 1940 641 2011 liaptistae,
659 1945 687 1995 et
698 1938 784 1994 eremi
801 1945 889 1994 secta
937 1938 1082 2010 oenigmate
1101 1939 1284 2004 ambulamus,
1299 1938 1407 2010 species
1428 1953 1480 1994 nos
1495 1951 1586 1994 rerum
1601 1938 1727 2005 deludat,

92 2041 182 2100 tores,
198 2036 371 2091 abstinentie
384 2035 467 2106 ξω
476 2034 561 2089 uitam
575 2038 667 2096 auant.
683 2029 736 2098 Qui
750 2037 841 2086 autem
854 2029 889 2086 de
939 2032 1037 2102 angelo
1059 2029 1168 2086 Satanae
1186 2028 1382 2101 transfigurato
1401 2031 1430 2085 in
1447 2029 1572 2100 angelum
1594 2029 1663 2086 lucis
1684 2027 1730 2101 (ll

92 2127 158 2182 loco
174 2127 307 2182 inlocum
321 2125 606 2197 proficiscuntur,aut
621 2123 693 2179 inter
706 2122 808 2179 multos
821 2137 889 2178 con·
939 2122 1002 2181 Gor.
1019 2139 1058 2191 ιι,
1074 2124 1130 2197 ll).
1146 2122 1249 2180 Contra
1264 2121 1338 2194 qnod
1352 2123 1440 2194 gratia
1459 2121 1506 2178 Dei
1520 2128 1563 2179 est
1575 2137 1660 2192 opus3
1677 2135 1728 2176 uec

91 2225 251 2286 rersantur,
264 2218 419 2290 apostolica
429 2216 574 2272 hilaritatis
581 2224 610 2272 et
618 2215 888 2272 modestimmensam
938 2216 967 2272 in
977 2215 1034 2272 tuis
1047 2214 1170 2272 conlidas
1181 2215 1305 2280 viribus,
1322 2215 1368 2272 sed
1377 2214 1455 2285 jocio
1465 2215 1492 2270 in
1504 2212 1618 2270 Domino
1637 2230 1729 2269 curum

90 2312 269 2377 aemulentur,
293 2310 317 2366 si
339 2325 391 2366 nec
406 2309 604 2373 scandalizari,
631 2322 683 2364 nec
701 2307 890 2364 scandalizare
939 2306 1257 2382 ternistratores).
1273 2305 1415 2364 litantem
1434 2308 1485 2364 tibi
1506 2307 1589 2373 adsit,
1604 2309 1660 2364 vita
1681 2316 1728 2364 tua

94 2404 207 2469 volunt,
222 2402 341 2459 scientes
350 2400 480 2474 quoniam
492 2413 557 2457 esca
569 2407 597 2455 et
606 2409 688 2471 potus
700 2406 808 2456 nonest
826 2415 889 2472 reg·
938 2407 1138 2471 promereatur,
1151 2399 1230 2471 juxta
1246 2400 1330 2456 illud:
1345 2399 1559 2474 Appropinquotc
1570 2400 1634 2471 Deo,
1649 2410 1674 2457 et
1684 2417 1730 2472 op·

95 2508 167 2550 num
180 2494 231 2552 Dei
241 2494 328 2568 (iloni.
343 2510 401 2560 rur,
416 2492 473 2566 tr),
483 2499 511 2548 et
524 2491 599 2564 quod
612 2491 726 2562 majoris
740 2491 831 2548 meriti
845 2499 889 2548 est
936 2486 1218 2560 propriuquoiitooiir
1231 2487 1303 2560 (duc.
1319 2504 1357 2553 rr,
1369 2487 1408 2562 8).

91 2584 237 2641 libidinem
253 2583 360 2640 irenare
373 2584 402 2638 in
419 2581 599 2648 abnndantia,
610 2596 692 2653 quam
706 2581 845 2638 abstinere
852 2597 889 2638 ex
1243 2579 1359 2638 CAPUT
1373 2579 1419 2638 lx.

91 2677 188 2734 inedia
204 2676 291 2751 (iso).
307 2675 337 2733 Si
351 2677 396 2733 cui
412 2683 505 2733 tamen
518 2676 582 2748 gula
596 2673 698 2732 infesta
709 2682 763 2745 est,
781 2676 888 2748 copiam
956 2670 995 2728 De
1010 2689 1085 2729 ceno
1097 2672 1206 2729 Domini
1219 2681 1245 2727 et
1256 2671 1319 2728 oiiir
1333 2671 1461 2728 crinibus
1476 2688 1529 2726 uon
1546 2671 1710 2730 reducendis.

92 2769 193 2832 lamere
203 2769 328 2827 securius
338 2777 392 2826 est.
971 2763 1106 2822 Dominus
1120 2772 1203 2821 natus
1216 2781 1250 2822 ex
1263 2765 1388 2832 muliere,
1405 2763 1495 2822 laetus
1506 2764 1587 2821 homo
1600 2766 1726 2838 sublege,

131 2860 267 2920 Dominus
273 2862 519 2936 nuptiisinterluit,
527 2862 659 2919 convivas
665 2875 722 2918 non
729 2860 886 2931 abborruit;
936 2864 1057 2915 veterem
1071 2872 1190 2924 coeuam,
1201 2871 1262 2928 quae
1275 2871 1346 2928 agno
1360 2855 1517 2928 azymisque
1527 2857 1643 2928 panibus
1657 2861 1728 2916 cele·

92 2956 244 3014 insinuans
256 2957 444 3029 cupiditatem,
458 2971 515 3012 non
525 2955 672 3012 obsonium
680 2953 831 3011 timendum
843 2971 888 3012 es·
937 2949 1013 3006 brari
1026 2949 1132 3008 solebat
1156 2957 1183 3006 et
1194 2950 1277 3022 „vium
1291 2949 1349 3006 suis
1365 2950 1480 3021 sumpsit
1493 2965 1555 3006 cnm
1574 2950 1725 3032 discipulis.

93 3062 138 3112 se,
152 3047 259 3102 nullum
271 3047 413 3102 bominum
423 3060 510 3118 genus
523 3042 705 3109 cohabitanti,
715 3049 744 3099 et
755 3053 849 3100 sancte
858 3059 890 3100 se
939 3041 1062 3114 Sampsit
1072 3049 1101 3098 ut
1111 3041 1192 3098 linem
1205 3042 1290 3098 veteri
1302 3041 1463 3113 imponeret,
1474 3057 1573 3098 noram
1585 3052 1675 3100 autem
1686 3044 1728 3102 in-

93 3140 209 3196 babenti
218 3155 327 3197 nocere.
338 3139 418 3207 Quod
431 3139 544 3194 minime
553 3136 785 3194 murmurantium
797 3136 888 3192 dera-
900 3172 922 3231 c
938 3133 1061 3190 duceret.
1074 3131 1223 3204 Postquam
1233 3132 1305 3188 enim
1318 3132 1444 3204 discipuli
1455 3136 1728 3206 paraveruntpascba

92 3233 153 3289 ctio
163 3231 305 3303 pensabat,
316 3231 382 3288 dum
393 3230 538 3286 Dominum
548 3228 622 3301 quod
631 3237 727 3301 potum
740 3227 888 3300 cibumque
937 3235 967 3283 et
981 3225 1115 3284 Dominus
1126 3225 1280 3290 discubuit,
1293 3227 1331 3281 ait
1347 3246 1353 3282 :
1369 3225 1505 3282 Desiderio
1523 3227 1727 3288 desideravilem

94 3324 286 3381 indifferenter
299 3324 440 3390 sumebat;
456 3321 530 3394 quod
544 3321 669 3378 medicus
682 3334 771 3392 egros
791 3320 889 3376 visita·
939 3319 1039 3390 purrbo
1052 3317 1214 3374 munducare
1232 3317 1375 3384 roliacum,
1392 3329 1533 3390 antequam
1547 3323 1635 3390 potior
1650 3321 1724 3394 (Luc.

93 3416 226 3480 basuini
240 3415 390 3472 accusabat
403 3421 567 3487 potatorem,
589 3413 800 3485 publicanorum
819 3427 888 3483 quo·
937 3427 1017 3477 ιιιι,
1043 3410 1100 3483 lc).
1124 3409 1267 3468 Desiderat
1284 3425 1402 3482 namque
1427 3411 1506 3483 juxta
1536 3415 1726 3470 auctoritatem

93 3525 152 3579 qne
165 3514 194 3564 et
207 3507 384 3565 meretricum
393 3513 638 3563 commessatorem
648 3503 758 3578 (liuttlr
774 3519 814 3570 ιι,
830 3503 887 3576 lii).
937 3503 1027 3574 primo
1039 3504 1159 3576 typicum
1182 3501 1350 3558 manducare
1361 3503 1479 3574 pascba,
1497 3511 1524 3561 et
1540 3506 1579 3560 sic
1591 3507 1726 3576 passionis

94 3599 152 3656 Sed
173 3599 285 3672 quando
304 3598 403 3654 melius
417 3602 460 3655 est
474 3613 537 3654 cum
550 3596 667 3652 Domino
681 3596 755 3653 vesci
778 3595 840 3652 iano
860 3603 889 3652 et
939 3611 996 3654 sua
1005 3594 1109 3651 mundo
1116 3595 1245 3668 mysteria
1256 3595 1407 3662 declarare,
1419 3603 1449 3652 ut
1462 3603 1489 3652 et
1502 3599 1607 3670 antiqui
1618 3601 1727 3672 pascbae

93 3691 175 3762 pisce
190 3689 266 3762 (buc.
285 3703 361 3754 xxiv,
373 3687 431 3759 ti),
446 3702 530 3758 qnam
550 3686 633 3742 simul
654 3701 719 3742 cum
739 3683 813 3741 Esau
826 3683 890 3740 ruia
937 3687 1071 3757 probator
1078 3686 1189 3750 existat,
1199 3693 1227 3742 et
1234 3684 1292 3756 jam
1301 3685 1463 3743 adveniente
1477 3689 1592 3746 veritate
1600 3692 1726 3748 umbram

93 3781 191 3837 leniet
204 3778 280 3852 (Gen.
295 3797 361 3845 xxv,
371 3779 429 3852 si.)
441 3778 602 3849 Exemplum
611 3777 719 3834 Domini
728 3792 887 3849 sequamur,
938 3779 1017 3851 201
1033 3791 1143 3834 cessare
1155 3777 1262 3833 doceat.
1277 3774 1356 3833 Unde
1370 3777 1564 3850 subjungitur:
1581 3779 1646 3838 Dico
1657 3785 1726 3839 enirn

91 3888 188 3944 neque
201 3874 274 3928 inter
288 3872 376 3928 malos
388 3871 557 3936 conuersari,
570 3878 701 3941 tanquam
713 3870 749 3925 ab
762 3870 830 3941 ipsis
844 3870 888 3925 in·
936 3871 1009 3927 uobis
1022 3874 1084 3942 quio
1095 3886 1128 3925 en
1141 3870 1190 3926 ivor
1200 3887 1251 3925 uon
1263 3868 1427 3926 manducabo
1446 3871 1514 3926 illud
1525 3871 1606 3928 donec
1615 3875 1727 3947 impleo·

92 3965 230 4036 quinandi
247 3963 430 4034 indignemur.
450 3959 531 4027 Nam,
546 3960 569 4015 si
581 3961 653 4015 inter
666 3959 753 4014 malos
767 3958 888 4030 legitime
937 3972 980 4016 tur
991 3963 1108 4034 iureque
1118 3960 1177 4016 Dei.
1189 3960 1273 4028 Quasi
1288 3961 1392 4018 diceret
1405 3982 1411 4018 :
1424 3961 1486 4018 Nou
1497 3963 1569 4018 ultro
1578 3965 1726 4024 Moericum

92 4065 124 4113 te
139 4057 235 4121 babes,
249 4063 278 4112 et
288 4055 371 4110 verbo
384 4063 411 4110 et
420 4053 545 4123 exemplo
560 4051 766 4107 attendentibus
777 4050 829 4105 tibi
842 4066 891 4106 va-
936 4053 1035 4124 porolru
1050 4053 1196 4120 celebrabo,
1213 4053 1293 4109 donec
1307 4055 1335 4109 in
1349 4053 1481 4121 Ecclesia,
1497 4073 1556 4128 quot
1567 4067 1606 4114 ert
1617 4075 1729 4132 rognum

92 4147 156 4215 les3
172 4161 228 4202 non
252 4155 280 4202 te
305 4144 469 4200 lcrmentuur
493 4143 627 4198 malorum
652 4142 681 4197 in
706 4156 783 4197 suam
806 4141 890 4197 uertit
937 4147 997 4214 Dei,
1008 4147 1183 4218 spiritualiter
1194 4147 1353 4202 intellectum
1363 4149 1571 4218 complentem
1579 4151 1630 4206 boc
1642 4169 1726 4224 regno

94 4240 274 4305 acredinem,
286 4253 383 4295 verum
399 4246 429 4292 tu
445 4237 519 4292 illam
533 4235 633 4293 abillis
651 4235 781 4307 paulatim
794 4241 888 4290 extra·
937 4253 1025 4309 nsque
1038 4237 1119 4293 hodie
1133 4237 1281 4294 manducat
1294 4235 1436 4304 Christus,
1451 4253 1513 4293 cum
1527 4254 1559 4294 ea
1573 4255 1634 4311 qnae
1647 4241 1724 4314 bloy-

94 4333 151 4388 bis.
937 4345 982 4386 ses
1005 4327 1067 4384 rudi
1081 4329 1182 4400 populo
1195 4328 1341 4384 carnaliter
1355 4327 1525 4384 observanda
1540 4333 1678 4403 precepit,
1695 4333 1725 4389 in

133 4422 188 4490 Qui
202 4437 268 4494 ergo
282 4421 421 4478 consortia
435 4419 571 4476 malorum
589 4417 661 4490 fusis
672 4433 735 4473 cum
748 4432 781 4474 ιι
795 4425 824 4474 le
833 4417 886 4489 ipsi
937 4425 1067 4482 membris
1082 4427 1139 4482 suis
1155 4425 1332 4496 spiritualiter
1344 4432 1460 4482 exercet.
1475 4425 1570 4484 Cesset
1583 4441 1647 4498 ergo
1663 4445 1724 4484 um-

95 4515 228 4571 meliores
238 4513 315 4579 siant,
329 4521 360 4570 tu
369 4529 402 4569 ex
416 4512 484 4583 ipsis
494 4510 613 4567 deterior
623 4525 678 4565 non
691 4509 749 4566 sisi
759 4507 886 4566 Crudelis
901 4528 924 4582 p
938 4518 999 4584 bra,
1015 4518 1146 4589 quoniam
1160 4518 1270 4574 advenit
1283 4518 1402 4574 veritas:
1420 4517 1491 4573 sicut
1506 4518 1605 4576 deiecit
1624 4537 1724 4580 rrranna

95 4603 636 4678 ntiquees;nonvis,etprodessepotes.
646 4603 888 4674 lldbonosprope·
938 4615 1084 4680 postquam
1098 4608 1276 4665 comederunt
1291 4607 1338 4662 mii
1350 4606 1432 4665 lsrael
1446 4607 1480 4666 de
1495 4607 1618 4682 frugibus
1632 4621 1722 4680 terroe,

94 4698 550 4772 rasquiteminimeessentmtalos
557 4696 733 4766 derelinquis,
740 4696 788 4768 qui
796 4703 887 4751 tecum
937 4717 989 4758 nec
999 4703 1043 4758 usi
1054 4702 1200 4759 suntultra
1213 4702 1340 4758 illocibo.
1356 4701 1505 4774 Sequitur:
1522 4704 1557 4760 Er
1568 4721 1724 4778 acceptoru-

93 4791 222 4864 periculo
230 4789 475 4846 carencllimirum
483 4797 510 4844 te
517 4786 615 4844 stolide
622 4787 759 4842 habessit!
767 4786 888 4842 insolen-
937 4794 987 4849 lice
1000 4793 1102 4865 prorius
1116 4793 1178 4864 epit,
1189 4791 1297 4848 dicens:
1311 4793 1460 4864 Accipiteet
1474 4793 1582 4852 dividite
1591 4799 1658 4855 inter
1667 4819 1721 4860 ror.

93 4894 151 4949 ier,
164 4885 190 4940 si
198 4891 245 4940 tut
253 4891 411 4954 peccatores
424 4881 538 4937 nimium
548 4881 641 4951 justus
651 4878 827 4943 abominaris,
839 4884 887 4933 atri
936 4881 987 4938 llic
1001 4882 1072 4939 calix
1086 4881 1120 4937 ad
1136 4889 1213 4938 vetus
1224 4883 1324 4953 pascha
1338 4883 1382 4940 cui
1392 4882 1472 4939 linem
1487 4883 1652 4957 imponebat,
1665 4905 1725 4962 per-

93 4991 163 5031 cum
177 4975 248 5030 bene
262 4980 289 5029 tc
307 4973 392 5029 babes
405 4973 440 5028 dc
453 4970 554 5027 vicinia
568 4971 702 5026 malorum
712 4969 850 5042 inquinari
859 4976 887 5025 te
936 4976 1022 5044 sinea3
1037 4989 1091 5046 quo
1105 4981 1234 5046 accepto,
1248 4975 1350 5047 gratias
1364 4976 1429 5048 agit.
1453 4973 1518 5034 ldeo
1536 4978 1641 5036 scilicet
1658 4983 1723 5053 qnia

94 5065 200 5124 credis.
211 5065 290 5133 Quod
303 5066 327 5122 si
337 5065 366 5120 id
376 5073 404 5120 te
414 5065 560 5120 contristat
568 5064 642 5136 quod
653 5062 725 5119 inter
737 5062 886 5134 culpabiles
935 5075 1028 5124 vetera
1041 5066 1201 5131 transitura,
1212 5075 1239 5122 et
1253 5083 1325 5124 nova
1338 5069 1429 5124 omnia
1442 5078 1520 5125 erant
1532 5079 1657 5129 ventura.
1674 5073 1724 5132 Sc-

93 5162 180 5233 culpa
201 5176 258 5216 non
277 5174 367 5223 cares,
381 5158 489 5214 discute
509 5158 593 5213 vitam
615 5163 702 5223 tuam,
727 5163 755 5211 et
779 5156 887 5227 inquire
936 5159 1050 5231 quitur:
1067 5157 1132 5214 Dico
1144 5158 1215 5214 euim
1232 5159 1304 5216 robis
1317 5159 1386 5232 quod
1401 5177 1453 5216 nou
1473 5161 1560 5216 itiam
1571 5161 1603 5220 de
1615 5181 1723 5236 perrara.

93 5262 193 5309 utrum
213 5253 287 5308 inter
300 5251 460 5324 quotidiana
473 5251 529 5306 sint
543 5250 589 5304 illa
601 5250 674 5305 unde
692 5249 827 5321 quereris,
851 5263 887 5304 an
937 5253 1008 5307 tione
1023 5251 1094 5316 uitio,
1106 5250 1189 5307 donec
1207 5267 1315 5323 regnum
1331 5251 1381 5306 Dei
1393 5253 1489 5310 ueniat.
1510 5251 1587 5309 Sicut
1604 5258 1722 5328 typicum

93 5348 171 5404 inter
183 5345 361 5402 damnabilia.
375 5343 405 5398 Si
418 5343 577 5415 quotidiana
592 5349 669 5407 sunt,
689 5341 737 5397 ubi
750 5349 887 5397 terrarum
937 5358 1015 5400 esum
1029 5342 1091 5414 agni
1109 5343 1242 5415 panisque
1263 5344 1367 5416 azymi,
1392 5345 1432 5400 sic
1444 5343 1526 5401 etiam
1541 5346 1659 5418 typicum
1674 5367 1723 5422 pa-

92 5439 195 5497 eritari
208 5438 342 5510 possuntt
352 5435 651 5508 llujusnrodiquoniam
677 5433 788 5490 assidua
802 5441 886 5500 sunt,
938 5435 1012 5490 reba
1024 5441 1118 5506 potum
1131 5449 1160 5490 se
1174 5441 1256 5508 negat
1271 5434 1432 5499 bibiturum,
1453 5435 1540 5492 donec
1553 5445 1662 5510 ostensa
1679 5455 1725 5496 re·

93 5531 210 5587 assidue
222 5547 332 5603 gemam
345 5530 477 5602 quoniam
491 5542 557 5582 rero
570 5526 639 5581 nibil
658 5525 721 5582 inde
738 5532 782 5582 est
807 5524 888 5580 dam·
939 5527 1119 5584 surrectionis
1134 5527 1218 5600 gloria
1233 5543 1348 5600 regnum
1369 5525 1434 5594 Dei,
1455 5527 1483 5583 irl
1505 5536 1548 5585 est
1564 5528 1632 5586 lides
1655 5529 1723 5602 [lege

92 5623 218 5678 nationis
239 5621 352 5686 sanctis,
366 5622 422 5676 imo
432 5617 641 5682 consolationis,
656 5617 775 5674 maxime
797 5616 822 5672 si
837 5616 888 5672 Ec·
938 5617 1012 5693 bnis]
1025 5619 1129 5686 muudi,
1145 5618 1280 5686 adveniat,
1292 5627 1322 5676 ut
1334 5635 1382 5691 per
1392 5619 1489 5676 borum
1500 5619 1615 5676 duorum
1624 5621 1724 5677 immn-

132 5735 209 5866 w
224 5735 307 5807 bug,
321 5751 365 5806 ep.
380 5749 478 5799 cxvur,
490 5734 524 5789 ad
536 5731 598 5787 Jan.
610 5731 649 5788 lle
663 5731 766 5788 Eccles.
782 5731 886 5821 dogm,
973 5730 1037 5872 *438
1062 5729 1169 5818 Ambra,
1185 5749 1212 5790 iv
1222 5732 1260 5790 De
1271 5747 1355 5819 sacr,
1368 5749 1398 5816 c.¹
1410 5725 1437 5790 d.

175 5853 183 5864 .
985 5801 1038 5857 liri
1060 5800 1092 5860 V.
1108 5801 1265 5877 llreronvm.
1278 5803 1420 5862 Dictatarn
1433 5800 1721 5876 cognomenti.

261 5903 397 5963 Ριιιοι.
422 5897 621 5962 clxxxii.
1518 5895 1554 5956 31

93 5825 119 5865 0.
