<?xml version="1.0" encoding="UTF-8"?>
<!DOCTYPE html PUBLIC "-//W3C//DTD XHTML 1.0 Transitional//EN"
    "http://www.w3.org/TR/xhtml1/DTD/xhtml1-transitional.dtd">
<html xmlns="http://www.w3.org/1999/xhtml" xml:lang="en" lang="en">
 <head>
  <title>
</title>
<meta http-equiv="Content-Type" content="text/html;charset=utf-8" />
  <meta name='ocr-system' content='tesseract 3.04.00' />
  <meta name='ocr-capabilities' content='ocr_page ocr_carea ocr_par ocr_line ocrx_word'/>
</head>
<body>
  <div class='ocr_page' id='page_1' title='image "./patrologiaecurs141migngoog/patrologiaecurs141migngoog_0397.png"; bbox 0 0 3967 6334; ppageno 0'>
   <div class='ocr_carea' id='block_1_1' title="bbox 107 359 1741 426">
    <p class='ocr_par' dir='ltr' id='par_1_1' title="bbox 107 359 1741 426">
     <span class='ocr_line' id='line_1_1' title="bbox 107 359 1741 426; baseline 0 -2"><span class='ocrx_word' id='word_1_1' title='bbox 107 369 165 426; x_wconf 75' lang='lat' dir='ltr'><strong>tut</strong></span> <span class='ocrx_word' id='word_1_2' title='bbox 572 361 842 425; x_wconf 77' lang='lat' dir='ltr'><strong>suntanrtlnutt</strong></span> <span class='ocrx_word' id='word_1_3' title='bbox 860 367 951 424; x_wconf 84' lang='lat' dir='ltr'><strong>Ltnttl</strong></span> <span class='ocrx_word' id='word_1_4' title='bbox 969 366 1072 426; x_wconf 76' lang='lat' dir='ltr'><strong>outo.</strong></span> <span class='ocrx_word' id='word_1_5' title='bbox 1089 359 1124 410; x_wconf 65' lang='grc'><strong>-’</strong></span> <span class='ocrx_word' id='word_1_6' title='bbox 1137 366 1201 425; x_wconf 80' lang='lat' dir='ltr'><strong>utu.</strong></span> <span class='ocrx_word' id='word_1_7' title='bbox 1222 367 1264 424; x_wconf 87' lang='lat' dir='ltr'><strong>tlt.</strong></span> <span class='ocrx_word' id='word_1_8' title='bbox 1689 369 1741 426; x_wconf 83' lang='lat' dir='ltr'><strong>&#39;tut</strong></span> 
     </span>
    </p>
   </div>
   <div class='ocr_carea' id='block_1_2' title="bbox 103 480 1748 5436">
    <p class='ocr_par' dir='ltr' id='par_1_2' title="bbox 104 480 1742 1372">
     <span class='ocr_line' id='line_1_2' title="bbox 104 480 1740 554; baseline 0.001 -14"><span class='ocrx_word' id='word_1_9' title='bbox 104 483 254 548; x_wconf 81' lang='lat' dir='ltr'><strong>literetice,</strong></span> <span class='ocrx_word' id='word_1_10' title='bbox 267 480 333 538; x_wconf 88' lang='lat' dir='ltr'><strong>audi</strong></span> <span class='ocrx_word' id='word_1_11' title='bbox 343 480 449 553; x_wconf 85' lang='lat' dir='ltr'><strong>ipsum:</strong></span> <span class='ocrx_word' id='word_1_12' title='bbox 463 481 624 538; x_wconf 87' lang='lat' dir='ltr'><strong>Potestotern</strong></span> <span class='ocrx_word' id='word_1_13' title='bbox 633 481 715 538; x_wconf 82' lang='lat' dir='ltr'><strong>troico</strong></span> <span class='ocrx_word' id='word_1_14' title='bbox 724 482 837 553; x_wconf 83' lang='lat' dir='ltr'><strong>ponendi</strong></span> <span class='ocrx_word' id='word_1_15' title='bbox 846 484 903 538; x_wconf 84' lang='lat' dir='ltr'><strong>nni·</strong></span> <span class='ocrx_word' id='word_1_16' title='bbox 916 493 940 549; x_wconf 69' lang='lat' dir='ltr'><strong>,l</strong></span> <span class='ocrx_word' id='word_1_17' title='bbox 953 491 1079 540; x_wconf 88' lang='lat' dir='ltr'><strong>naturam</strong></span> <span class='ocrx_word' id='word_1_18' title='bbox 1092 491 1149 552; x_wconf 88' lang='lat' dir='ltr'><strong>est,</strong></span> <span class='ocrx_word' id='word_1_19' title='bbox 1165 492 1285 540; x_wconf 83' lang='lat' dir='ltr'><strong>attamen</strong></span> <span class='ocrx_word' id='word_1_20' title='bbox 1302 498 1349 554; x_wconf 87' lang='lat' dir='ltr'><strong>per</strong></span> <span class='ocrx_word' id='word_1_21' title='bbox 1364 484 1477 554; x_wconf 85' lang='lat' dir='ltr'><strong>gratiam</strong></span> <span class='ocrx_word' id='word_1_22' title='bbox 1498 489 1549 538; x_wconf 90' lang='lat' dir='ltr'><strong>est.</strong></span> <span class='ocrx_word' id='word_1_23' title='bbox 1571 481 1634 538; x_wconf 84' lang='lat' dir='ltr'><strong>llaec</strong></span> <span class='ocrx_word' id='word_1_24' title='bbox 1654 487 1740 554; x_wconf 86' lang='lat' dir='ltr'><strong>gratia</strong></span> 
     </span>
     <span class='ocr_line' id='line_1_3' title="bbox 108 572 1741 648; baseline 0.002 -20"><span class='ocrx_word' id='word_1_25' title='bbox 108 592 183 629; x_wconf 82' lang='lat' dir='ltr'><strong>nram</strong></span> <span class='ocrx_word' id='word_1_26' title='bbox 197 590 300 640; x_wconf 73' lang='lat' dir='ltr'><strong>mom,</strong></span> <span class='ocrx_word' id='word_1_27' title='bbox 319 584 345 630; x_wconf 87' lang='lat' dir='ltr'><strong>et</strong></span> <span class='ocrx_word' id='word_1_28' title='bbox 361 575 458 628; x_wconf 82' lang='lat' dir='ltr'><strong>iterum</strong></span> <span class='ocrx_word' id='word_1_29' title='bbox 472 573 592 629; x_wconf 87' lang='lat' dir='ltr'><strong>sumendi</strong></span> <span class='ocrx_word' id='word_1_30' title='bbox 605 591 664 630; x_wconf 85' lang='lat' dir='ltr'><strong>euru</strong></span> <span class='ocrx_word' id='word_1_31' title='bbox 679 573 777 646; x_wconf 83' lang='lat' dir='ltr'><strong>(loon.</strong></span> <span class='ocrx_word' id='word_1_32' title='bbox 792 592 825 640; x_wconf 85' lang='lat' dir='ltr'><strong>x,</strong></span> <span class='ocrx_word' id='word_1_33' title='bbox 841 575 904 648; x_wconf 73' lang='lat' dir='ltr'><strong>tu),</strong></span> <span class='ocrx_word' id='word_1_34' title='bbox 956 572 1041 632; x_wconf 85' lang='lat' dir='ltr'><strong>Denrn</strong></span> <span class='ocrx_word' id='word_1_35' title='bbox 1056 582 1083 632; x_wconf 90' lang='lat' dir='ltr'><strong>et</strong></span> <span class='ocrx_word' id='word_1_36' title='bbox 1098 576 1236 632; x_wconf 90' lang='lat' dir='ltr'><strong>bominem</strong></span> <span class='ocrx_word' id='word_1_37' title='bbox 1254 574 1439 634; x_wconf 79' lang='lat' dir='ltr'><strong>edecit&#39;unam</strong></span> <span class='ocrx_word' id='word_1_38' title='bbox 1453 589 1615 645; x_wconf 80' lang='lat' dir='ltr'><strong>personam,</strong></span> <span class='ocrx_word' id='word_1_39' title='bbox 1632 586 1741 646; x_wconf 87' lang='lat' dir='ltr'><strong>propter</strong></span> 
     </span>
     <span class='ocr_line' id='line_1_4' title="bbox 106 654 1740 737; baseline 0.001 -17"><span class='ocrx_word' id='word_1_40' title='bbox 106 664 184 722; x_wconf 71' lang='lat' dir='ltr'><strong>nudi</strong></span> <span class='ocrx_word' id='word_1_41' title='bbox 193 664 358 720; x_wconf 80' lang='lat' dir='ltr'><strong>catholicam</strong></span> <span class='ocrx_word' id='word_1_42' title='bbox 368 663 403 720; x_wconf 91' lang='lat' dir='ltr'><strong>de</strong></span> <span class='ocrx_word' id='word_1_43' title='bbox 413 665 474 734; x_wconf 91' lang='lat' dir='ltr'><strong>ipso</strong></span> <span class='ocrx_word' id='word_1_44' title='bbox 485 663 566 720; x_wconf 88' lang='lat' dir='ltr'><strong>tidem</strong></span> <span class='ocrx_word' id='word_1_45' title='bbox 579 685 586 720; x_wconf 74' lang='grc' dir='ltr'><strong>ι</strong></span> <span class='ocrx_word' id='word_1_46' title='bbox 600 664 737 736; x_wconf 72' lang='lat' dir='ltr'><strong><em>Perfectus</em></strong></span> <span class='ocrx_word' id='word_1_47' title='bbox 749 665 832 732; x_wconf 84' lang='lat' dir='ltr'><strong>licus,</strong></span> <span class='ocrx_word' id='word_1_48' title='bbox 845 654 906 736; x_wconf 80' lang='lat' dir='ltr'><strong>per-</strong></span> <span class='ocrx_word' id='word_1_49' title='bbox 955 681 1037 737; x_wconf 83' lang='lat' dir='ltr'><strong>quam</strong></span> <span class='ocrx_word' id='word_1_50' title='bbox 1059 665 1132 724; x_wconf 87' lang='lat' dir='ltr'><strong>Dens</strong></span> <span class='ocrx_word' id='word_1_51' title='bbox 1150 675 1178 724; x_wconf 86' lang='lat' dir='ltr'><strong>et</strong></span> <span class='ocrx_word' id='word_1_52' title='bbox 1197 667 1279 722; x_wconf 91' lang='lat' dir='ltr'><strong>homo</strong></span> <span class='ocrx_word' id='word_1_53' title='bbox 1298 681 1369 722; x_wconf 90' lang='lat' dir='ltr'><strong>unus</strong></span> <span class='ocrx_word' id='word_1_54' title='bbox 1383 673 1425 721; x_wconf 89' lang='lat' dir='ltr'><strong>est</strong></span> <span class='ocrx_word' id='word_1_55' title='bbox 1439 664 1576 722; x_wconf 89' lang='lat' dir='ltr'><strong>Christus.</strong></span> <span class='ocrx_word' id='word_1_56' title='bbox 1594 662 1655 721; x_wconf 88' lang='lat' dir='ltr'><strong>Non</strong></span> <span class='ocrx_word' id='word_1_57' title='bbox 1669 669 1740 722; x_wconf 90' lang='lat' dir='ltr'><strong>enim</strong></span> 
     </span>
     <span class='ocr_line' id='line_1_5' title="bbox 107 756 1740 828; baseline 0.001 -16"><span class='ocrx_word' id='word_1_58' title='bbox 107 757 195 828; x_wconf 70' lang='lat' dir='ltr'><strong>sectus</strong></span> <span class='ocrx_word' id='word_1_59' title='bbox 212 756 310 821; x_wconf 84' lang='lat' dir='ltr'><strong>horno,</strong></span> <span class='ocrx_word' id='word_1_60' title='bbox 330 771 363 810; x_wconf 81' lang='lat' dir='ltr'><strong>eu</strong></span> <span class='ocrx_word' id='word_1_61' title='bbox 382 756 473 811; x_wconf 86' lang='lat' dir='ltr'><strong>enine</strong></span> <span class='ocrx_word' id='word_1_62' title='bbox 494 757 622 811; x_wconf 84' lang='lat' dir='ltr'><strong>rationaii</strong></span> <span class='ocrx_word' id='word_1_63' title='bbox 641 765 666 812; x_wconf 93' lang='lat' dir='ltr'><strong>et</strong></span> <span class='ocrx_word' id='word_1_64' title='bbox 688 756 805 812; x_wconf 77' lang='lat' dir='ltr'><strong>humanu</strong></span> <span class='ocrx_word' id='word_1_65' title='bbox 826 773 906 811; x_wconf 86' lang='lat' dir='ltr'><strong>corne</strong></span> <span class='ocrx_word' id='word_1_66' title='bbox 955 759 1185 827; x_wconf 80' lang='lat' dir='ltr'><strong>quemadmodum</strong></span> <span class='ocrx_word' id='word_1_67' title='bbox 1206 773 1238 814; x_wconf 82' lang='lat' dir='ltr'><strong>ex</strong></span> <span class='ocrx_word' id='word_1_68' title='bbox 1255 758 1344 828; x_wconf 89' lang='lat' dir='ltr'><strong>capite</strong></span> <span class='ocrx_word' id='word_1_69' title='bbox 1358 757 1542 827; x_wconf 78' lang='lat' dir='ltr'><strong>membrisque</strong></span> <span class='ocrx_word' id='word_1_70' title='bbox 1558 757 1620 813; x_wconf 86' lang='lat' dir='ltr'><strong>aliis</strong></span> <span class='ocrx_word' id='word_1_71' title='bbox 1633 771 1687 812; x_wconf 90' lang='lat' dir='ltr'><strong>una</strong></span> <span class='ocrx_word' id='word_1_72' title='bbox 1700 768 1740 814; x_wconf 87' lang='grc' dir='ltr'><strong>εει</strong></span> 
     </span>
     <span class='ocr_line' id='line_1_6' title="bbox 108 846 1742 922; baseline 0.001 -20"><span class='ocrx_word' id='word_1_73' title='bbox 108 848 258 904; x_wconf 74' lang='grc' dir='ltr'>ειιιιειειιι</span> <span class='ocrx_word' id='word_1_74' title='bbox 275 846 359 918; x_wconf 82' lang='lat' dir='ltr'><strong>(lili).</strong></span> <span class='ocrx_word' id='word_1_75' title='bbox 377 846 505 904; x_wconf 87' lang='lat' dir='ltr'><strong>Christus</strong></span> <span class='ocrx_word' id='word_1_76' title='bbox 518 863 584 919; x_wconf 91' lang='lat' dir='ltr'><strong>ergo</strong></span> <span class='ocrx_word' id='word_1_77' title='bbox 596 865 630 904; x_wconf 85' lang='lat' dir='ltr'><strong>ex</strong></span> <span class='ocrx_word' id='word_1_78' title='bbox 643 849 787 905; x_wconf 79' lang='lat' dir='ltr'><strong>diuinitate</strong></span> <span class='ocrx_word' id='word_1_79' title='bbox 806 856 833 906; x_wconf 93' lang='lat' dir='ltr'><strong>et</strong></span> <span class='ocrx_word' id='word_1_80' title='bbox 854 849 905 904; x_wconf 93' lang='lat' dir='ltr'><strong>bu·</strong></span> <span class='ocrx_word' id='word_1_81' title='bbox 955 856 1071 918; x_wconf 90' lang='lat' dir='ltr'><strong>natura;</strong></span> <span class='ocrx_word' id='word_1_82' title='bbox 1091 850 1128 904; x_wconf 91' lang='lat' dir='ltr'><strong>ita</strong></span> <span class='ocrx_word' id='word_1_83' title='bbox 1142 857 1185 906; x_wconf 97' lang='grc' dir='ltr'><strong>εει</strong></span> <span class='ocrx_word' id='word_1_84' title='bbox 1198 849 1288 904; x_wconf 88' lang='lat' dir='ltr'><strong>anima</strong></span> <span class='ocrx_word' id='word_1_85' title='bbox 1302 856 1329 904; x_wconf 90' lang='lat' dir='ltr'><strong>et</strong></span> <span class='ocrx_word' id='word_1_86' title='bbox 1343 863 1442 912; x_wconf 88' lang='lat' dir='ltr'><strong>carne,</strong></span> <span class='ocrx_word' id='word_1_87' title='bbox 1457 858 1504 903; x_wconf 88' lang='lat' dir='ltr'><strong>unt</strong></span> <span class='ocrx_word' id='word_1_88' title='bbox 1515 864 1547 903; x_wconf 83' lang='grc' dir='ltr'><strong>ει</strong></span> <span class='ocrx_word' id='word_1_89' title='bbox 1563 847 1618 904; x_wconf 86' lang='lat' dir='ltr'><strong>lieo</strong></span> <span class='ocrx_word' id='word_1_90' title='bbox 1633 856 1742 922; x_wconf 85' lang='lat' dir='ltr'><strong>tutoque</strong></span> 
     </span>
     <span class='ocr_line' id='line_1_7' title="bbox 107 939 1740 1014; baseline 0.002 -20"><span class='ocrx_word' id='word_1_91' title='bbox 107 941 244 996; x_wconf 81' lang='lat' dir='ltr'><strong>inanitate</strong></span> <span class='ocrx_word' id='word_1_92' title='bbox 258 939 384 995; x_wconf 85' lang='lat' dir='ltr'><strong>subsistit</strong></span> <span class='ocrx_word' id='word_1_93' title='bbox 396 958 405 1006; x_wconf 88' lang='grc'><strong>;</strong></span> <span class='ocrx_word' id='word_1_94' title='bbox 420 955 477 994; x_wconf 92' lang='lat' dir='ltr'><strong>non</strong></span> <span class='ocrx_word' id='word_1_95' title='bbox 490 948 621 1011; x_wconf 87' lang='lat' dir='ltr'><strong>tunquam</strong></span> <span class='ocrx_word' id='word_1_96' title='bbox 635 942 820 1013; x_wconf 87' lang='lat' dir='ltr'><strong>compositus,</strong></span> <span class='ocrx_word' id='word_1_97' title='bbox 836 956 905 1014; x_wconf 85' lang='lat' dir='ltr'><strong>quo·</strong></span> <span class='ocrx_word' id='word_1_98' title='bbox 954 940 1064 997; x_wconf 88' lang='lat' dir='ltr'><strong>homine</strong></span> <span class='ocrx_word' id='word_1_99' title='bbox 1080 957 1134 996; x_wconf 90' lang='lat' dir='ltr'><strong>una</strong></span> <span class='ocrx_word' id='word_1_100' title='bbox 1147 947 1190 996; x_wconf 91' lang='lat' dir='ltr'><strong>est</strong></span> <span class='ocrx_word' id='word_1_101' title='bbox 1202 949 1314 1006; x_wconf 89' lang='lat' dir='ltr'><strong>natura,</strong></span> <span class='ocrx_word' id='word_1_102' title='bbox 1332 940 1389 996; x_wconf 83' lang='lat' dir='ltr'><strong>sire</strong></span> <span class='ocrx_word' id='word_1_103' title='bbox 1402 939 1555 997; x_wconf 88' lang='lat' dir='ltr'><strong>substantia</strong></span> <span class='ocrx_word' id='word_1_104' title='bbox 1568 959 1576 1010; x_wconf 91' lang='grc'>;</span> <span class='ocrx_word' id='word_1_105' title='bbox 1591 940 1638 998; x_wconf 86' lang='lat' dir='ltr'><strong>sed</strong></span> <span class='ocrx_word' id='word_1_106' title='bbox 1653 942 1740 998; x_wconf 89' lang='lat' dir='ltr'><strong>solnm</strong></span> 
     </span>
     <span class='ocr_line' id='line_1_8' title="bbox 106 1031 1742 1105; baseline 0.002 -19"><span class='ocrx_word' id='word_1_107' title='bbox 106 1031 186 1086; x_wconf 85' lang='lat' dir='ltr'><strong>niam</strong></span> <span class='ocrx_word' id='word_1_108' title='bbox 202 1046 268 1103; x_wconf 90' lang='lat' dir='ltr'><strong>pars</strong></span> <span class='ocrx_word' id='word_1_109' title='bbox 285 1031 388 1087; x_wconf 90' lang='lat' dir='ltr'><strong>nullius</strong></span> <span class='ocrx_word' id='word_1_110' title='bbox 403 1031 444 1088; x_wconf 89' lang='lat' dir='ltr'><strong>rei</strong></span> <span class='ocrx_word' id='word_1_111' title='bbox 456 1038 546 1102; x_wconf 92' lang='lat' dir='ltr'><strong>potest</strong></span> <span class='ocrx_word' id='word_1_112' title='bbox 558 1047 619 1088; x_wconf 84' lang='lat' dir='ltr'><strong>esse</strong></span> <span class='ocrx_word' id='word_1_113' title='bbox 637 1031 710 1089; x_wconf 84' lang='lat' dir='ltr'><strong>Deus</strong></span> <span class='ocrx_word' id='word_1_114' title='bbox 722 1052 729 1088; x_wconf 91' lang='lat'>:</span> <span class='ocrx_word' id='word_1_115' title='bbox 743 1033 766 1089; x_wconf 90' lang='lat' dir='ltr'><strong>si</strong></span> <span class='ocrx_word' id='word_1_116' title='bbox 778 1034 852 1089; x_wconf 91' lang='lat' dir='ltr'><strong>enim</strong></span> <span class='ocrx_word' id='word_1_117' title='bbox 870 1049 905 1090; x_wconf 86' lang='lat' dir='ltr'><strong>ex</strong></span> <span class='ocrx_word' id='word_1_118' title='bbox 953 1049 1090 1105; x_wconf 88' lang='lat' dir='ltr'><strong>persona:</strong></span> <span class='ocrx_word' id='word_1_119' title='bbox 1111 1049 1185 1104; x_wconf 87' lang='lat' dir='ltr'><strong>qnae,</strong></span> <span class='ocrx_word' id='word_1_120' title='bbox 1210 1033 1282 1088; x_wconf 89' lang='lat' dir='ltr'><strong>sicut</strong></span> <span class='ocrx_word' id='word_1_121' title='bbox 1303 1033 1340 1088; x_wconf 91' lang='lat' dir='ltr'><strong>ibi</strong></span> <span class='ocrx_word' id='word_1_122' title='bbox 1363 1047 1435 1087; x_wconf 90' lang='lat' dir='ltr'><strong>unus</strong></span> <span class='ocrx_word' id='word_1_123' title='bbox 1455 1041 1496 1088; x_wconf 91' lang='grc' dir='ltr'><strong>εει</strong></span> <span class='ocrx_word' id='word_1_124' title='bbox 1516 1031 1615 1099; x_wconf 82' lang='grc' dir='ltr'>ιιειιιο,</span> <span class='ocrx_word' id='word_1_125' title='bbox 1637 1033 1675 1088; x_wconf 81' lang='grc' dir='ltr'><strong>ιιι</strong></span> <span class='ocrx_word' id='word_1_126' title='bbox 1697 1034 1742 1089; x_wconf 93' lang='lat' dir='ltr'><strong>hic</strong></span> 
     </span>
     <span class='ocr_line' id='line_1_9' title="bbox 107 1121 1742 1195; baseline -0.001 -15"><span class='ocrx_word' id='word_1_127' title='bbox 107 1121 169 1180; x_wconf 85' lang='lat' dir='ltr'><strong>Deo</strong></span> <span class='ocrx_word' id='word_1_128' title='bbox 187 1133 217 1179; x_wconf 92' lang='lat' dir='ltr'><strong>et</strong></span> <span class='ocrx_word' id='word_1_129' title='bbox 232 1123 345 1179; x_wconf 89' lang='lat' dir='ltr'><strong>homine</strong></span> <span class='ocrx_word' id='word_1_130' title='bbox 362 1131 574 1195; x_wconf 80' lang='lat' dir='ltr'><strong>componeretur</strong></span> <span class='ocrx_word' id='word_1_131' title='bbox 593 1123 739 1190; x_wconf 86' lang='lat' dir='ltr'><strong>Christus,</strong></span> <span class='ocrx_word' id='word_1_132' title='bbox 761 1141 813 1182; x_wconf 89' lang='lat' dir='ltr'><strong>nec</strong></span> <span class='ocrx_word' id='word_1_133' title='bbox 830 1134 904 1183; x_wconf 89' lang='lat' dir='ltr'><strong>esset</strong></span> <span class='ocrx_word' id='word_1_134' title='bbox 953 1141 1026 1180; x_wconf 89' lang='lat' dir='ltr'><strong>unus</strong></span> <span class='ocrx_word' id='word_1_135' title='bbox 1040 1130 1083 1180; x_wconf 90' lang='lat' dir='ltr'><strong>cst</strong></span> <span class='ocrx_word' id='word_1_136' title='bbox 1096 1123 1234 1180; x_wconf 83' lang='lat' dir='ltr'><strong>Christus.</strong></span> <span class='ocrx_word' id='word_1_137' title='bbox 1250 1121 1329 1179; x_wconf 86' lang='lat' dir='ltr'><strong>Unde</strong></span> <span class='ocrx_word' id='word_1_138' title='bbox 1342 1122 1481 1179; x_wconf 87' lang='lat' dir='ltr'><strong>dicimus:</strong></span> <span class='ocrx_word' id='word_1_139' title='bbox 1497 1121 1572 1178; x_wconf 85' lang='lat' dir='ltr'><strong>Sicut</strong></span> <span class='ocrx_word' id='word_1_140' title='bbox 1588 1125 1678 1178; x_wconf 84' lang='lat' dir='ltr'><strong>enimc</strong></span> <span class='ocrx_word' id='word_1_141' title='bbox 1696 1141 1742 1178; x_wconf 87' lang='lat' dir='ltr'><strong>ro-</strong></span> 
     </span>
     <span class='ocr_line' id='line_1_10' title="bbox 106 1212 1741 1288; baseline 0.002 -21"><span class='ocrx_word' id='word_1_142' title='bbox 106 1212 212 1279; x_wconf 92' lang='lat' dir='ltr'><strong>homo,</strong></span> <span class='ocrx_word' id='word_1_143' title='bbox 226 1229 278 1270; x_wconf 90' lang='lat' dir='ltr'><strong>nec</strong></span> <span class='ocrx_word' id='word_1_144' title='bbox 292 1213 382 1280; x_wconf 85' lang='lat' dir='ltr'><strong>Deus,</strong></span> <span class='ocrx_word' id='word_1_145' title='bbox 397 1230 461 1270; x_wconf 89' lang='lat' dir='ltr'><strong>cnm</strong></span> <span class='ocrx_word' id='word_1_146' title='bbox 474 1215 578 1270; x_wconf 84' lang='lat' dir='ltr'><strong>nubum</strong></span> <span class='ocrx_word' id='word_1_147' title='bbox 592 1222 680 1271; x_wconf 91' lang='lat' dir='ltr'><strong>totum</strong></span> <span class='ocrx_word' id='word_1_148' title='bbox 701 1217 737 1272; x_wconf 89' lang='grc' dir='ltr'><strong>ειι</strong></span> <span class='ocrx_word' id='word_1_149' title='bbox 756 1233 821 1288; x_wconf 89' lang='lat' dir='ltr'><strong>pars</strong></span> <span class='ocrx_word' id='word_1_150' title='bbox 841 1233 901 1274; x_wconf 87' lang='lat' dir='ltr'><strong>sua.</strong></span> <span class='ocrx_word' id='word_1_151' title='bbox 954 1216 1063 1272; x_wconf 83' lang='lat' dir='ltr'><strong>tinnulis</strong></span> <span class='ocrx_word' id='word_1_152' title='bbox 1086 1224 1111 1272; x_wconf 85' lang='lat' dir='ltr'><strong>et</strong></span> <span class='ocrx_word' id='word_1_153' title='bbox 1131 1233 1195 1271; x_wconf 84' lang='lat' dir='ltr'><strong>ento</strong></span> <span class='ocrx_word' id='word_1_154' title='bbox 1217 1231 1285 1270; x_wconf 86' lang='lat' dir='ltr'><strong>unus</strong></span> <span class='ocrx_word' id='word_1_155' title='bbox 1308 1225 1348 1270; x_wconf 85' lang='lat' dir='ltr'><strong>est</strong></span> <span class='ocrx_word' id='word_1_156' title='bbox 1364 1213 1459 1280; x_wconf 84' lang='lat' dir='ltr'><strong>homo,</strong></span> <span class='ocrx_word' id='word_1_157' title='bbox 1479 1216 1518 1270; x_wconf 87' lang='lat' dir='ltr'><strong>itu</strong></span> <span class='ocrx_word' id='word_1_158' title='bbox 1536 1213 1606 1270; x_wconf 83' lang='lat' dir='ltr'><strong>Dens</strong></span> <span class='ocrx_word' id='word_1_159' title='bbox 1623 1223 1648 1270; x_wconf 92' lang='lat' dir='ltr'><strong>et</strong></span> <span class='ocrx_word' id='word_1_160' title='bbox 1664 1215 1741 1271; x_wconf 82' lang='lat' dir='ltr'><strong>bomo</strong></span> 
     </span>
     <span class='ocr_line' id='line_1_11' title="bbox 108 1301 1214 1372; baseline 0.006 -15"><span class='ocrx_word' id='word_1_161' title='bbox 108 1301 168 1358; x_wconf 84' lang='lat' dir='ltr'><strong>Sed</strong></span> <span class='ocrx_word' id='word_1_162' title='bbox 178 1303 304 1360; x_wconf 86' lang='lat' dir='ltr'><strong>Christus</strong></span> <span class='ocrx_word' id='word_1_163' title='bbox 316 1305 461 1367; x_wconf 83' lang='lat' dir='ltr'><strong>verissime</strong></span> <span class='ocrx_word' id='word_1_164' title='bbox 470 1311 513 1361; x_wconf 90' lang='lat' dir='ltr'><strong>est</strong></span> <span class='ocrx_word' id='word_1_165' title='bbox 525 1305 676 1362; x_wconf 89' lang='lat' dir='ltr'><strong>secundnm</strong></span> <span class='ocrx_word' id='word_1_166' title='bbox 688 1307 762 1362; x_wconf 89' lang='lat' dir='ltr'><strong>aliud</strong></span> <span class='ocrx_word' id='word_1_167' title='bbox 773 1314 800 1365; x_wconf 89' lang='lat' dir='ltr'><strong>et</strong></span> <span class='ocrx_word' id='word_1_168' title='bbox 811 1306 901 1372; x_wconf 91' lang='lat' dir='ltr'><strong>aliud,</strong></span> <span class='ocrx_word' id='word_1_169' title='bbox 951 1325 1020 1364; x_wconf 88' lang='lat' dir='ltr'><strong>unns</strong></span> <span class='ocrx_word' id='word_1_170' title='bbox 1034 1316 1073 1364; x_wconf 92' lang='lat' dir='ltr'><strong>est</strong></span> <span class='ocrx_word' id='word_1_171' title='bbox 1084 1306 1214 1364; x_wconf 79' lang='lat' dir='ltr'><strong>Christus.</strong></span> 
     </span>
    </p>

    <p class='ocr_par' dir='ltr' id='par_1_3' title="bbox 104 1394 1744 2579">
     <span class='ocr_line' id='line_1_12' title="bbox 105 1394 1742 1470; baseline 0.002 -19"><span class='ocrx_word' id='word_1_172' title='bbox 105 1403 136 1451; x_wconf 89' lang='grc' dir='ltr'><strong>ει</strong></span> <span class='ocrx_word' id='word_1_173' title='bbox 152 1396 252 1462; x_wconf 86' lang='grc' dir='ltr'>ιιειιιο,</span> <span class='ocrx_word' id='word_1_174' title='bbox 266 1394 384 1452; x_wconf 85' lang='lat' dir='ltr'><strong>ellicus.</strong></span> <span class='ocrx_word' id='word_1_175' title='bbox 406 1394 513 1469; x_wconf 78' lang='lat' dir='ltr'><strong>Quippe</strong></span> <span class='ocrx_word' id='word_1_176' title='bbox 525 1412 588 1452; x_wconf 90' lang='lat' dir='ltr'><strong>com</strong></span> <span class='ocrx_word' id='word_1_177' title='bbox 603 1398 643 1453; x_wconf 90' lang='lat' dir='ltr'><strong>sic</strong></span> <span class='ocrx_word' id='word_1_178' title='bbox 661 1397 800 1454; x_wconf 90' lang='lat' dir='ltr'><strong>dicimus:</strong></span> <span class='ocrx_word' id='word_1_179' title='bbox 824 1395 903 1455; x_wconf 84' lang='lat' dir='ltr'><strong>Chri-</strong></span> <span class='ocrx_word' id='word_1_180' title='bbox 988 1397 1018 1454; x_wconf 89' lang='lat' dir='ltr'><strong>Si</strong></span> <span class='ocrx_word' id='word_1_181' title='bbox 1032 1414 1097 1470; x_wconf 83' lang='lat' dir='ltr'><strong>ergo</strong></span> <span class='ocrx_word' id='word_1_182' title='bbox 1111 1398 1184 1454; x_wconf 84' lang='lat' dir='ltr'><strong>licus</strong></span> <span class='ocrx_word' id='word_1_183' title='bbox 1200 1399 1290 1454; x_wconf 88' lang='lat' dir='ltr'><strong>lactus</strong></span> <span class='ocrx_word' id='word_1_184' title='bbox 1304 1397 1386 1454; x_wconf 89' lang='lat' dir='ltr'><strong>horno</strong></span> <span class='ocrx_word' id='word_1_185' title='bbox 1399 1413 1454 1453; x_wconf 91' lang='lat' dir='ltr'><strong>non</strong></span> <span class='ocrx_word' id='word_1_186' title='bbox 1469 1398 1507 1452; x_wconf 88' lang='lat' dir='ltr'><strong>ita</strong></span> <span class='ocrx_word' id='word_1_187' title='bbox 1527 1397 1695 1470; x_wconf 78' lang='lat' dir='ltr'><strong>intelligitur,</strong></span> <span class='ocrx_word' id='word_1_188' title='bbox 1712 1405 1742 1454; x_wconf 91' lang='lat' dir='ltr'><strong>nt</strong></span> 
     </span>
     <span class='ocr_line' id='line_1_13' title="bbox 106 1488 1740 1561; baseline 0.002 -19"><span class='ocrx_word' id='word_1_189' title='bbox 106 1495 170 1543; x_wconf 78' lang='lat' dir='ltr'><strong>stus</strong></span> <span class='ocrx_word' id='word_1_190' title='bbox 182 1498 221 1544; x_wconf 86' lang='lat' dir='ltr'><strong>est</strong></span> <span class='ocrx_word' id='word_1_191' title='bbox 235 1488 323 1555; x_wconf 84' lang='grc' dir='ltr'>ιιειιιε,</span> <span class='ocrx_word' id='word_1_192' title='bbox 337 1503 406 1544; x_wconf 81' lang='lat' dir='ltr'><strong>rooe</strong></span> <span class='ocrx_word' id='word_1_193' title='bbox 419 1488 544 1559; x_wconf 73' lang='lat' dir='ltr'><strong>subiecta</strong></span> <span class='ocrx_word' id='word_1_194' title='bbox 557 1489 754 1544; x_wconf 88' lang='lat' dir='ltr'><strong>humanitatem</strong></span> <span class='ocrx_word' id='word_1_195' title='bbox 765 1489 902 1561; x_wconf 83' lang='lat' dir='ltr'><strong>significa·</strong></span> <span class='ocrx_word' id='word_1_196' title='bbox 952 1490 1107 1546; x_wconf 86' lang='lat' dir='ltr'><strong>substantia</strong></span> <span class='ocrx_word' id='word_1_197' title='bbox 1135 1491 1163 1546; x_wconf 91' lang='lat' dir='ltr'><strong>in</strong></span> <span class='ocrx_word' id='word_1_198' title='bbox 1193 1490 1391 1554; x_wconf 86' lang='lat' dir='ltr'><strong>substantiam,</strong></span> <span class='ocrx_word' id='word_1_199' title='bbox 1418 1489 1538 1546; x_wconf 80' lang='lat' dir='ltr'><strong>creatrix</strong></span> <span class='ocrx_word' id='word_1_200' title='bbox 1563 1490 1592 1546; x_wconf 91' lang='lat' dir='ltr'><strong>in</strong></span> <span class='ocrx_word' id='word_1_201' title='bbox 1620 1498 1740 1546; x_wconf 85' lang='lat' dir='ltr'><strong>creatam</strong></span> 
     </span>
     <span class='ocr_line' id='line_1_14' title="bbox 107 1579 1742 1654; baseline 0.002 -19"><span class='ocrx_word' id='word_1_202' title='bbox 107 1597 185 1638; x_wconf 81' lang='lat' dir='ltr'><strong>urus.</strong></span> <span class='ocrx_word' id='word_1_203' title='bbox 200 1582 268 1637; x_wconf 89' lang='lat' dir='ltr'><strong>Cum</strong></span> <span class='ocrx_word' id='word_1_204' title='bbox 282 1597 348 1639; x_wconf 82' lang='lat' dir='ltr'><strong>tero</strong></span> <span class='ocrx_word' id='word_1_205' title='bbox 363 1583 423 1639; x_wconf 86' lang='lat' dir='ltr'><strong>sic:</strong></span> <span class='ocrx_word' id='word_1_206' title='bbox 440 1579 562 1638; x_wconf 84' lang='lat' dir='ltr'><strong>Christus</strong></span> <span class='ocrx_word' id='word_1_207' title='bbox 575 1592 615 1637; x_wconf 92' lang='lat' dir='ltr'><strong>est</strong></span> <span class='ocrx_word' id='word_1_208' title='bbox 625 1582 713 1648; x_wconf 84' lang='lat' dir='ltr'><strong>Deus,</strong></span> <span class='ocrx_word' id='word_1_209' title='bbox 729 1583 901 1640; x_wconf 74' lang='lat' dir='ltr'><strong>divinitatem</strong></span> <span class='ocrx_word' id='word_1_210' title='bbox 950 1597 1031 1638; x_wconf 81' lang='lat' dir='ltr'><strong>versa</strong></span> <span class='ocrx_word' id='word_1_211' title='bbox 1051 1583 1175 1638; x_wconf 82' lang='lat' dir='ltr'><strong>videatur</strong></span> <span class='ocrx_word' id='word_1_212' title='bbox 1194 1582 1274 1654; x_wconf 88' lang='lat' dir='ltr'><strong>(talis</strong></span> <span class='ocrx_word' id='word_1_213' title='bbox 1288 1583 1388 1654; x_wconf 86' lang='lat' dir='ltr'><strong>qnippe</strong></span> <span class='ocrx_word' id='word_1_214' title='bbox 1408 1581 1524 1638; x_wconf 87' lang='lat' dir='ltr'><strong>mutatio</strong></span> <span class='ocrx_word' id='word_1_215' title='bbox 1542 1590 1675 1639; x_wconf 88' lang='lat' dir='ltr'><strong>mutatam</strong></span> <span class='ocrx_word' id='word_1_216' title='bbox 1694 1600 1742 1639; x_wconf 91' lang='lat' dir='ltr'><strong>na·</strong></span> 
     </span>
     <span class='ocr_line' id='line_1_15' title="bbox 106 1663 1742 1755; baseline 0.002 -27"><span class='ocrx_word' id='word_1_217' title='bbox 106 1663 297 1746; x_wconf 77' lang='lat' dir='ltr'><strong>designamus.</strong></span> <span class='ocrx_word' id='word_1_218' title='bbox 308 1673 378 1730; x_wconf 88' lang='lat' dir='ltr'><strong>Cum</strong></span> <span class='ocrx_word' id='word_1_219' title='bbox 393 1685 484 1732; x_wconf 88' lang='lat' dir='ltr'><strong>autern</strong></span> <span class='ocrx_word' id='word_1_220' title='bbox 498 1675 551 1732; x_wconf 92' lang='lat' dir='ltr'><strong>hoc</strong></span> <span class='ocrx_word' id='word_1_221' title='bbox 565 1677 647 1732; x_wconf 89' lang='lat' dir='ltr'><strong>tertio</strong></span> <span class='ocrx_word' id='word_1_222' title='bbox 660 1676 762 1733; x_wconf 87' lang='lat' dir='ltr'><strong>modo:</strong></span> <span class='ocrx_word' id='word_1_223' title='bbox 778 1674 901 1733; x_wconf 81' lang='lat' dir='ltr'><strong>Christus</strong></span> <span class='ocrx_word' id='word_1_224' title='bbox 951 1683 1041 1730; x_wconf 87' lang='lat' dir='ltr'><strong>turam</strong></span> <span class='ocrx_word' id='word_1_225' title='bbox 1066 1675 1239 1755; x_wconf 74' lang='lat' dir='ltr'><strong>exinaniret,</strong></span> <span class='ocrx_word' id='word_1_226' title='bbox 1263 1675 1392 1747; x_wconf 85' lang='lat' dir='ltr'><strong>quoniam</strong></span> <span class='ocrx_word' id='word_1_227' title='bbox 1415 1675 1488 1746; x_wconf 84' lang='lat' dir='ltr'><strong>quod</strong></span> <span class='ocrx_word' id='word_1_228' title='bbox 1514 1683 1578 1733; x_wconf 87' lang='lat' dir='ltr'><strong>ante</strong></span> <span class='ocrx_word' id='word_1_229' title='bbox 1600 1687 1658 1733; x_wconf 90' lang='lat' dir='ltr'><strong>erat</strong></span> <span class='ocrx_word' id='word_1_230' title='bbox 1686 1691 1742 1732; x_wconf 91' lang='lat' dir='ltr'><strong>non</strong></span> 
     </span>
     <span class='ocr_line' id='line_1_16' title="bbox 105 1762 1740 1845; baseline 0.002 -27"><span class='ocrx_word' id='word_1_231' title='bbox 105 1773 151 1818; x_wconf 88' lang='lat' dir='ltr'><strong>cst</strong></span> <span class='ocrx_word' id='word_1_232' title='bbox 166 1762 237 1820; x_wconf 79' lang='lat' dir='ltr'><strong>licut</strong></span> <span class='ocrx_word' id='word_1_233' title='bbox 256 1772 281 1819; x_wconf 92' lang='lat' dir='ltr'><strong>et</strong></span> <span class='ocrx_word' id='word_1_234' title='bbox 299 1763 395 1831; x_wconf 78' lang='lat' dir='ltr'><strong>bomo,</strong></span> <span class='ocrx_word' id='word_1_235' title='bbox 414 1765 527 1821; x_wconf 89' lang='lat' dir='ltr'><strong>nomine</strong></span> <span class='ocrx_word' id='word_1_236' title='bbox 548 1762 649 1821; x_wconf 83' lang='lat' dir='ltr'><strong>Christi</strong></span> <span class='ocrx_word' id='word_1_237' title='bbox 670 1774 787 1839; x_wconf 87' lang='lat' dir='ltr'><strong>utraque</strong></span> <span class='ocrx_word' id='word_1_238' title='bbox 802 1779 902 1823; x_wconf 88' lang='lat' dir='ltr'><strong>natura</strong></span> <span class='ocrx_word' id='word_1_239' title='bbox 951 1769 1143 1845; x_wconf 89' lang='lat' dir='ltr'><strong>remaneret),</strong></span> <span class='ocrx_word' id='word_1_240' title='bbox 1158 1769 1281 1841; x_wconf 87' lang='lat' dir='ltr'><strong>quidest</strong></span> <span class='ocrx_word' id='word_1_241' title='bbox 1295 1767 1368 1840; x_wconf 84' lang='lat' dir='ltr'><strong>quod</strong></span> <span class='ocrx_word' id='word_1_242' title='bbox 1388 1765 1461 1823; x_wconf 85' lang='lat' dir='ltr'><strong>Deus</strong></span> <span class='ocrx_word' id='word_1_243' title='bbox 1481 1765 1569 1824; x_wconf 86' lang='lat' dir='ltr'><strong>iactus</strong></span> <span class='ocrx_word' id='word_1_244' title='bbox 1583 1773 1626 1824; x_wconf 87' lang='lat' dir='ltr'><strong>est</strong></span> <span class='ocrx_word' id='word_1_245' title='bbox 1638 1767 1740 1832; x_wconf 92' lang='lat' dir='ltr'><strong>borno,</strong></span> 
     </span>
     <span class='ocr_line' id='line_1_17' title="bbox 107 1842 1740 1932; baseline 0.003 -23"><span class='ocrx_word' id='word_1_246' title='bbox 107 1853 317 1912; x_wconf 77' lang='lat' dir='ltr'><strong>manifestatur.</strong></span> <span class='ocrx_word' id='word_1_247' title='bbox 332 1854 374 1910; x_wconf 92' lang='lat' dir='ltr'><strong>lta</strong></span> <span class='ocrx_word' id='word_1_248' title='bbox 387 1857 490 1913; x_wconf 89' lang='lat' dir='ltr'><strong>locutio</strong></span> <span class='ocrx_word' id='word_1_249' title='bbox 501 1860 658 1930; x_wconf 78' lang='lat' dir='ltr'><strong>exponitur,</strong></span> <span class='ocrx_word' id='word_1_250' title='bbox 672 1865 703 1913; x_wconf 90' lang='lat' dir='ltr'><strong>ut</strong></span> <span class='ocrx_word' id='word_1_251' title='bbox 716 1858 819 1917; x_wconf 83' lang='lat' dir='ltr'><strong>ueritas</strong></span> <span class='ocrx_word' id='word_1_252' title='bbox 837 1873 902 1930; x_wconf 89' lang='lat' dir='ltr'><strong>pcr-</strong></span> <span class='ocrx_word' id='word_1_253' title='bbox 918 1842 941 1902; x_wconf 80' lang='lat' dir='ltr'>B</span> <span class='ocrx_word' id='word_1_254' title='bbox 956 1863 1035 1932; x_wconf 77' lang='lat'><strong>112</strong></span> <span class='ocrx_word' id='word_1_255' title='bbox 1051 1877 1105 1918; x_wconf 92' lang='lat' dir='ltr'><strong>non</strong></span> <span class='ocrx_word' id='word_1_256' title='bbox 1120 1861 1259 1918; x_wconf 89' lang='lat' dir='ltr'><strong>dimittens</strong></span> <span class='ocrx_word' id='word_1_257' title='bbox 1271 1860 1344 1932; x_wconf 86' lang='lat' dir='ltr'><strong>qnod</strong></span> <span class='ocrx_word' id='word_1_258' title='bbox 1358 1867 1431 1924; x_wconf 90' lang='lat' dir='ltr'><strong>erat,</strong></span> <span class='ocrx_word' id='word_1_259' title='bbox 1444 1859 1590 1930; x_wconf 87' lang='lat' dir='ltr'><strong>assumpsit</strong></span> <span class='ocrx_word' id='word_1_260' title='bbox 1603 1860 1675 1930; x_wconf 87' lang='lat' dir='ltr'><strong>quod</strong></span> <span class='ocrx_word' id='word_1_261' title='bbox 1685 1874 1740 1915; x_wconf 93' lang='lat' dir='ltr'><strong>non</strong></span> 
     </span>
     <span class='ocr_line' id='line_1_18' title="bbox 108 1948 1741 2025; baseline 0.002 -24"><span class='ocrx_word' id='word_1_262' title='bbox 108 1948 249 2016; x_wconf 91' lang='lat' dir='ltr'><strong>pendatur</strong></span> <span class='ocrx_word' id='word_1_263' title='bbox 261 1965 269 2016; x_wconf 88' lang='lat'><strong>;</strong></span> <span class='ocrx_word' id='word_1_264' title='bbox 285 1948 324 2002; x_wconf 89' lang='lat' dir='ltr'><strong>ita</strong></span> <span class='ocrx_word' id='word_1_265' title='bbox 336 1949 440 2004; x_wconf 91' lang='lat' dir='ltr'><strong>locutio</strong></span> <span class='ocrx_word' id='word_1_266' title='bbox 452 1951 585 2017; x_wconf 79' lang='lat' dir='ltr'><strong>variatur,</strong></span> <span class='ocrx_word' id='word_1_267' title='bbox 599 1957 630 2006; x_wconf 89' lang='lat' dir='ltr'><strong>ut</strong></span> <span class='ocrx_word' id='word_1_268' title='bbox 639 1951 723 2006; x_wconf 91' lang='lat' dir='ltr'><strong>modo</strong></span> <span class='ocrx_word' id='word_1_269' title='bbox 733 1951 807 2016; x_wconf 73' lang='lat' dir='ltr'><strong>buc,</strong></span> <span class='ocrx_word' id='word_1_270' title='bbox 822 1951 903 2008; x_wconf 88' lang='lat' dir='ltr'><strong>modo</strong></span> <span class='ocrx_word' id='word_1_271' title='bbox 953 1961 1030 2020; x_wconf 88' lang='lat' dir='ltr'><strong>erat,</strong></span> <span class='ocrx_word' id='word_1_272' title='bbox 1045 1954 1098 2011; x_wconf 92' lang='lat' dir='ltr'><strong>nisi</strong></span> <span class='ocrx_word' id='word_1_273' title='bbox 1113 1955 1186 2025; x_wconf 87' lang='lat' dir='ltr'><strong>quod</strong></span> <span class='ocrx_word' id='word_1_274' title='bbox 1200 1953 1258 2014; x_wconf 85' lang='lat' dir='ltr'><strong>haec</strong></span> <span class='ocrx_word' id='word_1_275' title='bbox 1271 1961 1370 2008; x_wconf 85' lang='lat' dir='ltr'><strong>natura</strong></span> <span class='ocrx_word' id='word_1_276' title='bbox 1384 1965 1523 2022; x_wconf 87' lang='lat' dir='ltr'><strong>nunquam</strong></span> <span class='ocrx_word' id='word_1_277' title='bbox 1542 1956 1584 2008; x_wconf 86' lang='lat' dir='ltr'><strong>est</strong></span> <span class='ocrx_word' id='word_1_278' title='bbox 1603 1951 1668 2017; x_wconf 84' lang='lat' dir='ltr'><strong>illa;</strong></span> <span class='ocrx_word' id='word_1_279' title='bbox 1684 1951 1741 2005; x_wconf 84' lang='lat' dir='ltr'><strong>haec</strong></span> 
     </span>
     <span class='ocr_line' id='line_1_19' title="bbox 107 2040 1741 2117; baseline 0.003 -25"><span class='ocrx_word' id='word_1_280' title='bbox 107 2040 176 2105; x_wconf 89' lang='lat' dir='ltr'><strong>illa,</strong></span> <span class='ocrx_word' id='word_1_281' title='bbox 198 2041 279 2096; x_wconf 89' lang='lat' dir='ltr'><strong>modo</strong></span> <span class='ocrx_word' id='word_1_282' title='bbox 298 2048 415 2113; x_wconf 84' lang='lat' dir='ltr'><strong>utraque</strong></span> <span class='ocrx_word' id='word_1_283' title='bbox 436 2043 465 2099; x_wconf 90' lang='lat' dir='ltr'><strong>in</strong></span> <span class='ocrx_word' id='word_1_284' title='bbox 484 2041 594 2099; x_wconf 88' lang='lat' dir='ltr'><strong>Christo</strong></span> <span class='ocrx_word' id='word_1_285' title='bbox 614 2049 712 2099; x_wconf 91' lang='lat' dir='ltr'><strong>natura</strong></span> <span class='ocrx_word' id='word_1_286' title='bbox 727 2043 902 2114; x_wconf 79' lang='lat' dir='ltr'><strong>intelligatur.</strong></span> <span class='ocrx_word' id='word_1_287' title='bbox 954 2052 1046 2102; x_wconf 85' lang='lat' dir='ltr'><strong>tamen</strong></span> <span class='ocrx_word' id='word_1_288' title='bbox 1059 2054 1176 2113; x_wconf 88' lang='lat' dir='ltr'><strong>natura,</strong></span> <span class='ocrx_word' id='word_1_289' title='bbox 1193 2046 1246 2102; x_wconf 91' lang='lat' dir='ltr'><strong>sibi</strong></span> <span class='ocrx_word' id='word_1_290' title='bbox 1259 2043 1406 2117; x_wconf 88' lang='lat' dir='ltr'><strong>aliquando</strong></span> <span class='ocrx_word' id='word_1_291' title='bbox 1419 2041 1547 2113; x_wconf 78' lang='lat' dir='ltr'><strong>astringit</strong></span> <span class='ocrx_word' id='word_1_292' title='bbox 1559 2041 1634 2097; x_wconf 90' lang='lat' dir='ltr'><strong>illam</strong></span> <span class='ocrx_word' id='word_1_293' title='bbox 1645 2042 1657 2096; x_wconf 86' lang='grc' dir='ltr'><strong>ι</strong></span> <span class='ocrx_word' id='word_1_294' title='bbox 1670 2041 1741 2097; x_wconf 88' lang='lat' dir='ltr'><strong>unde</strong></span> 
     </span>
     <span class='ocr_line' id='line_1_20' title="bbox 105 2131 1743 2209; baseline 0.001 -24"><span class='ocrx_word' id='word_1_295' title='bbox 105 2131 179 2189; x_wconf 88' lang='lat' dir='ltr'><strong>lteru</strong></span> <span class='ocrx_word' id='word_1_296' title='bbox 193 2150 255 2192; x_wconf 87' lang='lat' dir='ltr'><strong>cum</strong></span> <span class='ocrx_word' id='word_1_297' title='bbox 271 2135 368 2202; x_wconf 91' lang='lat' dir='ltr'><strong>audis,</strong></span> <span class='ocrx_word' id='word_1_298' title='bbox 382 2137 448 2209; x_wconf 83' lang='lat' dir='ltr'><strong>quis</strong></span> <span class='ocrx_word' id='word_1_299' title='bbox 462 2136 544 2192; x_wconf 91' lang='lat' dir='ltr'><strong>homo</strong></span> <span class='ocrx_word' id='word_1_300' title='bbox 556 2143 600 2192; x_wconf 90' lang='lat' dir='ltr'><strong>est</strong></span> <span class='ocrx_word' id='word_1_301' title='bbox 613 2135 704 2206; x_wconf 82' lang='lat' dir='ltr'><strong>Deus,</strong></span> <span class='ocrx_word' id='word_1_302' title='bbox 718 2152 754 2192; x_wconf 91' lang='lat' dir='ltr'><strong>nc</strong></span> <span class='ocrx_word' id='word_1_303' title='bbox 768 2137 904 2208; x_wconf 89' lang='lat' dir='ltr'><strong>intelligas</strong></span> <span class='ocrx_word' id='word_1_304' title='bbox 954 2138 1074 2196; x_wconf 90' lang='lat' dir='ltr'><strong>dicitur:</strong></span> <span class='ocrx_word' id='word_1_305' title='bbox 1093 2137 1166 2194; x_wconf 83' lang='lat' dir='ltr'><strong>Unus</strong></span> <span class='ocrx_word' id='word_1_306' title='bbox 1181 2149 1267 2194; x_wconf 86' lang='lat' dir='ltr'><strong>eutem</strong></span> <span class='ocrx_word' id='word_1_307' title='bbox 1283 2153 1335 2192; x_wconf 88' lang='lat' dir='ltr'><strong>non</strong></span> <span class='ocrx_word' id='word_1_308' title='bbox 1352 2133 1518 2192; x_wconf 80' lang='lat' dir='ltr'><strong>conversione</strong></span> <span class='ocrx_word' id='word_1_309' title='bbox 1531 2132 1685 2188; x_wconf 79' lang='lat' dir='ltr'><strong>substantio</strong></span> <span class='ocrx_word' id='word_1_310' title='bbox 1700 2131 1743 2187; x_wconf 85' lang='lat' dir='ltr'><strong>di·</strong></span> 
     </span>
     <span class='ocr_line' id='line_1_21' title="bbox 106 2223 1743 2300; baseline -0.002 -20"><span class='ocrx_word' id='word_1_311' title='bbox 106 2226 186 2295; x_wconf 78' lang='lat' dir='ltr'><strong>cpuod</strong></span> <span class='ocrx_word' id='word_1_312' title='bbox 205 2235 300 2282; x_wconf 89' lang='lat' dir='ltr'><strong>natum</strong></span> <span class='ocrx_word' id='word_1_313' title='bbox 321 2234 364 2284; x_wconf 87' lang='grc' dir='ltr'><strong>εει</strong></span> <span class='ocrx_word' id='word_1_314' title='bbox 383 2243 416 2284; x_wconf 83' lang='lat' dir='ltr'><strong>ex</strong></span> <span class='ocrx_word' id='word_1_315' title='bbox 437 2235 580 2300; x_wconf 88' lang='lat' dir='ltr'><strong>temporo,</strong></span> <span class='ocrx_word' id='word_1_316' title='bbox 601 2235 666 2285; x_wconf 81' lang='lat' dir='ltr'><strong>ante</strong></span> <span class='ocrx_word' id='word_1_317' title='bbox 679 2235 803 2298; x_wconf 88' lang='lat' dir='ltr'><strong>tempora</strong></span> <span class='ocrx_word' id='word_1_318' title='bbox 817 2229 903 2284; x_wconf 83' lang='lat' dir='ltr'><strong>exsti·</strong></span> <span class='ocrx_word' id='word_1_319' title='bbox 954 2229 1074 2284; x_wconf 86' lang='lat' dir='ltr'><strong>uinitotis</strong></span> <span class='ocrx_word' id='word_1_320' title='bbox 1090 2229 1119 2283; x_wconf 91' lang='lat' dir='ltr'><strong>in</strong></span> <span class='ocrx_word' id='word_1_321' title='bbox 1133 2243 1255 2292; x_wconf 88' lang='lat' dir='ltr'><strong>curnem,</strong></span> <span class='ocrx_word' id='word_1_322' title='bbox 1272 2225 1316 2282; x_wconf 89' lang='lat' dir='ltr'><strong>sed</strong></span> <span class='ocrx_word' id='word_1_323' title='bbox 1332 2239 1509 2295; x_wconf 75' lang='lat' dir='ltr'><strong>assumptione</strong></span> <span class='ocrx_word' id='word_1_324' title='bbox 1523 2223 1695 2279; x_wconf 83' lang='lat' dir='ltr'><strong>humanitatis</strong></span> <span class='ocrx_word' id='word_1_325' title='bbox 1715 2223 1743 2276; x_wconf 89' lang='lat' dir='ltr'><strong>in</strong></span> 
     </span>
     <span class='ocr_line' id='line_1_22' title="bbox 104 2315 1744 2392; baseline -0.002 -19"><span class='ocrx_word' id='word_1_326' title='bbox 104 2318 198 2387; x_wconf 89' lang='lat' dir='ltr'><strong>tisse,</strong></span> <span class='ocrx_word' id='word_1_327' title='bbox 214 2319 288 2390; x_wconf 86' lang='lat' dir='ltr'><strong>quod</strong></span> <span class='ocrx_word' id='word_1_328' title='bbox 302 2319 459 2375; x_wconf 87' lang='lat' dir='ltr'><strong>continetur</strong></span> <span class='ocrx_word' id='word_1_329' title='bbox 477 2319 555 2385; x_wconf 91' lang='lat' dir='ltr'><strong>loco,</strong></span> <span class='ocrx_word' id='word_1_330' title='bbox 578 2334 687 2377; x_wconf 87' lang='lat' dir='ltr'><strong>omnem</strong></span> <span class='ocrx_word' id='word_1_331' title='bbox 707 2320 798 2376; x_wconf 87' lang='lat' dir='ltr'><strong>locum</strong></span> <span class='ocrx_word' id='word_1_332' title='bbox 816 2319 905 2392; x_wconf 87' lang='lat' dir='ltr'><strong>reple·</strong></span> <span class='ocrx_word' id='word_1_333' title='bbox 953 2319 1051 2375; x_wconf 86' lang='lat' dir='ltr'><strong>Deurn.</strong></span> <span class='ocrx_word' id='word_1_334' title='bbox 1067 2316 1127 2374; x_wconf 90' lang='lat' dir='ltr'><strong>Non</strong></span> <span class='ocrx_word' id='word_1_335' title='bbox 1145 2334 1210 2390; x_wconf 85' lang='lat' dir='ltr'><strong>ergo</strong></span> <span class='ocrx_word' id='word_1_336' title='bbox 1228 2316 1300 2374; x_wconf 87' lang='lat' dir='ltr'><strong>Dens</strong></span> <span class='ocrx_word' id='word_1_337' title='bbox 1320 2333 1418 2376; x_wconf 81' lang='lat' dir='ltr'><strong>tersus</strong></span> <span class='ocrx_word' id='word_1_338' title='bbox 1438 2317 1466 2373; x_wconf 95' lang='lat' dir='ltr'><strong>in</strong></span> <span class='ocrx_word' id='word_1_339' title='bbox 1487 2315 1623 2372; x_wconf 85' lang='lat' dir='ltr'><strong>bominem</strong></span> <span class='ocrx_word' id='word_1_340' title='bbox 1638 2320 1694 2381; x_wconf 90' lang='grc' dir='ltr'>εει,</span> <span class='ocrx_word' id='word_1_341' title='bbox 1711 2329 1744 2369; x_wconf 84' lang='lat' dir='ltr'><strong>ao</strong></span> 
     </span>
     <span class='ocr_line' id='line_1_23' title="bbox 105 2409 1744 2484; baseline -0.002 -19"><span class='ocrx_word' id='word_1_342' title='bbox 105 2425 162 2478; x_wconf 69' lang='lat' dir='ltr'><strong>re,</strong></span> <span class='ocrx_word' id='word_1_343' title='bbox 178 2412 252 2483; x_wconf 91' lang='lat' dir='ltr'><strong>quod</strong></span> <span class='ocrx_word' id='word_1_344' title='bbox 265 2412 385 2484; x_wconf 81' lang='lat' dir='ltr'><strong>denique</strong></span> <span class='ocrx_word' id='word_1_345' title='bbox 398 2427 500 2484; x_wconf 89' lang='lat' dir='ltr'><strong>corpus</strong></span> <span class='ocrx_word' id='word_1_346' title='bbox 513 2420 576 2481; x_wconf 88' lang='lat' dir='ltr'><strong>cst;</strong></span> <span class='ocrx_word' id='word_1_347' title='bbox 598 2412 792 2483; x_wconf 86' lang='lat' dir='ltr'><strong>spiritumnon</strong></span> <span class='ocrx_word' id='word_1_348' title='bbox 803 2412 902 2468; x_wconf 90' lang='lat' dir='ltr'><strong>crede:</strong></span> <span class='ocrx_word' id='word_1_349' title='bbox 954 2427 1004 2483; x_wconf 88' lang='lat' dir='ltr'><strong>per</strong></span> <span class='ocrx_word' id='word_1_350' title='bbox 1023 2411 1075 2468; x_wconf 95' lang='lat' dir='ltr'><strong>hoc</strong></span> <span class='ocrx_word' id='word_1_351' title='bbox 1095 2425 1146 2467; x_wconf 85' lang='lat' dir='ltr'><strong>nec</strong></span> <span class='ocrx_word' id='word_1_352' title='bbox 1167 2409 1256 2466; x_wconf 89' lang='lat' dir='ltr'><strong>iactus</strong></span> <span class='ocrx_word' id='word_1_353' title='bbox 1276 2409 1358 2466; x_wconf 89' lang='lat' dir='ltr'><strong>homo</strong></span> <span class='ocrx_word' id='word_1_354' title='bbox 1372 2417 1431 2476; x_wconf 91' lang='lat' dir='ltr'><strong>est,</strong></span> <span class='ocrx_word' id='word_1_355' title='bbox 1448 2410 1548 2482; x_wconf 86' lang='lat' dir='ltr'><strong>quippe</strong></span> <span class='ocrx_word' id='word_1_356' title='bbox 1561 2423 1668 2480; x_wconf 83' lang='lat' dir='ltr'><strong>sempor</strong></span> <span class='ocrx_word' id='word_1_357' title='bbox 1681 2423 1744 2479; x_wconf 88' lang='lat' dir='ltr'><strong>per·</strong></span> 
     </span>
     <span class='ocr_line' id='line_1_24' title="bbox 106 2499 1629 2579; baseline -0.003 -21"><span class='ocrx_word' id='word_1_358' title='bbox 106 2502 229 2572; x_wconf 83' lang='lat' dir='ltr'><strong>Spiritus</strong></span> <span class='ocrx_word' id='word_1_359' title='bbox 242 2505 312 2559; x_wconf 81' lang='grc' dir='ltr'>ειιιιιι</span> <span class='ocrx_word' id='word_1_360' title='bbox 328 2513 368 2562; x_wconf 87' lang='lat' dir='ltr'><strong>est</strong></span> <span class='ocrx_word' id='word_1_361' title='bbox 381 2504 453 2560; x_wconf 80' lang='lat' dir='ltr'><strong>Drus</strong></span> <span class='ocrx_word' id='word_1_362' title='bbox 466 2503 567 2579; x_wconf 71' lang='lat' dir='ltr'><strong>(loon.</strong></span> <span class='ocrx_word' id='word_1_363' title='bbox 582 2521 620 2570; x_wconf 83' lang='grc' dir='ltr'><strong>ιι,</strong></span> <span class='ocrx_word' id='word_1_364' title='bbox 634 2504 698 2578; x_wconf 74' lang='grc' dir='ltr'>ιι).</span> <span class='ocrx_word' id='word_1_365' title='bbox 954 2503 1058 2558; x_wconf 89' lang='lat' dir='ltr'><strong>mansit</strong></span> <span class='ocrx_word' id='word_1_366' title='bbox 1071 2501 1142 2558; x_wconf 87' lang='lat' dir='ltr'><strong>Dens</strong></span> <span class='ocrx_word' id='word_1_367' title='bbox 1156 2521 1162 2557; x_wconf 91' lang='lat'>:</span> <span class='ocrx_word' id='word_1_368' title='bbox 1178 2502 1244 2573; x_wconf 83' lang='lat' dir='ltr'><strong>quid</strong></span> <span class='ocrx_word' id='word_1_369' title='bbox 1257 2502 1330 2557; x_wconf 88' lang='lat' dir='ltr'><strong>enim</strong></span> <span class='ocrx_word' id='word_1_370' title='bbox 1342 2509 1384 2558; x_wconf 90' lang='grc' dir='ltr'><strong>εει</strong></span> <span class='ocrx_word' id='word_1_371' title='bbox 1399 2500 1456 2558; x_wconf 89' lang='lat' dir='ltr'><strong>lieri</strong></span> <span class='ocrx_word' id='word_1_372' title='bbox 1470 2501 1524 2558; x_wconf 90' lang='lat' dir='ltr'><strong>nisi</strong></span> <span class='ocrx_word' id='word_1_373' title='bbox 1537 2499 1629 2556; x_wconf 84' lang='lat' dir='ltr'><strong>verti?</strong></span> 
     </span>
    </p>

    <p class='ocr_par' dir='ltr' id='par_1_4' title="bbox 103 2587 1744 3316">
     <span class='ocr_line' id='line_1_25' title="bbox 147 2587 1743 2671; baseline -0.005 -19"><span class='ocrx_word' id='word_1_374' title='bbox 147 2595 203 2652; x_wconf 86' lang='lat' dir='ltr'><strong>Sed</strong></span> <span class='ocrx_word' id='word_1_375' title='bbox 216 2598 240 2653; x_wconf 91' lang='lat' dir='ltr'><strong>si</strong></span> <span class='ocrx_word' id='word_1_376' title='bbox 255 2597 328 2656; x_wconf 83' lang='lat' dir='ltr'><strong>Deus</strong></span> <span class='ocrx_word' id='word_1_377' title='bbox 341 2615 398 2654; x_wconf 90' lang='lat' dir='ltr'><strong>non</strong></span> <span class='ocrx_word' id='word_1_378' title='bbox 411 2606 578 2671; x_wconf 88' lang='lat' dir='ltr'><strong>potestesse</strong></span> <span class='ocrx_word' id='word_1_379' title='bbox 592 2600 652 2654; x_wconf 91' lang='lat' dir='ltr'><strong>sine</strong></span> <span class='ocrx_word' id='word_1_380' title='bbox 669 2597 730 2666; x_wconf 91' lang='lat' dir='ltr'><strong>his,</strong></span> <span class='ocrx_word' id='word_1_381' title='bbox 751 2612 802 2653; x_wconf 87' lang='lat' dir='ltr'><strong>nec</strong></span> <span class='ocrx_word' id='word_1_382' title='bbox 821 2595 904 2652; x_wconf 91' lang='lat' dir='ltr'><strong>homo</strong></span> <span class='ocrx_word' id='word_1_383' title='bbox 991 2591 1040 2649; x_wconf 82' lang='lat' dir='ltr'><strong>Est</strong></span> <span class='ocrx_word' id='word_1_384' title='bbox 1065 2601 1156 2648; x_wconf 90' lang='lat' dir='ltr'><strong>tamen</strong></span> <span class='ocrx_word' id='word_1_385' title='bbox 1179 2591 1252 2649; x_wconf 82' lang='lat' dir='ltr'><strong>licus</strong></span> <span class='ocrx_word' id='word_1_386' title='bbox 1273 2593 1428 2650; x_wconf 88' lang='lat' dir='ltr'><strong>certissime</strong></span> <span class='ocrx_word' id='word_1_387' title='bbox 1447 2591 1537 2648; x_wconf 74' lang='lat' dir='ltr'><strong>iactus·</strong></span> <span class='ocrx_word' id='word_1_388' title='bbox 1557 2590 1656 2646; x_wconf 90' lang='lat' dir='ltr'><strong>bomo:</strong></span> <span class='ocrx_word' id='word_1_389' title='bbox 1680 2587 1743 2644; x_wconf 81' lang='lat' dir='ltr'><strong>Non</strong></span> 
     </span>
     <span class='ocr_line' id='line_1_26' title="bbox 105 2681 1742 2761; baseline -0.005 -17"><span class='ocrx_word' id='word_1_390' title='bbox 105 2688 174 2744; x_wconf 80' lang='lat' dir='ltr'><strong>sine</strong></span> <span class='ocrx_word' id='word_1_391' title='bbox 188 2689 253 2755; x_wconf 92' lang='lat' dir='ltr'><strong>illis,</strong></span> <span class='ocrx_word' id='word_1_392' title='bbox 264 2690 402 2761; x_wconf 87' lang='lat' dir='ltr'><strong>quomodo</strong></span> <span class='ocrx_word' id='word_1_393' title='bbox 416 2690 499 2746; x_wconf 92' lang='lat' dir='ltr'><strong>horno</strong></span> <span class='ocrx_word' id='word_1_394' title='bbox 511 2697 555 2747; x_wconf 88' lang='grc' dir='ltr'><strong>εει</strong></span> <span class='ocrx_word' id='word_1_395' title='bbox 568 2689 651 2756; x_wconf 62' lang='lat' dir='ltr'><strong>Deus„</strong></span> <span class='ocrx_word' id='word_1_396' title='bbox 666 2696 713 2745; x_wconf 89' lang='lat' dir='ltr'><strong>aut</strong></span> <span class='ocrx_word' id='word_1_397' title='bbox 724 2687 796 2744; x_wconf 86' lang='lat' dir='ltr'><strong>Deus</strong></span> <span class='ocrx_word' id='word_1_398' title='bbox 810 2688 903 2754; x_wconf 91' lang='lat' dir='ltr'><strong>homo,</strong></span> <span class='ocrx_word' id='word_1_399' title='bbox 955 2685 1139 2750; x_wconf 80' lang='lat' dir='ltr'><strong>conversione,</strong></span> <span class='ocrx_word' id='word_1_400' title='bbox 1160 2691 1191 2740; x_wconf 90' lang='lat' dir='ltr'><strong>ut</strong></span> <span class='ocrx_word' id='word_1_401' title='bbox 1210 2681 1312 2740; x_wconf 87' lang='lat' dir='ltr'><strong>dictum</strong></span> <span class='ocrx_word' id='word_1_402' title='bbox 1334 2692 1394 2752; x_wconf 91' lang='lat' dir='ltr'><strong>est,</strong></span> <span class='ocrx_word' id='word_1_403' title='bbox 1413 2683 1559 2739; x_wconf 83' lang='lat' dir='ltr'><strong>diuinitatis</strong></span> <span class='ocrx_word' id='word_1_404' title='bbox 1576 2684 1604 2737; x_wconf 89' lang='lat' dir='ltr'><strong>in</strong></span> <span class='ocrx_word' id='word_1_405' title='bbox 1618 2699 1742 2747; x_wconf 83' lang='lat' dir='ltr'><strong>curnem,</strong></span> 
     </span>
     <span class='ocr_line' id='line_1_27' title="bbox 106 2763 1742 2851; baseline -0.004 -17"><span class='ocrx_word' id='word_1_406' title='bbox 106 2795 179 2835; x_wconf 88' lang='lat' dir='ltr'><strong>curn</strong></span> <span class='ocrx_word' id='word_1_407' title='bbox 195 2797 248 2838; x_wconf 89' lang='lat' dir='ltr'><strong>nec</strong></span> <span class='ocrx_word' id='word_1_408' title='bbox 262 2783 367 2838; x_wconf 87' lang='lat' dir='ltr'><strong>homini</strong></span> <span class='ocrx_word' id='word_1_409' title='bbox 385 2783 467 2839; x_wconf 87' lang='lat' dir='ltr'><strong>liceat</strong></span> <span class='ocrx_word' id='word_1_410' title='bbox 480 2783 514 2839; x_wconf 89' lang='lat' dir='ltr'><strong>ad</strong></span> <span class='ocrx_word' id='word_1_411' title='bbox 529 2781 588 2838; x_wconf 85' lang='lat' dir='ltr'><strong>haec</strong></span> <span class='ocrx_word' id='word_1_412' title='bbox 602 2789 650 2838; x_wconf 89' lang='lat' dir='ltr'><strong>aut</strong></span> <span class='ocrx_word' id='word_1_413' title='bbox 662 2781 763 2839; x_wconf 87' lang='lat' dir='ltr'><strong>similia</strong></span> <span class='ocrx_word' id='word_1_414' title='bbox 780 2780 829 2836; x_wconf 83' lang='lat' dir='ltr'><strong>oet</strong></span> <span class='ocrx_word' id='word_1_415' title='bbox 842 2781 906 2851; x_wconf 83' lang='lat' dir='ltr'><strong>jura</strong></span> <span class='ocrx_word' id='word_1_416' title='bbox 955 2776 1002 2833; x_wconf 83' lang='lat' dir='ltr'><strong>sed</strong></span> <span class='ocrx_word' id='word_1_417' title='bbox 1017 2779 1194 2847; x_wconf 76' lang='lat' dir='ltr'><strong>assumptione</strong></span> <span class='ocrx_word' id='word_1_418' title='bbox 1209 2777 1381 2832; x_wconf 83' lang='lat' dir='ltr'><strong>humanitatis</strong></span> <span class='ocrx_word' id='word_1_419' title='bbox 1393 2778 1420 2832; x_wconf 90' lang='lat' dir='ltr'><strong>in</strong></span> <span class='ocrx_word' id='word_1_420' title='bbox 1432 2776 1527 2831; x_wconf 81' lang='lat' dir='ltr'><strong>licum.</strong></span> <span class='ocrx_word' id='word_1_421' title='bbox 1539 2773 1602 2841; x_wconf 89' lang='lat' dir='ltr'><strong>Est,</strong></span> <span class='ocrx_word' id='word_1_422' title='bbox 1616 2763 1742 2846; x_wconf 80' lang='lat' dir='ltr'><strong>inquam,</strong></span> 
     </span>
     <span class='ocr_line' id='line_1_28' title="bbox 103 2869 1742 2939; baseline -0.003 -12"><span class='ocrx_word' id='word_1_423' title='bbox 103 2873 225 2939; x_wconf 78' lang='lat' dir='ltr'><strong>extolli,</strong></span> <span class='ocrx_word' id='word_1_424' title='bbox 245 2889 297 2930; x_wconf 93' lang='lat' dir='ltr'><strong>nec</strong></span> <span class='ocrx_word' id='word_1_425' title='bbox 318 2873 374 2931; x_wconf 79' lang='lat' dir='ltr'><strong>lieo</strong></span> <span class='ocrx_word' id='word_1_426' title='bbox 393 2876 540 2931; x_wconf 79' lang='lat' dir='ltr'><strong>conueniat</strong></span> <span class='ocrx_word' id='word_1_427' title='bbox 558 2875 593 2931; x_wconf 87' lang='lat' dir='ltr'><strong>ad</strong></span> <span class='ocrx_word' id='word_1_428' title='bbox 614 2875 667 2932; x_wconf 82' lang='lat' dir='ltr'><strong>sibi</strong></span> <span class='ocrx_word' id='word_1_429' title='bbox 687 2873 906 2930; x_wconf 83' lang='lat' dir='ltr'><strong>inconvenientia</strong></span> <span class='ocrx_word' id='word_1_430' title='bbox 956 2869 1030 2926; x_wconf 88' lang='lat' dir='ltr'><strong>Deus</strong></span> <span class='ocrx_word' id='word_1_431' title='bbox 1048 2869 1138 2927; x_wconf 87' lang='lat' dir='ltr'><strong>lactus</strong></span> <span class='ocrx_word' id='word_1_432' title='bbox 1157 2871 1257 2938; x_wconf 89' lang='lat' dir='ltr'><strong>bomo,</strong></span> <span class='ocrx_word' id='word_1_433' title='bbox 1276 2886 1331 2926; x_wconf 92' lang='lat' dir='ltr'><strong>non</strong></span> <span class='ocrx_word' id='word_1_434' title='bbox 1349 2870 1481 2926; x_wconf 85' lang='lat' dir='ltr'><strong>rcrtendo</strong></span> <span class='ocrx_word' id='word_1_435' title='bbox 1498 2885 1527 2925; x_wconf 86' lang='lat' dir='ltr'><strong>sc</strong></span> <span class='ocrx_word' id='word_1_436' title='bbox 1539 2869 1568 2924; x_wconf 92' lang='lat' dir='ltr'><strong>in</strong></span> <span class='ocrx_word' id='word_1_437' title='bbox 1586 2869 1742 2934; x_wconf 89' lang='lat' dir='ltr'><strong>hominem,</strong></span> 
     </span>
     <span class='ocr_line' id='line_1_29' title="bbox 104 2962 1744 3039; baseline -0.003 -20"><span class='ocrx_word' id='word_1_438' title='bbox 104 2965 263 3020; x_wconf 78' lang='lat' dir='ltr'><strong>inclinari?</strong></span> <span class='ocrx_word' id='word_1_439' title='bbox 279 2965 364 3039; x_wconf 86' lang='lat' dir='ltr'><strong>lgitnr</strong></span> <span class='ocrx_word' id='word_1_440' title='bbox 383 2982 435 3023; x_wconf 84' lang='lat' dir='ltr'><strong>nec</strong></span> <span class='ocrx_word' id='word_1_441' title='bbox 455 2967 538 3024; x_wconf 91' lang='lat' dir='ltr'><strong>homo</strong></span> <span class='ocrx_word' id='word_1_442' title='bbox 558 2965 649 3033; x_wconf 82' lang='lat' dir='ltr'><strong>Deus,</strong></span> <span class='ocrx_word' id='word_1_443' title='bbox 664 2982 716 3023; x_wconf 91' lang='lat' dir='ltr'><strong>nec</strong></span> <span class='ocrx_word' id='word_1_444' title='bbox 733 2965 804 3022; x_wconf 80' lang='lat' dir='ltr'><strong>licus</strong></span> <span class='ocrx_word' id='word_1_445' title='bbox 822 2966 906 3021; x_wconf 90' lang='lat' dir='ltr'><strong>horno</strong></span> <span class='ocrx_word' id='word_1_446' title='bbox 956 2962 1006 3020; x_wconf 86' lang='lat' dir='ltr'><strong>sed</strong></span> <span class='ocrx_word' id='word_1_447' title='bbox 1024 2962 1190 3018; x_wconf 88' lang='lat' dir='ltr'><strong>assumendo</strong></span> <span class='ocrx_word' id='word_1_448' title='bbox 1214 2962 1266 3018; x_wconf 91' lang='lat' dir='ltr'><strong>sihi</strong></span> <span class='ocrx_word' id='word_1_449' title='bbox 1286 2962 1441 3027; x_wconf 89' lang='lat' dir='ltr'><strong>hominem,</strong></span> <span class='ocrx_word' id='word_1_450' title='bbox 1467 2967 1498 3017; x_wconf 91' lang='lat' dir='ltr'><strong>nt</strong></span> <span class='ocrx_word' id='word_1_451' title='bbox 1518 2967 1617 3015; x_wconf 89' lang='lat' dir='ltr'><strong>natura</strong></span> <span class='ocrx_word' id='word_1_452' title='bbox 1638 2965 1744 3014; x_wconf 85' lang='lat' dir='ltr'><strong>naturae</strong></span> 
     </span>
     <span class='ocr_line' id='line_1_30' title="bbox 105 3055 1743 3130; baseline -0.004 -18"><span class='ocrx_word' id='word_1_453' title='bbox 105 3073 163 3128; x_wconf 91' lang='lat' dir='ltr'><strong>per</strong></span> <span class='ocrx_word' id='word_1_454' title='bbox 178 3065 304 3113; x_wconf 89' lang='lat' dir='ltr'><strong>naturam</strong></span> <span class='ocrx_word' id='word_1_455' title='bbox 322 3066 374 3115; x_wconf 91' lang='lat' dir='ltr'><strong>est.</strong></span> <span class='ocrx_word' id='word_1_456' title='bbox 398 3057 475 3114; x_wconf 87' lang='lat' dir='ltr'><strong>Unde</strong></span> <span class='ocrx_word' id='word_1_457' title='bbox 495 3057 530 3116; x_wconf 87' lang='lat' dir='ltr'><strong>de</strong></span> <span class='ocrx_word' id='word_1_458' title='bbox 547 3058 659 3115; x_wconf 87' lang='lat' dir='ltr'><strong>Christo</strong></span> <span class='ocrx_word' id='word_1_459' title='bbox 677 3058 811 3124; x_wconf 88' lang='lat' dir='ltr'><strong>dicimus,</strong></span> <span class='ocrx_word' id='word_1_460' title='bbox 832 3057 907 3130; x_wconf 90' lang='lat' dir='ltr'><strong>quod</strong></span> <span class='ocrx_word' id='word_1_461' title='bbox 955 3055 1127 3129; x_wconf 86' lang='lat' dir='ltr'><strong>jungeretur,</strong></span> <span class='ocrx_word' id='word_1_462' title='bbox 1150 3070 1206 3110; x_wconf 93' lang='lat' dir='ltr'><strong>non</strong></span> <span class='ocrx_word' id='word_1_463' title='bbox 1231 3061 1322 3112; x_wconf 87' lang='lat' dir='ltr'><strong>autern</strong></span> <span class='ocrx_word' id='word_1_464' title='bbox 1338 3055 1366 3109; x_wconf 90' lang='lat' dir='ltr'><strong>in</strong></span> <span class='ocrx_word' id='word_1_465' title='bbox 1379 3055 1493 3110; x_wconf 87' lang='lat' dir='ltr'><strong>alteram</strong></span> <span class='ocrx_word' id='word_1_466' title='bbox 1507 3058 1679 3121; x_wconf 88' lang='lat' dir='ltr'><strong>mutaretur;</strong></span> <span class='ocrx_word' id='word_1_467' title='bbox 1695 3057 1743 3106; x_wconf 90' lang='lat' dir='ltr'><strong>aut</strong></span> 
     </span>
     <span class='ocr_line' id='line_1_31' title="bbox 105 3144 1743 3246; baseline -0.005 -40"><span class='ocrx_word' id='word_1_468' title='bbox 105 3150 149 3206; x_wconf 81' lang='lat' dir='ltr'><strong>sit</strong></span> <span class='ocrx_word' id='word_1_469' title='bbox 161 3150 273 3223; x_wconf 73' lang='lat' dir='ltr'><strong>equalis</strong></span> <span class='ocrx_word' id='word_1_470' title='bbox 295 3150 375 3205; x_wconf 86' lang='lat' dir='ltr'><strong>Petri</strong></span> <span class='ocrx_word' id='word_1_471' title='bbox 393 3150 536 3206; x_wconf 63' lang='lat' dir='ltr'><strong>amodum</strong></span> <span class='ocrx_word' id='word_1_472' title='bbox 556 3150 736 3220; x_wconf 84' lang='lat' dir='ltr'><strong>diuinitatem,</strong></span> <span class='ocrx_word' id='word_1_473' title='bbox 748 3151 835 3205; x_wconf 87' lang='lat' dir='ltr'><strong>rninor</strong></span> <span class='ocrx_word' id='word_1_474' title='bbox 847 3149 939 3246; x_wconf 83' lang='lat' dir='ltr'><strong>Pu-C</strong></span> <span class='ocrx_word' id='word_1_475' title='bbox 956 3147 1053 3211; x_wconf 90' lang='lat' dir='ltr'><strong>alteri,</strong></span> <span class='ocrx_word' id='word_1_476' title='bbox 1074 3162 1151 3203; x_wconf 91' lang='lat' dir='ltr'><strong>more</strong></span> <span class='ocrx_word' id='word_1_477' title='bbox 1170 3146 1227 3201; x_wconf 84' lang='lat' dir='ltr'><strong>uini</strong></span> <span class='ocrx_word' id='word_1_478' title='bbox 1246 3156 1273 3204; x_wconf 89' lang='lat' dir='ltr'><strong>et</strong></span> <span class='ocrx_word' id='word_1_479' title='bbox 1293 3161 1388 3216; x_wconf 82' lang='lat' dir='ltr'><strong>aquae,</strong></span> <span class='ocrx_word' id='word_1_480' title='bbox 1409 3144 1632 3210; x_wconf 81' lang='lat' dir='ltr'><strong>confunderetur,</strong></span> <span class='ocrx_word' id='word_1_481' title='bbox 1652 3159 1686 3198; x_wconf 91' lang='lat' dir='ltr'><strong>ne</strong></span> <span class='ocrx_word' id='word_1_482' title='bbox 1708 3144 1743 3200; x_wconf 90' lang='lat' dir='ltr'><strong>sit</strong></span> 
     </span>
     <span class='ocr_line' id='line_1_32' title="bbox 104 3232 1743 3316; baseline -0.004 -20"><span class='ocrx_word' id='word_1_483' title='bbox 104 3252 152 3298; x_wconf 87' lang='lat' dir='ltr'><strong>tre</strong></span> <span class='ocrx_word' id='word_1_484' title='bbox 167 3243 310 3298; x_wconf 75' lang='lat' dir='ltr'><strong>secundm</strong></span> <span class='ocrx_word' id='word_1_485' title='bbox 325 3243 517 3298; x_wconf 82' lang='lat' dir='ltr'><strong>humanitatem</strong></span> <span class='ocrx_word' id='word_1_486' title='bbox 530 3242 615 3316; x_wconf 80' lang='grc' dir='ltr'>(ιιι).</span> <span class='ocrx_word' id='word_1_487' title='bbox 953 3239 1081 3296; x_wconf 88' lang='lat' dir='ltr'><strong>conlusio</strong></span> <span class='ocrx_word' id='word_1_488' title='bbox 1104 3237 1280 3304; x_wconf 73' lang='lat' dir='ltr'><strong>substantie,</strong></span> <span class='ocrx_word' id='word_1_489' title='bbox 1300 3253 1357 3293; x_wconf 92' lang='lat' dir='ltr'><strong>non</strong></span> <span class='ocrx_word' id='word_1_490' title='bbox 1380 3238 1471 3293; x_wconf 90' lang='lat' dir='ltr'><strong>unitas</strong></span> <span class='ocrx_word' id='word_1_491' title='bbox 1493 3251 1626 3308; x_wconf 77' lang='lat' dir='ltr'><strong>personae.</strong></span> <span class='ocrx_word' id='word_1_492' title='bbox 1649 3232 1743 3305; x_wconf 87' lang='lat' dir='ltr'><strong>ltaque</strong></span> 
     </span>
    </p>

    <p class='ocr_par' dir='ltr' id='par_1_5' title="bbox 105 3330 1744 3865">
     <span class='ocr_line' id='line_1_33' title="bbox 146 3330 1744 3401; baseline -0.006 -11"><span class='ocrx_word' id='word_1_493' title='bbox 146 3333 334 3391; x_wconf 82' lang='lat' dir='ltr'><strong>Duaenaturae</strong></span> <span class='ocrx_word' id='word_1_494' title='bbox 347 3337 376 3391; x_wconf 94' lang='lat' dir='ltr'><strong>in</strong></span> <span class='ocrx_word' id='word_1_495' title='bbox 395 3334 506 3391; x_wconf 88' lang='lat' dir='ltr'><strong>Christo</strong></span> <span class='ocrx_word' id='word_1_496' title='bbox 527 3341 608 3401; x_wconf 88' lang='lat' dir='ltr'><strong>sunt,</strong></span> <span class='ocrx_word' id='word_1_497' title='bbox 629 3334 715 3390; x_wconf 88' lang='lat' dir='ltr'><strong>altera</strong></span> <span class='ocrx_word' id='word_1_498' title='bbox 735 3347 848 3398; x_wconf 84' lang='lat' dir='ltr'><strong>creans,</strong></span> <span class='ocrx_word' id='word_1_499' title='bbox 864 3332 904 3387; x_wconf 91' lang='lat' dir='ltr'><strong>al·</strong></span> <span class='ocrx_word' id='word_1_500' title='bbox 953 3330 1744 3398; x_wconf 83' lang='lat' dir='ltr'><strong>beusnomononestessennatiter;esttamenpersonn·</strong></span> 
     </span>
     <span class='ocr_line' id='line_1_34' title="bbox 105 3419 1744 3500; baseline -0.007 -18"><span class='ocrx_word' id='word_1_501' title='bbox 105 3435 173 3482; x_wconf 84' lang='lat' dir='ltr'><strong>tera</strong></span> <span class='ocrx_word' id='word_1_502' title='bbox 187 3435 298 3483; x_wconf 86' lang='lat' dir='ltr'><strong>creata:</strong></span> <span class='ocrx_word' id='word_1_503' title='bbox 314 3442 376 3500; x_wconf 82' lang='lat' dir='ltr'><strong>quae</strong></span> <span class='ocrx_word' id='word_1_504' title='bbox 396 3427 513 3482; x_wconf 87' lang='lat' dir='ltr'><strong>duarum</strong></span> <span class='ocrx_word' id='word_1_505' title='bbox 532 3434 576 3482; x_wconf 91' lang='lat' dir='ltr'><strong>est</strong></span> <span class='ocrx_word' id='word_1_506' title='bbox 585 3425 698 3497; x_wconf 72' lang='lat' dir='ltr'><strong>equalis</strong></span> <span class='ocrx_word' id='word_1_507' title='bbox 717 3423 816 3481; x_wconf 77' lang='lat' dir='ltr'><strong>Patri?</strong></span> <span class='ocrx_word' id='word_1_508' title='bbox 834 3423 904 3480; x_wconf 86' lang='lat' dir='ltr'><strong>Nam</strong></span> <span class='ocrx_word' id='word_1_509' title='bbox 954 3424 1028 3480; x_wconf 90' lang='lat' dir='ltr'><strong>liter.</strong></span> <span class='ocrx_word' id='word_1_510' title='bbox 1050 3423 1122 3482; x_wconf 86' lang='lat' dir='ltr'><strong>Dens</strong></span> <span class='ocrx_word' id='word_1_511' title='bbox 1142 3422 1327 3480; x_wconf 78' lang='lat' dir='ltr'><strong>esseratialiter</strong></span> <span class='ocrx_word' id='word_1_512' title='bbox 1349 3423 1431 3478; x_wconf 90' lang='lat' dir='ltr'><strong>homo</strong></span> <span class='ocrx_word' id='word_1_513' title='bbox 1451 3435 1507 3478; x_wconf 91' lang='lat' dir='ltr'><strong>non</strong></span> <span class='ocrx_word' id='word_1_514' title='bbox 1526 3427 1587 3487; x_wconf 88' lang='grc' dir='ltr'>εει,</span> <span class='ocrx_word' id='word_1_515' title='bbox 1601 3419 1666 3490; x_wconf 81' lang='lat' dir='ltr'><strong>quia</strong></span> <span class='ocrx_word' id='word_1_516' title='bbox 1680 3433 1744 3472; x_wconf 89' lang='lat' dir='ltr'><strong>curn</strong></span> 
     </span>
     <span class='ocr_line' id='line_1_35' title="bbox 105 3509 1743 3589; baseline -0.005 -17"><span class='ocrx_word' id='word_1_517' title='bbox 105 3524 258 3589; x_wconf 85' lang='lat' dir='ltr'><strong>utramque</strong></span> <span class='ocrx_word' id='word_1_518' title='bbox 270 3516 345 3573; x_wconf 88' lang='lat' dir='ltr'><strong>Patri</strong></span> <span class='ocrx_word' id='word_1_519' title='bbox 359 3532 467 3588; x_wconf 76' lang='lat' dir='ltr'><strong>aquare</strong></span> <span class='ocrx_word' id='word_1_520' title='bbox 479 3516 557 3574; x_wconf 83' lang='lat' dir='ltr'><strong>netas</strong></span> <span class='ocrx_word' id='word_1_521' title='bbox 569 3517 770 3588; x_wconf 86' lang='lat' dir='ltr'><strong>cst;quoniam</strong></span> <span class='ocrx_word' id='word_1_522' title='bbox 784 3516 829 3571; x_wconf 90' lang='lat' dir='ltr'><strong>illa</strong></span> <span class='ocrx_word' id='word_1_523' title='bbox 844 3531 905 3587; x_wconf 82' lang='lat' dir='ltr'><strong>quae</strong></span> <span class='ocrx_word' id='word_1_524' title='bbox 954 3516 992 3571; x_wconf 91' lang='lat' dir='ltr'><strong>sit</strong></span> <span class='ocrx_word' id='word_1_525' title='bbox 1005 3515 1137 3586; x_wconf 87' lang='lat' dir='ltr'><strong>spiritns,</strong></span> <span class='ocrx_word' id='word_1_526' title='bbox 1160 3529 1218 3569; x_wconf 91' lang='lat' dir='ltr'><strong>non</strong></span> <span class='ocrx_word' id='word_1_527' title='bbox 1242 3519 1331 3585; x_wconf 89' lang='lat' dir='ltr'><strong>potest</strong></span> <span class='ocrx_word' id='word_1_528' title='bbox 1355 3526 1550 3584; x_wconf 87' lang='lat' dir='ltr'><strong>essocorpus;</strong></span> <span class='ocrx_word' id='word_1_529' title='bbox 1572 3509 1644 3568; x_wconf 81' lang='lat' dir='ltr'><strong>licus</strong></span> <span class='ocrx_word' id='word_1_530' title='bbox 1662 3510 1743 3565; x_wconf 90' lang='lat' dir='ltr'><strong>homo</strong></span> 
     </span>
     <span class='ocr_line' id='line_1_36' title="bbox 105 3603 1744 3679; baseline -0.005 -14"><span class='ocrx_word' id='word_1_531' title='bbox 105 3618 208 3666; x_wconf 85' lang='lat' dir='ltr'><strong>creata</strong></span> <span class='ocrx_word' id='word_1_532' title='bbox 226 3617 283 3678; x_wconf 92' lang='grc' dir='ltr'>εει,</span> <span class='ocrx_word' id='word_1_533' title='bbox 304 3610 493 3668; x_wconf 81' lang='lat' dir='ltr'><strong>indubitanter</strong></span> <span class='ocrx_word' id='word_1_534' title='bbox 512 3611 603 3666; x_wconf 89' lang='lat' dir='ltr'><strong>minor</strong></span> <span class='ocrx_word' id='word_1_535' title='bbox 623 3617 676 3667; x_wconf 90' lang='lat' dir='ltr'><strong>est.</strong></span> <span class='ocrx_word' id='word_1_536' title='bbox 697 3609 789 3678; x_wconf 82' lang='lat' dir='ltr'><strong>Quare</strong></span> <span class='ocrx_word' id='word_1_537' title='bbox 806 3625 904 3667; x_wconf 84' lang='lat' dir='ltr'><strong>creans</strong></span> <span class='ocrx_word' id='word_1_538' title='bbox 954 3608 1134 3679; x_wconf 87' lang='lat' dir='ltr'><strong>personaliter</strong></span> <span class='ocrx_word' id='word_1_539' title='bbox 1158 3613 1216 3674; x_wconf 90' lang='grc' dir='ltr'>εει,</span> <span class='ocrx_word' id='word_1_540' title='bbox 1237 3606 1303 3679; x_wconf 85' lang='lat' dir='ltr'><strong>quia</strong></span> <span class='ocrx_word' id='word_1_541' title='bbox 1319 3606 1383 3664; x_wconf 90' lang='lat' dir='ltr'><strong>licet</strong></span> <span class='ocrx_word' id='word_1_542' title='bbox 1404 3607 1441 3663; x_wconf 92' lang='grc' dir='ltr'><strong>ειι</strong></span> <span class='ocrx_word' id='word_1_543' title='bbox 1458 3606 1589 3677; x_wconf 88' lang='lat' dir='ltr'><strong>spiritus,</strong></span> <span class='ocrx_word' id='word_1_544' title='bbox 1605 3603 1744 3660; x_wconf 92' lang='lat' dir='ltr'><strong>nihilomi-</strong></span> 
     </span>
     <span class='ocr_line' id='line_1_37' title="bbox 106 3695 1744 3772; baseline -0.001 -17"><span class='ocrx_word' id='word_1_545' title='bbox 106 3708 215 3755; x_wconf 89' lang='lat' dir='ltr'><strong>natura</strong></span> <span class='ocrx_word' id='word_1_546' title='bbox 227 3699 303 3756; x_wconf 84' lang='lat' dir='ltr'><strong>Patri</strong></span> <span class='ocrx_word' id='word_1_547' title='bbox 330 3706 373 3757; x_wconf 92' lang='lat' dir='ltr'><strong>est</strong></span> <span class='ocrx_word' id='word_1_548' title='bbox 394 3700 548 3772; x_wconf 79' lang='lat' dir='ltr'><strong>aeqnanda3</strong></span> <span class='ocrx_word' id='word_1_549' title='bbox 566 3700 741 3772; x_wconf 80' lang='lat' dir='ltr'><strong>nequeenim</strong></span> <span class='ocrx_word' id='word_1_550' title='bbox 761 3700 835 3756; x_wconf 91' lang='lat' dir='ltr'><strong>alind</strong></span> <span class='ocrx_word' id='word_1_551' title='bbox 856 3716 903 3757; x_wconf 91' lang='lat' dir='ltr'><strong>re·</strong></span> <span class='ocrx_word' id='word_1_552' title='bbox 953 3714 1008 3756; x_wconf 90' lang='lat' dir='ltr'><strong>nus</strong></span> <span class='ocrx_word' id='word_1_553' title='bbox 1030 3698 1140 3770; x_wconf 91' lang='lat' dir='ltr'><strong>corpori</strong></span> <span class='ocrx_word' id='word_1_554' title='bbox 1164 3699 1285 3757; x_wconf 89' lang='lat' dir='ltr'><strong>bominis</strong></span> <span class='ocrx_word' id='word_1_555' title='bbox 1313 3699 1418 3756; x_wconf 90' lang='lat' dir='ltr'><strong>unitur.</strong></span> <span class='ocrx_word' id='word_1_556' title='bbox 1441 3695 1542 3754; x_wconf 84' lang='lat' dir='ltr'><strong>linitur</strong></span> <span class='ocrx_word' id='word_1_557' title='bbox 1565 3696 1687 3764; x_wconf 89' lang='lat' dir='ltr'><strong>homini,</strong></span> <span class='ocrx_word' id='word_1_558' title='bbox 1713 3704 1744 3753; x_wconf 88' lang='lat' dir='ltr'><strong>nt</strong></span> 
     </span>
     <span class='ocr_line' id='line_1_38' title="bbox 105 3791 1178 3865; baseline -0.002 -15"><span class='ocrx_word' id='word_1_559' title='bbox 105 3800 171 3850; x_wconf 86' lang='lat' dir='ltr'><strong>stat</strong></span> <span class='ocrx_word' id='word_1_560' title='bbox 182 3793 255 3864; x_wconf 86' lang='lat' dir='ltr'><strong>quod</strong></span> <span class='ocrx_word' id='word_1_561' title='bbox 267 3801 399 3865; x_wconf 75' lang='lat' dir='ltr'><strong>aquetur.</strong></span> <span class='ocrx_word' id='word_1_562' title='bbox 415 3793 595 3864; x_wconf 80' lang='lat' dir='ltr'><strong>Quapropter,</strong></span> <span class='ocrx_word' id='word_1_563' title='bbox 610 3808 674 3848; x_wconf 86' lang='lat' dir='ltr'><strong>curn</strong></span> <span class='ocrx_word' id='word_1_564' title='bbox 693 3791 811 3849; x_wconf 89' lang='lat' dir='ltr'><strong>dicimus</strong></span> <span class='ocrx_word' id='word_1_565' title='bbox 830 3793 905 3864; x_wconf 86' lang='lat' dir='ltr'><strong>quod</strong></span> <span class='ocrx_word' id='word_1_566' title='bbox 954 3793 1045 3848; x_wconf 87' lang='lat' dir='ltr'><strong>anima</strong></span> <span class='ocrx_word' id='word_1_567' title='bbox 1060 3791 1178 3864; x_wconf 88' lang='lat' dir='ltr'><strong>corpori.</strong></span> 
     </span>
    </p>

    <p class='ocr_par' dir='ltr' id='par_1_6' title="bbox 105 3879 1745 4695">
     <span class='ocr_line' id='line_1_39' title="bbox 107 3879 1743 3957; baseline -0.002 -19"><span class='ocrx_word' id='word_1_568' title='bbox 107 3883 240 3939; x_wconf 83' lang='lat' dir='ltr'><strong>Christus</strong></span> <span class='ocrx_word' id='word_1_569' title='bbox 260 3893 301 3942; x_wconf 88' lang='lat' dir='ltr'><strong>est</strong></span> <span class='ocrx_word' id='word_1_570' title='bbox 322 3885 435 3957; x_wconf 65' lang='lat' dir='ltr'><strong>emulis</strong></span> <span class='ocrx_word' id='word_1_571' title='bbox 455 3885 535 3940; x_wconf 84' lang='lat' dir='ltr'><strong>Patri</strong></span> <span class='ocrx_word' id='word_1_572' title='bbox 556 3884 698 3941; x_wconf 77' lang='lat' dir='ltr'><strong>secundm</strong></span> <span class='ocrx_word' id='word_1_573' title='bbox 720 3885 903 3952; x_wconf 79' lang='lat' dir='ltr'><strong>diuinitatem,</strong></span> <span class='ocrx_word' id='word_1_574' title='bbox 990 3883 1062 3951; x_wconf 83' lang='lat' dir='ltr'><strong>Quid</strong></span> <span class='ocrx_word' id='word_1_575' title='bbox 1079 3890 1122 3940; x_wconf 91' lang='lat' dir='ltr'><strong>est</strong></span> <span class='ocrx_word' id='word_1_576' title='bbox 1147 3884 1231 3955; x_wconf 89' lang='lat' dir='ltr'><strong>igitur</strong></span> <span class='ocrx_word' id='word_1_577' title='bbox 1251 3883 1322 3940; x_wconf 80' lang='lat' dir='ltr'><strong>Deus</strong></span> <span class='ocrx_word' id='word_1_578' title='bbox 1342 3891 1382 3940; x_wconf 85' lang='lat' dir='ltr'><strong>ost</strong></span> <span class='ocrx_word' id='word_1_579' title='bbox 1396 3883 1487 3949; x_wconf 85' lang='lat' dir='ltr'><strong>bomo&#39;,</strong></span> <span class='ocrx_word' id='word_1_580' title='bbox 1502 3882 1556 3939; x_wconf 89' lang='lat' dir='ltr'><strong>nisi</strong></span> <span class='ocrx_word' id='word_1_581' title='bbox 1573 3879 1667 3938; x_wconf 90' lang='lat' dir='ltr'><strong>unitus</strong></span> <span class='ocrx_word' id='word_1_582' title='bbox 1691 3879 1743 3935; x_wconf 94' lang='lat' dir='ltr'><strong>ho-</strong></span> 
     </span>
     <span class='ocr_line' id='line_1_40' title="bbox 105 3972 1743 4048; baseline -0.002 -18"><span class='ocrx_word' id='word_1_583' title='bbox 105 3974 273 4031; x_wconf 87' lang='lat' dir='ltr'><strong>nihilaliud</strong></span> <span class='ocrx_word' id='word_1_584' title='bbox 290 3983 334 4032; x_wconf 89' lang='grc' dir='ltr'><strong>εει</strong></span> <span class='ocrx_word' id='word_1_585' title='bbox 349 3975 403 4032; x_wconf 87' lang='grc' dir='ltr'>ιιιει</span> <span class='ocrx_word' id='word_1_586' title='bbox 418 3975 493 4047; x_wconf 83' lang='lat' dir='ltr'><strong>qnod</strong></span> <span class='ocrx_word' id='word_1_587' title='bbox 511 3975 587 4033; x_wconf 83' lang='lat' dir='ltr'><strong>Flius</strong></span> <span class='ocrx_word' id='word_1_588' title='bbox 605 3974 653 4033; x_wconf 86' lang='lat' dir='ltr'><strong>Dei</strong></span> <span class='ocrx_word' id='word_1_589' title='bbox 672 3975 905 4048; x_wconf 71' lang='lat' dir='ltr'><strong>aequaliscstl&#39;a-</strong></span> <span class='ocrx_word' id='word_1_590' title='bbox 954 3975 1045 4031; x_wconf 82' lang='lat' dir='ltr'><strong>minii</strong></span> <span class='ocrx_word' id='word_1_591' title='bbox 1068 3974 1140 4042; x_wconf 91' lang='lat' dir='ltr'><strong>Quid</strong></span> <span class='ocrx_word' id='word_1_592' title='bbox 1173 3981 1231 4042; x_wconf 90' lang='lat' dir='ltr'><strong>est,</strong></span> <span class='ocrx_word' id='word_1_593' title='bbox 1261 3973 1347 4030; x_wconf 78' lang='lat' dir='ltr'><strong>domo</strong></span> <span class='ocrx_word' id='word_1_594' title='bbox 1379 3983 1419 4030; x_wconf 87' lang='lat' dir='ltr'><strong>est</strong></span> <span class='ocrx_word' id='word_1_595' title='bbox 1451 3973 1538 4041; x_wconf 85' lang='lat' dir='ltr'><strong>Deus,</strong></span> <span class='ocrx_word' id='word_1_596' title='bbox 1561 3972 1615 4031; x_wconf 92' lang='lat' dir='ltr'><strong>nisi</strong></span> <span class='ocrx_word' id='word_1_597' title='bbox 1649 3974 1743 4028; x_wconf 85' lang='lat' dir='ltr'><strong>unitus</strong></span> 
     </span>
     <span class='ocr_line' id='line_1_41' title="bbox 105 4065 1743 4140; baseline 0.002 -19"><span class='ocrx_word' id='word_1_598' title='bbox 105 4067 160 4122; x_wconf 88' lang='lat' dir='ltr'><strong>tri.</strong></span> <span class='ocrx_word' id='word_1_599' title='bbox 180 4065 234 4123; x_wconf 89' lang='lat' dir='ltr'><strong>Sed</strong></span> <span class='ocrx_word' id='word_1_600' title='bbox 250 4067 316 4139; x_wconf 81' lang='lat' dir='ltr'><strong>quid</strong></span> <span class='ocrx_word' id='word_1_601' title='bbox 331 4067 463 4139; x_wconf 83' lang='lat' dir='ltr'><strong>estquod</strong></span> <span class='ocrx_word' id='word_1_602' title='bbox 480 4067 601 4134; x_wconf 88' lang='lat' dir='ltr'><strong>additur,</strong></span> <span class='ocrx_word' id='word_1_603' title='bbox 622 4067 764 4124; x_wconf 86' lang='lat' dir='ltr'><strong>secundum</strong></span> <span class='ocrx_word' id='word_1_604' title='bbox 780 4069 906 4124; x_wconf 86' lang='lat' dir='ltr'><strong>diuinitu—</strong></span> <span class='ocrx_word' id='word_1_605' title='bbox 954 4067 1032 4126; x_wconf 80' lang='lat' dir='ltr'><strong>lieo?</strong></span> <span class='ocrx_word' id='word_1_606' title='bbox 1045 4069 1112 4140; x_wconf 85' lang='lat' dir='ltr'><strong>quid</strong></span> <span class='ocrx_word' id='word_1_607' title='bbox 1131 4075 1221 4125; x_wconf 88' lang='lat' dir='ltr'><strong>autem</strong></span> <span class='ocrx_word' id='word_1_608' title='bbox 1241 4078 1299 4134; x_wconf 88' lang='lat' dir='ltr'><strong>est,</strong></span> <span class='ocrx_word' id='word_1_609' title='bbox 1323 4067 1409 4123; x_wconf 80' lang='lat' dir='ltr'><strong>Homo</strong></span> <span class='ocrx_word' id='word_1_610' title='bbox 1432 4078 1471 4126; x_wconf 89' lang='lat' dir='ltr'><strong>est</strong></span> <span class='ocrx_word' id='word_1_611' title='bbox 1493 4070 1583 4125; x_wconf 70' lang='lat' dir='ltr'><strong>venitus</strong></span> <span class='ocrx_word' id='word_1_612' title='bbox 1602 4068 1673 4136; x_wconf 83' lang='lat' dir='ltr'><strong>lieo,</strong></span> <span class='ocrx_word' id='word_1_613' title='bbox 1691 4069 1743 4127; x_wconf 90' lang='lat' dir='ltr'><strong>nisi</strong></span> 
     </span>
     <span class='ocr_line' id='line_1_42' title="bbox 107 4156 1744 4230; baseline 0.004 -19"><span class='ocrx_word' id='word_1_614' title='bbox 107 4164 166 4211; x_wconf 87' lang='lat' dir='ltr'><strong>tem</strong></span> <span class='ocrx_word' id='word_1_615' title='bbox 179 4159 192 4213; x_wconf 81' lang='lat' dir='ltr'><strong>l</strong></span> <span class='ocrx_word' id='word_1_616' title='bbox 205 4173 271 4212; x_wconf 87' lang='lat' dir='ltr'><strong>num</strong></span> <span class='ocrx_word' id='word_1_617' title='bbox 284 4156 371 4214; x_wconf 85' lang='lat' dir='ltr'><strong>l&#39;ilius</strong></span> <span class='ocrx_word' id='word_1_618' title='bbox 383 4156 460 4213; x_wconf 89' lang='lat' dir='ltr'><strong>Patri</strong></span> <span class='ocrx_word' id='word_1_619' title='bbox 473 4164 516 4214; x_wconf 89' lang='lat' dir='ltr'><strong>est</strong></span> <span class='ocrx_word' id='word_1_620' title='bbox 533 4158 647 4230; x_wconf 71' lang='lat' dir='ltr'><strong>aqualis</strong></span> <span class='ocrx_word' id='word_1_621' title='bbox 666 4156 816 4214; x_wconf 87' lang='lat' dir='ltr'><strong>secundum</strong></span> <span class='ocrx_word' id='word_1_622' title='bbox 835 4157 906 4214; x_wconf 82' lang='lat' dir='ltr'><strong>divi·</strong></span> <span class='ocrx_word' id='word_1_623' title='bbox 954 4161 1038 4218; x_wconf 89' lang='lat' dir='ltr'><strong>homo</strong></span> <span class='ocrx_word' id='word_1_624' title='bbox 1063 4169 1090 4217; x_wconf 93' lang='grc' dir='ltr'><strong>ει</strong></span> <span class='ocrx_word' id='word_1_625' title='bbox 1115 4159 1189 4218; x_wconf 88' lang='lat' dir='ltr'><strong>Deus</strong></span> <span class='ocrx_word' id='word_1_626' title='bbox 1210 4169 1253 4217; x_wconf 87' lang='lat' dir='ltr'><strong>est</strong></span> <span class='ocrx_word' id='word_1_627' title='bbox 1273 4175 1361 4229; x_wconf 86' lang='lat' dir='ltr'><strong>unns,</strong></span> <span class='ocrx_word' id='word_1_628' title='bbox 1384 4161 1439 4219; x_wconf 90' lang='lat' dir='ltr'><strong>imo</strong></span> <span class='ocrx_word' id='word_1_629' title='bbox 1469 4163 1560 4217; x_wconf 89' lang='lat' dir='ltr'><strong>anima</strong></span> <span class='ocrx_word' id='word_1_630' title='bbox 1579 4167 1606 4217; x_wconf 90' lang='lat' dir='ltr'><strong>et</strong></span> <span class='ocrx_word' id='word_1_631' title='bbox 1624 4177 1689 4218; x_wconf 90' lang='lat' dir='ltr'><strong>caro</strong></span> <span class='ocrx_word' id='word_1_632' title='bbox 1717 4171 1744 4218; x_wconf 90' lang='lat' dir='ltr'><strong>et</strong></span> 
     </span>
     <span class='ocr_line' id='line_1_43' title="bbox 106 4249 1745 4326; baseline 0.004 -23"><span class='ocrx_word' id='word_1_633' title='bbox 106 4249 286 4307; x_wconf 88' lang='lat' dir='ltr'><strong>nitatemsed</strong></span> <span class='ocrx_word' id='word_1_634' title='bbox 299 4249 395 4317; x_wconf 79' lang='lat' dir='ltr'><strong>Filius,</strong></span> <span class='ocrx_word' id='word_1_635' title='bbox 410 4250 560 4308; x_wconf 87' lang='lat' dir='ltr'><strong>secundom</strong></span> <span class='ocrx_word' id='word_1_636' title='bbox 572 4251 645 4323; x_wconf 86' lang='lat' dir='ltr'><strong>quod</strong></span> <span class='ocrx_word' id='word_1_637' title='bbox 659 4250 758 4319; x_wconf 85' lang='lat' dir='ltr'><strong>Filius,</strong></span> <span class='ocrx_word' id='word_1_638' title='bbox 772 4256 816 4308; x_wconf 90' lang='lat' dir='ltr'><strong>est</strong></span> <span class='ocrx_word' id='word_1_639' title='bbox 829 4249 905 4307; x_wconf 86' lang='lat' dir='ltr'><strong>Patri</strong></span> <span class='ocrx_word' id='word_1_640' title='bbox 954 4251 1028 4310; x_wconf 84' lang='lat' dir='ltr'><strong>Deus</strong></span> <span class='ocrx_word' id='word_1_641' title='bbox 1050 4260 1115 4310; x_wconf 89' lang='lat' dir='ltr'><strong>sunt</strong></span> <span class='ocrx_word' id='word_1_642' title='bbox 1135 4255 1223 4309; x_wconf 83' lang='lat' dir='ltr'><strong>unus?</strong></span> <span class='ocrx_word' id='word_1_643' title='bbox 1243 4251 1320 4310; x_wconf 85' lang='lat' dir='ltr'><strong>linus</strong></span> <span class='ocrx_word' id='word_1_644' title='bbox 1342 4253 1452 4326; x_wconf 87' lang='lat' dir='ltr'><strong>quidem</strong></span> <span class='ocrx_word' id='word_1_645' title='bbox 1476 4268 1532 4310; x_wconf 90' lang='lat' dir='ltr'><strong>non</strong></span> <span class='ocrx_word' id='word_1_646' title='bbox 1553 4269 1657 4322; x_wconf 87' lang='lat' dir='ltr'><strong>nnnm;</strong></span> <span class='ocrx_word' id='word_1_647' title='bbox 1679 4269 1745 4310; x_wconf 87' lang='lat' dir='ltr'><strong>narn</strong></span> 
     </span>
     <span class='ocr_line' id='line_1_44' title="bbox 105 4339 1743 4418; baseline 0.004 -24"><span class='ocrx_word' id='word_1_648' title='bbox 105 4339 248 4411; x_wconf 79' lang='lat' dir='ltr'><strong>sequalis;</strong></span> <span class='ocrx_word' id='word_1_649' title='bbox 263 4341 592 4399; x_wconf 85' lang='lat' dir='ltr'><strong>secundumdiuinitatem</strong></span> <span class='ocrx_word' id='word_1_650' title='bbox 613 4358 675 4398; x_wconf 91' lang='lat' dir='ltr'><strong>cnm</strong></span> <span class='ocrx_word' id='word_1_651' title='bbox 685 4340 766 4400; x_wconf 86' lang='lat' dir='ltr'><strong>Putre</strong></span> <span class='ocrx_word' id='word_1_652' title='bbox 780 4359 864 4399; x_wconf 87' lang='lat' dir='ltr'><strong>unum</strong></span> <span class='ocrx_word' id='word_1_653' title='bbox 877 4350 906 4400; x_wconf 93' lang='lat' dir='ltr'><strong>et</strong></span> <span class='ocrx_word' id='word_1_654' title='bbox 955 4345 1047 4402; x_wconf 86' lang='lat' dir='ltr'><strong>anima</strong></span> <span class='ocrx_word' id='word_1_655' title='bbox 1060 4352 1087 4401; x_wconf 93' lang='lat' dir='ltr'><strong>et</strong></span> <span class='ocrx_word' id='word_1_656' title='bbox 1109 4360 1190 4412; x_wconf 91' lang='lat' dir='ltr'><strong>caro,</strong></span> <span class='ocrx_word' id='word_1_657' title='bbox 1209 4353 1237 4402; x_wconf 90' lang='lat' dir='ltr'><strong>et</strong></span> <span class='ocrx_word' id='word_1_658' title='bbox 1257 4343 1347 4410; x_wconf 88' lang='lat' dir='ltr'><strong>Deus,</strong></span> <span class='ocrx_word' id='word_1_659' title='bbox 1369 4345 1465 4418; x_wconf 86' lang='lat' dir='ltr'><strong>utique</strong></span> <span class='ocrx_word' id='word_1_660' title='bbox 1482 4360 1555 4400; x_wconf 91' lang='lat' dir='ltr'><strong>nnus</strong></span> <span class='ocrx_word' id='word_1_661' title='bbox 1576 4351 1658 4411; x_wconf 90' lang='lat' dir='ltr'><strong>sunt,</strong></span> <span class='ocrx_word' id='word_1_662' title='bbox 1679 4345 1743 4416; x_wconf 82' lang='lat' dir='ltr'><strong>qnia</strong></span> 
     </span>
     <span class='ocr_line' id='line_1_45' title="bbox 108 4433 1744 4510; baseline 0.002 -21"><span class='ocrx_word' id='word_1_663' title='bbox 108 4433 189 4490; x_wconf 89' lang='lat' dir='ltr'><strong>idem</strong></span> <span class='ocrx_word' id='word_1_664' title='bbox 202 4441 254 4490; x_wconf 91' lang='lat' dir='ltr'><strong>est.</strong></span> <span class='ocrx_word' id='word_1_665' title='bbox 278 4433 349 4502; x_wconf 91' lang='lat' dir='ltr'><strong>Quid</strong></span> <span class='ocrx_word' id='word_1_666' title='bbox 363 4442 406 4492; x_wconf 90' lang='lat' dir='ltr'><strong>est</strong></span> <span class='ocrx_word' id='word_1_667' title='bbox 419 4450 486 4509; x_wconf 89' lang='lat' dir='ltr'><strong>ergo</strong></span> <span class='ocrx_word' id='word_1_668' title='bbox 499 4434 621 4493; x_wconf 77' lang='lat' dir='ltr'><strong>Christus</strong></span> <span class='ocrx_word' id='word_1_669' title='bbox 639 4445 679 4492; x_wconf 89' lang='lat' dir='ltr'><strong>est</strong></span> <span class='ocrx_word' id='word_1_670' title='bbox 694 4437 806 4509; x_wconf 80' lang='lat' dir='ltr'><strong>equalis</strong></span> <span class='ocrx_word' id='word_1_671' title='bbox 825 4435 905 4491; x_wconf 83' lang='lat' dir='ltr'><strong>Petri</strong></span> <span class='ocrx_word' id='word_1_672' title='bbox 955 4453 1011 4494; x_wconf 92' lang='lat' dir='ltr'><strong>una</strong></span> <span class='ocrx_word' id='word_1_673' title='bbox 1030 4451 1148 4510; x_wconf 88' lang='lat' dir='ltr'><strong>persona</strong></span> <span class='ocrx_word' id='word_1_674' title='bbox 1173 4445 1257 4506; x_wconf 89' lang='lat' dir='ltr'><strong>sunt;</strong></span> <span class='ocrx_word' id='word_1_675' title='bbox 1280 4437 1356 4493; x_wconf 87' lang='lat' dir='ltr'><strong>nulla</strong></span> <span class='ocrx_word' id='word_1_676' title='bbox 1376 4437 1482 4492; x_wconf 87' lang='lat' dir='ltr'><strong>ratione</strong></span> <span class='ocrx_word' id='word_1_677' title='bbox 1503 4445 1560 4493; x_wconf 89' lang='lat' dir='ltr'><strong>tres</strong></span> <span class='ocrx_word' id='word_1_678' title='bbox 1578 4444 1658 4504; x_wconf 90' lang='lat' dir='ltr'><strong>sunt,</strong></span> <span class='ocrx_word' id='word_1_679' title='bbox 1680 4437 1744 4510; x_wconf 86' lang='lat' dir='ltr'><strong>quia</strong></span> 
     </span>
     <span class='ocr_line' id='line_1_46' title="bbox 107 4525 1745 4604; baseline 0.002 -22"><span class='ocrx_word' id='word_1_680' title='bbox 107 4525 259 4582; x_wconf 61' lang='lat' dir='ltr'><strong>mundum</strong></span> <span class='ocrx_word' id='word_1_681' title='bbox 285 4527 466 4598; x_wconf 80' lang='lat' dir='ltr'><strong>diuinitatem,</strong></span> <span class='ocrx_word' id='word_1_682' title='bbox 494 4529 549 4604; x_wconf 67' lang='lat' dir='ltr'><strong>nisi</strong></span> <span class='ocrx_word' id='word_1_683' title='bbox 575 4528 707 4586; x_wconf 85' lang='lat' dir='ltr'><strong>divinitas</strong></span> <span class='ocrx_word' id='word_1_684' title='bbox 730 4527 835 4585; x_wconf 89' lang='lat' dir='ltr'><strong>Christi</strong></span> <span class='ocrx_word' id='word_1_685' title='bbox 861 4535 906 4588; x_wconf 85' lang='lat' dir='ltr'><strong>est</strong></span> <span class='ocrx_word' id='word_1_686' title='bbox 920 4536 943 4593; x_wconf 82' lang='grc' dir='ltr'><strong>[ι</strong></span> <span class='ocrx_word' id='word_1_687' title='bbox 956 4539 1014 4590; x_wconf 85' lang='grc' dir='ltr'>ιιεε</span> <span class='ocrx_word' id='word_1_688' title='bbox 1035 4546 1158 4603; x_wconf 87' lang='lat' dir='ltr'><strong>personae</strong></span> <span class='ocrx_word' id='word_1_689' title='bbox 1178 4545 1233 4586; x_wconf 92' lang='lat' dir='ltr'><strong>uon</strong></span> <span class='ocrx_word' id='word_1_690' title='bbox 1253 4536 1337 4598; x_wconf 88' lang='lat' dir='ltr'><strong>sunt;</strong></span> <span class='ocrx_word' id='word_1_691' title='bbox 1358 4529 1434 4586; x_wconf 88' lang='lat' dir='ltr'><strong>nulla</strong></span> <span class='ocrx_word' id='word_1_692' title='bbox 1452 4529 1559 4586; x_wconf 90' lang='lat' dir='ltr'><strong>ratione</strong></span> <span class='ocrx_word' id='word_1_693' title='bbox 1577 4531 1642 4586; x_wconf 88' lang='lat' dir='ltr'><strong>item</strong></span> <span class='ocrx_word' id='word_1_694' title='bbox 1659 4546 1745 4586; x_wconf 87' lang='lat' dir='ltr'><strong>unum</strong></span> 
     </span>
     <span class='ocr_line' id='line_1_47' title="bbox 107 4618 1745 4695; baseline 0.004 -23"><span class='ocrx_word' id='word_1_695' title='bbox 107 4618 230 4689; x_wconf 67' lang='lat' dir='ltr'><strong>anatalis</strong></span> <span class='ocrx_word' id='word_1_696' title='bbox 244 4618 341 4674; x_wconf 75' lang='lat' dir='ltr'><strong>Patri?</strong></span> <span class='ocrx_word' id='word_1_697' title='bbox 957 4630 1038 4691; x_wconf 89' lang='lat' dir='ltr'><strong>sunt,</strong></span> <span class='ocrx_word' id='word_1_698' title='bbox 1054 4624 1118 4695; x_wconf 86' lang='lat' dir='ltr'><strong>qnia</strong></span> <span class='ocrx_word' id='word_1_699' title='bbox 1132 4637 1186 4679; x_wconf 89' lang='lat' dir='ltr'><strong>una</strong></span> <span class='ocrx_word' id='word_1_700' title='bbox 1200 4629 1301 4678; x_wconf 88' lang='lat' dir='ltr'><strong>natura</strong></span> <span class='ocrx_word' id='word_1_701' title='bbox 1315 4637 1371 4678; x_wconf 91' lang='lat' dir='ltr'><strong>non</strong></span> <span class='ocrx_word' id='word_1_702' title='bbox 1385 4628 1470 4691; x_wconf 88' lang='lat' dir='ltr'><strong>sunt;</strong></span> <span class='ocrx_word' id='word_1_703' title='bbox 1485 4623 1581 4693; x_wconf 93' lang='lat' dir='ltr'><strong>procul</strong></span> <span class='ocrx_word' id='word_1_704' title='bbox 1594 4621 1678 4678; x_wconf 90' lang='lat' dir='ltr'><strong>dnbio</strong></span> <span class='ocrx_word' id='word_1_705' title='bbox 1691 4623 1745 4679; x_wconf 90' lang='lat' dir='ltr'><strong>tria</strong></span> 
     </span>
    </p>

    <p class='ocr_par' dir='ltr' id='par_1_7' title="bbox 108 4709 1748 5436">
     <span class='ocr_line' id='line_1_48' title="bbox 152 4709 1746 4789; baseline 0.004 -24"><span class='ocrx_word' id='word_1_706' title='bbox 152 4709 242 4766; x_wconf 88' lang='lat' dir='ltr'><strong>Simili</strong></span> <span class='ocrx_word' id='word_1_707' title='bbox 265 4711 347 4767; x_wconf 86' lang='lat' dir='ltr'><strong>modo</strong></span> <span class='ocrx_word' id='word_1_708' title='bbox 366 4713 557 4784; x_wconf 84' lang='lat' dir='ltr'><strong>exponendum</strong></span> <span class='ocrx_word' id='word_1_709' title='bbox 574 4720 642 4785; x_wconf 87' lang='lat' dir='ltr'><strong>puto</strong></span> <span class='ocrx_word' id='word_1_710' title='bbox 662 4712 737 4785; x_wconf 81' lang='lat' dir='ltr'><strong>quud</strong></span> <span class='ocrx_word' id='word_1_711' title='bbox 756 4713 903 4785; x_wconf 86' lang='lat' dir='ltr'><strong>seqnitur:</strong></span> <span class='ocrx_word' id='word_1_712' title='bbox 957 4724 1037 4784; x_wconf 91' lang='lat' dir='ltr'><strong>sunt,</strong></span> <span class='ocrx_word' id='word_1_713' title='bbox 1056 4717 1122 4789; x_wconf 85' lang='lat' dir='ltr'><strong>quia</strong></span> <span class='ocrx_word' id='word_1_714' title='bbox 1141 4724 1198 4773; x_wconf 89' lang='lat' dir='ltr'><strong>tres</strong></span> <span class='ocrx_word' id='word_1_715' title='bbox 1219 4715 1381 4772; x_wconf 78' lang='lat' dir='ltr'><strong>substantiae</strong></span> <span class='ocrx_word' id='word_1_716' title='bbox 1403 4723 1477 4772; x_wconf 91' lang='lat' dir='ltr'><strong>sunt.</strong></span> <span class='ocrx_word' id='word_1_717' title='bbox 1497 4715 1590 4788; x_wconf 88' lang='lat' dir='ltr'><strong>ltaque</strong></span> <span class='ocrx_word' id='word_1_718' title='bbox 1612 4717 1702 4774; x_wconf 87' lang='lat' dir='ltr'><strong>anima</strong></span> <span class='ocrx_word' id='word_1_719' title='bbox 1718 4725 1746 4772; x_wconf 90' lang='lat' dir='ltr'><strong>et</strong></span> 
     </span>
     <span class='ocr_line' id='line_1_49' title="bbox 108 4801 1747 4880; baseline 0.004 -20"><span class='ocrx_word' id='word_1_720' title='bbox 108 4801 208 4860; x_wconf 84' lang='lat' dir='ltr'><strong>llinor</strong></span> <span class='ocrx_word' id='word_1_721' title='bbox 221 4803 304 4859; x_wconf 84' lang='lat' dir='ltr'><strong>Putre</strong></span> <span class='ocrx_word' id='word_1_722' title='bbox 326 4803 691 4871; x_wconf 82' lang='lat' dir='ltr'><strong>secundumhurnonitutern,</strong></span> <span class='ocrx_word' id='word_1_723' title='bbox 707 4805 791 4863; x_wconf 90' lang='lat' dir='ltr'><strong>idest</strong></span> <span class='ocrx_word' id='word_1_724' title='bbox 812 4806 908 4861; x_wconf 88' lang='lat' dir='ltr'><strong>huma·</strong></span> <span class='ocrx_word' id='word_1_725' title='bbox 957 4825 1024 4867; x_wconf 88' lang='lat' dir='ltr'><strong>caro</strong></span> <span class='ocrx_word' id='word_1_726' title='bbox 1044 4817 1072 4865; x_wconf 88' lang='lat' dir='ltr'><strong>ct</strong></span> <span class='ocrx_word' id='word_1_727' title='bbox 1092 4807 1183 4876; x_wconf 84' lang='lat' dir='ltr'><strong>Deus,</strong></span> <span class='ocrx_word' id='word_1_728' title='bbox 1205 4825 1257 4865; x_wconf 89' lang='lat' dir='ltr'><strong>nec</strong></span> <span class='ocrx_word' id='word_1_729' title='bbox 1279 4825 1365 4864; x_wconf 89' lang='lat' dir='ltr'><strong>unum</strong></span> <span class='ocrx_word' id='word_1_730' title='bbox 1382 4816 1464 4875; x_wconf 91' lang='lat' dir='ltr'><strong>sunt,</strong></span> <span class='ocrx_word' id='word_1_731' title='bbox 1480 4824 1532 4864; x_wconf 91' lang='lat' dir='ltr'><strong>nec</strong></span> <span class='ocrx_word' id='word_1_732' title='bbox 1550 4816 1607 4867; x_wconf 87' lang='lat' dir='ltr'><strong>tres</strong></span> <span class='ocrx_word' id='word_1_733' title='bbox 1621 4817 1705 4880; x_wconf 76' lang='lat' dir='ltr'><strong>sunt;</strong></span> <span class='ocrx_word' id='word_1_734' title='bbox 1719 4818 1747 4866; x_wconf 90' lang='lat' dir='ltr'><strong>et</strong></span> 
     </span>
     <span class='ocr_line' id='line_1_50' title="bbox 108 4895 1746 4976; baseline 0.002 -23"><span class='ocrx_word' id='word_1_735' title='bbox 108 4897 191 4953; x_wconf 84' lang='lat' dir='ltr'><strong>nitas</strong></span> <span class='ocrx_word' id='word_1_736' title='bbox 200 4895 304 4954; x_wconf 84' lang='lat' dir='ltr'><strong>Christi</strong></span> <span class='ocrx_word' id='word_1_737' title='bbox 317 4897 408 4953; x_wconf 92' lang='lat' dir='ltr'><strong>minor</strong></span> <span class='ocrx_word' id='word_1_738' title='bbox 420 4905 464 4954; x_wconf 90' lang='lat' dir='ltr'><strong>est</strong></span> <span class='ocrx_word' id='word_1_739' title='bbox 477 4897 575 4956; x_wconf 88' lang='lat' dir='ltr'><strong>Patre:</strong></span> <span class='ocrx_word' id='word_1_740' title='bbox 597 4900 672 4971; x_wconf 82' lang='lat' dir='ltr'><strong>quod</strong></span> <span class='ocrx_word' id='word_1_741' title='bbox 685 4905 778 4955; x_wconf 91' lang='lat' dir='ltr'><strong>autem</strong></span> <span class='ocrx_word' id='word_1_742' title='bbox 793 4897 906 4954; x_wconf 90' lang='lat' dir='ltr'><strong>omnino</strong></span> <span class='ocrx_word' id='word_1_743' title='bbox 957 4917 1030 4960; x_wconf 90' lang='lat' dir='ltr'><strong>uuus</strong></span> <span class='ocrx_word' id='word_1_744' title='bbox 1042 4908 1124 4968; x_wconf 86' lang='lat' dir='ltr'><strong>sunt,</strong></span> <span class='ocrx_word' id='word_1_745' title='bbox 1135 4907 1163 4958; x_wconf 93' lang='lat' dir='ltr'><strong>et</strong></span> <span class='ocrx_word' id='word_1_746' title='bbox 1177 4902 1229 4957; x_wconf 86' lang='lat' dir='ltr'><strong>tria</strong></span> <span class='ocrx_word' id='word_1_747' title='bbox 1244 4909 1309 4958; x_wconf 91' lang='lat' dir='ltr'><strong>sunt</strong></span> <span class='ocrx_word' id='word_1_748' title='bbox 1328 4901 1412 4976; x_wconf 73' lang='lat' dir='ltr'><strong>(ltu).</strong></span> <span class='ocrx_word' id='word_1_749' title='bbox 1431 4899 1550 4958; x_wconf 83' lang='lat' dir='ltr'><strong>Econtra</strong></span> <span class='ocrx_word' id='word_1_750' title='bbox 1563 4899 1644 4959; x_wconf 88' lang='lat' dir='ltr'><strong>Pater</strong></span> <span class='ocrx_word' id='word_1_751' title='bbox 1657 4908 1685 4958; x_wconf 89' lang='grc' dir='ltr'><strong>ει</strong></span> <span class='ocrx_word' id='word_1_752' title='bbox 1699 4899 1746 4956; x_wconf 82' lang='lat' dir='ltr'><strong>m-</strong></span> 
     </span>
     <span class='ocr_line' id='line_1_51' title="bbox 108 4989 1745 5067; baseline -0.004 -12"><span class='ocrx_word' id='word_1_753' title='bbox 108 4990 222 5062; x_wconf 81' lang='lat' dir='ltr'><strong>aequale</strong></span> <span class='ocrx_word' id='word_1_754' title='bbox 242 4996 303 5056; x_wconf 64' lang='lat' dir='ltr'><strong>esi»</strong></span> <span class='ocrx_word' id='word_1_755' title='bbox 323 5004 381 5045; x_wconf 75' lang='lat' dir='ltr'><strong>non</strong></span> <span class='ocrx_word' id='word_1_756' title='bbox 401 4998 444 5047; x_wconf 79' lang='lat' dir='ltr'><strong>est</strong></span> <span class='ocrx_word' id='word_1_757' title='bbox 464 4989 492 5046; x_wconf 85' lang='lat' dir='ltr'><strong>id</strong></span> <span class='ocrx_word' id='word_1_758' title='bbox 511 4993 585 5063; x_wconf 85' lang='lat' dir='ltr'><strong>quod</strong></span> <span class='ocrx_word' id='word_1_759' title='bbox 604 4992 718 5049; x_wconf 89' lang='lat' dir='ltr'><strong>omnino</strong></span> <span class='ocrx_word' id='word_1_760' title='bbox 736 4991 829 5048; x_wconf 87' lang='lat' dir='ltr'><strong>minus</strong></span> <span class='ocrx_word' id='word_1_761' title='bbox 842 4997 906 5059; x_wconf 85' lang='lat' dir='ltr'><strong>cst;</strong></span> <span class='ocrx_word' id='word_1_762' title='bbox 957 4995 1013 5052; x_wconf 87' lang='lat' dir='ltr'><strong>lius</strong></span> <span class='ocrx_word' id='word_1_763' title='bbox 1026 5001 1053 5051; x_wconf 89' lang='grc' dir='ltr'><strong>ει</strong></span> <span class='ocrx_word' id='word_1_764' title='bbox 1069 4993 1188 5067; x_wconf 89' lang='lat' dir='ltr'><strong>Spiritus</strong></span> <span class='ocrx_word' id='word_1_765' title='bbox 1202 5002 1315 5052; x_wconf 90' lang='lat' dir='ltr'><strong>sanctus</strong></span> <span class='ocrx_word' id='word_1_766' title='bbox 1328 5002 1355 5051; x_wconf 90' lang='grc' dir='ltr'><strong>ει</strong></span> <span class='ocrx_word' id='word_1_767' title='bbox 1369 5011 1455 5055; x_wconf 88' lang='lat' dir='ltr'><strong>unum</strong></span> <span class='ocrx_word' id='word_1_768' title='bbox 1469 5001 1548 5062; x_wconf 89' lang='lat' dir='ltr'><strong>sunt,</strong></span> <span class='ocrx_word' id='word_1_769' title='bbox 1558 5002 1651 5052; x_wconf 89' lang='lat' dir='ltr'><strong>ettres</strong></span> <span class='ocrx_word' id='word_1_770' title='bbox 1665 5000 1745 5061; x_wconf 89' lang='lat' dir='ltr'><strong>sunt;</strong></span> 
     </span>
     <span class='ocr_line' id='line_1_52' title="bbox 108 5080 1747 5159; baseline -0.003 -23"><span class='ocrx_word' id='word_1_771' title='bbox 108 5096 204 5156; x_wconf 84' lang='lat' dir='ltr'><strong>qnare</strong></span> <span class='ocrx_word' id='word_1_772' title='bbox 223 5081 354 5139; x_wconf 81' lang='lat' dir='ltr'><strong>diuinitas</strong></span> <span class='ocrx_word' id='word_1_773' title='bbox 373 5080 476 5139; x_wconf 87' lang='lat' dir='ltr'><strong>Christi</strong></span> <span class='ocrx_word' id='word_1_774' title='bbox 488 5099 545 5140; x_wconf 92' lang='lat' dir='ltr'><strong>non</strong></span> <span class='ocrx_word' id='word_1_775' title='bbox 557 5092 598 5141; x_wconf 89' lang='lat' dir='ltr'><strong>est</strong></span> <span class='ocrx_word' id='word_1_776' title='bbox 613 5085 770 5140; x_wconf 86' lang='lat' dir='ltr'><strong>humanitas</strong></span> <span class='ocrx_word' id='word_1_777' title='bbox 783 5082 905 5140; x_wconf 89' lang='lat' dir='ltr'><strong>Christi:</strong></span> <span class='ocrx_word' id='word_1_778' title='bbox 957 5103 1010 5145; x_wconf 88' lang='lat' dir='ltr'><strong>nec</strong></span> <span class='ocrx_word' id='word_1_779' title='bbox 1024 5102 1096 5144; x_wconf 91' lang='lat' dir='ltr'><strong>unns</strong></span> <span class='ocrx_word' id='word_1_780' title='bbox 1110 5094 1243 5155; x_wconf 90' lang='lat' dir='ltr'><strong>sunt,neo</strong></span> <span class='ocrx_word' id='word_1_781' title='bbox 1256 5089 1309 5144; x_wconf 89' lang='lat' dir='ltr'><strong>tria</strong></span> <span class='ocrx_word' id='word_1_782' title='bbox 1323 5097 1396 5146; x_wconf 89' lang='lat' dir='ltr'><strong>sunt.</strong></span> <span class='ocrx_word' id='word_1_783' title='bbox 1408 5088 1487 5145; x_wconf 88' lang='lat' dir='ltr'><strong>Unde</strong></span> <span class='ocrx_word' id='word_1_784' title='bbox 1499 5088 1584 5159; x_wconf 88' lang='lat' dir='ltr'><strong>liquet</strong></span> <span class='ocrx_word' id='word_1_785' title='bbox 1594 5087 1666 5159; x_wconf 83' lang='lat' dir='ltr'><strong>qrrod</strong></span> <span class='ocrx_word' id='word_1_786' title='bbox 1679 5101 1747 5142; x_wconf 72' lang='lat' dir='ltr'><strong>neu.</strong></span> 
     </span>
     <span class='ocr_line' id='line_1_53' title="bbox 109 5170 1748 5249; baseline 0.001 -20"><span class='ocrx_word' id='word_1_787' title='bbox 109 5173 166 5229; x_wconf 87' lang='lat' dir='ltr'><strong>sed</strong></span> <span class='ocrx_word' id='word_1_788' title='bbox 180 5170 312 5231; x_wconf 85' lang='lat' dir='ltr'><strong>divinitas</strong></span> <span class='ocrx_word' id='word_1_789' title='bbox 325 5175 354 5230; x_wconf 92' lang='lat' dir='ltr'><strong>in</strong></span> <span class='ocrx_word' id='word_1_790' title='bbox 368 5174 496 5242; x_wconf 87' lang='lat' dir='ltr'><strong>Christo,</strong></span> <span class='ocrx_word' id='word_1_791' title='bbox 511 5176 581 5232; x_wconf 88' lang='lat' dir='ltr'><strong>idem</strong></span> <span class='ocrx_word' id='word_1_792' title='bbox 595 5178 725 5249; x_wconf 85' lang='lat' dir='ltr'><strong>estquod</strong></span> <span class='ocrx_word' id='word_1_793' title='bbox 738 5176 812 5233; x_wconf 85' lang='lat' dir='ltr'><strong>bens</strong></span> <span class='ocrx_word' id='word_1_794' title='bbox 826 5175 908 5232; x_wconf 90' lang='lat' dir='ltr'><strong>Chri·</strong></span> <span class='ocrx_word' id='word_1_795' title='bbox 957 5185 1001 5233; x_wconf 93' lang='lat' dir='ltr'><strong>tro</strong></span> <span class='ocrx_word' id='word_1_796' title='bbox 1014 5193 1113 5249; x_wconf 85' lang='lat' dir='ltr'><strong>genere</strong></span> <span class='ocrx_word' id='word_1_797' title='bbox 1128 5177 1163 5234; x_wconf 92' lang='lat' dir='ltr'><strong>ad</strong></span> <span class='ocrx_word' id='word_1_798' title='bbox 1187 5178 1382 5246; x_wconf 88' lang='lat' dir='ltr'><strong>substantiam,</strong></span> <span class='ocrx_word' id='word_1_799' title='bbox 1395 5179 1548 5236; x_wconf 89' lang='lat' dir='ltr'><strong>masculino</strong></span> <span class='ocrx_word' id='word_1_800' title='bbox 1561 5178 1691 5234; x_wconf 84' lang='lat' dir='ltr'><strong>utendum</strong></span> <span class='ocrx_word' id='word_1_801' title='bbox 1704 5184 1748 5233; x_wconf 89' lang='lat' dir='ltr'><strong>cst</strong></span> 
     </span>
     <span class='ocr_line' id='line_1_54' title="bbox 109 5265 1747 5342; baseline 0.001 -21"><span class='ocrx_word' id='word_1_802' title='bbox 109 5272 199 5333; x_wconf 84' lang='lat' dir='ltr'><strong>stus;</strong></span> <span class='ocrx_word' id='word_1_803' title='bbox 215 5265 371 5324; x_wconf 84' lang='lat' dir='ltr'><strong>humanitas</strong></span> <span class='ocrx_word' id='word_1_804' title='bbox 386 5266 488 5324; x_wconf 90' lang='lat' dir='ltr'><strong>Christi</strong></span> <span class='ocrx_word' id='word_1_805' title='bbox 500 5269 569 5324; x_wconf 91' lang='lat' dir='ltr'><strong>nihil</strong></span> <span class='ocrx_word' id='word_1_806' title='bbox 587 5268 662 5324; x_wconf 92' lang='lat' dir='ltr'><strong>aliud</strong></span> <span class='ocrx_word' id='word_1_807' title='bbox 672 5278 714 5325; x_wconf 90' lang='grc' dir='ltr'><strong>εει</strong></span> <span class='ocrx_word' id='word_1_808' title='bbox 728 5283 811 5340; x_wconf 84' lang='lat' dir='ltr'><strong>quant</strong></span> <span class='ocrx_word' id='word_1_809' title='bbox 827 5265 908 5324; x_wconf 90' lang='lat' dir='ltr'><strong>homo</strong></span> <span class='ocrx_word' id='word_1_810' title='bbox 957 5269 993 5326; x_wconf 90' lang='lat' dir='ltr'><strong>ad</strong></span> <span class='ocrx_word' id='word_1_811' title='bbox 1006 5286 1162 5342; x_wconf 89' lang='lat' dir='ltr'><strong>personam.</strong></span> <span class='ocrx_word' id='word_1_812' title='bbox 1176 5270 1236 5327; x_wconf 81' lang='lat' dir='ltr'><strong>iarn</strong></span> <span class='ocrx_word' id='word_1_813' title='bbox 1249 5272 1362 5329; x_wconf 89' lang='lat' dir='ltr'><strong>dubium</strong></span> <span class='ocrx_word' id='word_1_814' title='bbox 1374 5286 1430 5327; x_wconf 92' lang='lat' dir='ltr'><strong>non</strong></span> <span class='ocrx_word' id='word_1_815' title='bbox 1441 5278 1484 5328; x_wconf 90' lang='lat' dir='ltr'><strong>est</strong></span> <span class='ocrx_word' id='word_1_816' title='bbox 1495 5270 1560 5342; x_wconf 92' lang='lat' dir='ltr'><strong>qnid</strong></span> <span class='ocrx_word' id='word_1_817' title='bbox 1575 5269 1747 5326; x_wconf 87' lang='lat' dir='ltr'><strong>sentiendum</strong></span> 
     </span>
     <span class='ocr_line' id='line_1_55' title="bbox 108 5357 1747 5436; baseline -0.001 -21"><span class='ocrx_word' id='word_1_818' title='bbox 108 5357 258 5416; x_wconf 89' lang='lat' dir='ltr'><strong>Christus.</strong></span> <span class='ocrx_word' id='word_1_819' title='bbox 268 5357 360 5427; x_wconf 90' lang='lat' dir='ltr'><strong>Quare</strong></span> <span class='ocrx_word' id='word_1_820' title='bbox 371 5376 423 5417; x_wconf 90' lang='lat' dir='ltr'><strong>nec</strong></span> <span class='ocrx_word' id='word_1_821' title='bbox 431 5359 505 5418; x_wconf 83' lang='lat' dir='ltr'><strong>Deus</strong></span> <span class='ocrx_word' id='word_1_822' title='bbox 516 5362 608 5429; x_wconf 88' lang='lat' dir='ltr'><strong>homo,</strong></span> <span class='ocrx_word' id='word_1_823' title='bbox 619 5377 671 5419; x_wconf 89' lang='lat' dir='ltr'><strong>nec</strong></span> <span class='ocrx_word' id='word_1_824' title='bbox 680 5362 763 5418; x_wconf 88' lang='lat' dir='ltr'><strong>homo</strong></span> <span class='ocrx_word' id='word_1_825' title='bbox 772 5358 846 5417; x_wconf 82' lang='lat' dir='ltr'><strong>neus</strong></span> <span class='ocrx_word' id='word_1_826' title='bbox 859 5374 908 5430; x_wconf 90' lang='lat' dir='ltr'><strong>per</strong></span> <span class='ocrx_word' id='word_1_827' title='bbox 957 5364 1012 5432; x_wconf 92' lang='lat' dir='ltr'><strong>sit,</strong></span> <span class='ocrx_word' id='word_1_828' title='bbox 1027 5377 1091 5420; x_wconf 88' lang='lat' dir='ltr'><strong>eum</strong></span> <span class='ocrx_word' id='word_1_829' title='bbox 1105 5362 1178 5422; x_wconf 85' lang='lat' dir='ltr'><strong>Deus</strong></span> <span class='ocrx_word' id='word_1_830' title='bbox 1187 5365 1276 5422; x_wconf 90' lang='lat' dir='ltr'><strong>laetus</strong></span> <span class='ocrx_word' id='word_1_831' title='bbox 1290 5365 1372 5421; x_wconf 87' lang='lat' dir='ltr'><strong>homo</strong></span> <span class='ocrx_word' id='word_1_832' title='bbox 1385 5363 1516 5432; x_wconf 88' lang='lat' dir='ltr'><strong>auditur;</strong></span> <span class='ocrx_word' id='word_1_833' title='bbox 1531 5363 1598 5436; x_wconf 86' lang='lat' dir='ltr'><strong>quid</strong></span> <span class='ocrx_word' id='word_1_834' title='bbox 1610 5363 1684 5418; x_wconf 87' lang='lat' dir='ltr'><strong>enim</strong></span> <span class='ocrx_word' id='word_1_835' title='bbox 1705 5367 1747 5416; x_wconf 88' lang='lat' dir='ltr'><strong>est</strong></span> 
     </span>
    </p>
   </div>
   <div class='ocr_carea' id='block_1_3' title="bbox 166 5469 1747 5545">
    <p class='ocr_par' dir='ltr' id='par_1_8' title="bbox 166 5469 1747 5545">
     <span class='ocr_line' id='line_1_56' title="bbox 166 5469 1747 5545; baseline 0.002 -21"><span class='ocrx_word' id='word_1_836' title='bbox 166 5469 231 5540; x_wconf 82' lang='lat' dir='ltr'><strong>l&#39;llll</strong></span> <span class='ocrx_word' id='word_1_837' title='bbox 246 5469 368 5543; x_wconf 83' lang='lat' dir='ltr'><strong>Symbol.</strong></span> <span class='ocrx_word' id='word_1_838' title='bbox 385 5472 518 5531; x_wconf 78' lang='lat' dir='ltr'><strong>Athenas.</strong></span> <span class='ocrx_word' id='word_1_839' title='bbox 957 5475 1051 5534; x_wconf 89' lang='lat' dir='ltr'><strong>unitas</strong></span> <span class='ocrx_word' id='word_1_840' title='bbox 1065 5492 1121 5535; x_wconf 90' lang='lat' dir='ltr'><strong>non</strong></span> <span class='ocrx_word' id='word_1_841' title='bbox 1142 5479 1241 5535; x_wconf 89' lang='lat' dir='ltr'><strong>minuit</strong></span> <span class='ocrx_word' id='word_1_842' title='bbox 1260 5477 1443 5545; x_wconf 67' lang='lat' dir='ltr'><strong>Trinitatem</strong></span> <span class='ocrx_word' id='word_1_843' title='bbox 1464 5477 1503 5532; x_wconf 87' lang='lat' dir='ltr'><strong>ita</strong></span> <span class='ocrx_word' id='word_1_844' title='bbox 1521 5483 1549 5533; x_wconf 90' lang='lat' dir='ltr'><strong>et</strong></span> <span class='ocrx_word' id='word_1_845' title='bbox 1566 5476 1612 5532; x_wconf 87' lang='lat' dir='ltr'><strong>hic</strong></span> <span class='ocrx_word' id='word_1_846' title='bbox 1629 5487 1747 5545; x_wconf 84' lang='lat' dir='ltr'><strong>persona</strong></span> 
     </span>
    </p>
   </div>
   <div class='ocr_carea' id='block_1_4' title="bbox 166 5540 1747 5698">
    <p class='ocr_par' dir='ltr' id='par_1_9' title="bbox 166 5540 1747 5698">
     <span class='ocr_line' id='line_1_57' title="bbox 166 5540 1747 5626; baseline 0.002 -32"><span class='ocrx_word' id='word_1_847' title='bbox 166 5540 216 5595; x_wconf 84' lang='grc' dir='ltr'><strong>ιιι</strong></span> <span class='ocrx_word' id='word_1_848' title='bbox 247 5541 368 5626; x_wconf 72' lang='lat' dir='ltr'><strong>symbol.</strong></span> <span class='ocrx_word' id='word_1_849' title='bbox 384 5543 517 5601; x_wconf 80' lang='lat' dir='ltr'><strong>Albanas.</strong></span> <span class='ocrx_word' id='word_1_850' title='bbox 770 5611 807 5625; x_wconf 89' lang='lat'><strong>..</strong></span> <span class='ocrx_word' id='word_1_851' title='bbox 957 5562 1013 5602; x_wconf 90' lang='lat' dir='ltr'><strong>non</strong></span> <span class='ocrx_word' id='word_1_852' title='bbox 1027 5549 1171 5606; x_wconf 89' lang='lat' dir='ltr'><strong>conlundit</strong></span> <span class='ocrx_word' id='word_1_853' title='bbox 1185 5549 1364 5616; x_wconf 88' lang='lat' dir='ltr'><strong>substantias,</strong></span> <span class='ocrx_word' id='word_1_854' title='bbox 1379 5565 1430 5606; x_wconf 93' lang='lat' dir='ltr'><strong>nec</strong></span> <span class='ocrx_word' id='word_1_855' title='bbox 1445 5548 1592 5605; x_wconf 86' lang='lat' dir='ltr'><strong>subsantiae</strong></span> <span class='ocrx_word' id='word_1_856' title='bbox 1606 5547 1671 5618; x_wconf 81' lang='lat' dir='ltr'><strong>ipsu</strong></span> <span class='ocrx_word' id='word_1_857' title='bbox 1686 5560 1747 5614; x_wconf 89' lang='lat' dir='ltr'><strong>per·</strong></span> 
     </span>
     <span class='ocr_line' id='line_1_58' title="bbox 166 5611 1746 5698; baseline 0.001 -32"><span class='ocrx_word' id='word_1_858' title='bbox 166 5611 220 5666; x_wconf 78' lang='lat' dir='ltr'><strong>m</strong></span> <span class='ocrx_word' id='word_1_859' title='bbox 245 5613 322 5669; x_wconf 77' lang='lat' dir='ltr'><strong>Sicut</strong></span> <span class='ocrx_word' id='word_1_860' title='bbox 335 5615 363 5669; x_wconf 94' lang='lat' dir='ltr'><strong>in</strong></span> <span class='ocrx_word' id='word_1_861' title='bbox 375 5615 422 5669; x_wconf 89' lang='lat' dir='ltr'><strong>illa</strong></span> <span class='ocrx_word' id='word_1_862' title='bbox 435 5614 568 5686; x_wconf 87' lang='lat' dir='ltr'><strong>singulari</strong></span> <span class='ocrx_word' id='word_1_863' title='bbox 580 5614 723 5698; x_wconf 82' lang='lat' dir='ltr'><strong>divinitate</strong></span> <span class='ocrx_word' id='word_1_864' title='bbox 732 5613 854 5669; x_wconf 79' lang='lat' dir='ltr'><strong>Trinitas</strong></span> <span class='ocrx_word' id='word_1_865' title='bbox 866 5617 910 5669; x_wconf 86' lang='grc' dir='ltr'><strong>εει</strong></span> <span class='ocrx_word' id='word_1_866' title='bbox 958 5634 1034 5675; x_wconf 82' lang='lat' dir='ltr'><strong>sonae</strong></span> <span class='ocrx_word' id='word_1_867' title='bbox 1046 5619 1183 5696; x_wconf 85' lang='lat' dir='ltr'><strong>dissipant</strong></span> <span class='ocrx_word' id='word_1_868' title='bbox 1200 5621 1345 5688; x_wconf 88' lang='lat' dir='ltr'><strong>unitatem,</strong></span> <span class='ocrx_word' id='word_1_869' title='bbox 1361 5629 1415 5678; x_wconf 86' lang='lat' dir='ltr'><strong>etc.</strong></span> <span class='ocrx_word' id='word_1_870' title='bbox 1439 5619 1582 5684; x_wconf 89' lang='lat' dir='ltr'><strong>Bernard.,</strong></span> <span class='ocrx_word' id='word_1_871' title='bbox 1601 5633 1655 5673; x_wconf 90' lang='lat' dir='ltr'><strong>ser.</strong></span> <span class='ocrx_word' id='word_1_872' title='bbox 1674 5615 1703 5682; x_wconf 77' lang='lat' dir='ltr'><strong>i,</strong></span> <span class='ocrx_word' id='word_1_873' title='bbox 1718 5616 1746 5669; x_wconf 85' lang='lat' dir='ltr'><strong>in</strong></span> 
     </span>
    </p>
   </div>
   <div class='ocr_carea' id='block_1_5' title="bbox 107 5683 1746 5825">
    <p class='ocr_par' dir='ltr' id='par_1_10' title="bbox 107 5683 1746 5825">
     <span class='ocr_line' id='line_1_59' title="bbox 107 5683 1746 5762; baseline 0.001 -23"><span class='ocrx_word' id='word_1_874' title='bbox 107 5686 143 5742; x_wconf 88' lang='lat' dir='ltr'><strong>in</strong></span> <span class='ocrx_word' id='word_1_875' title='bbox 159 5685 304 5756; x_wconf 83' lang='lat' dir='ltr'><strong>personis,</strong></span> <span class='ocrx_word' id='word_1_876' title='bbox 319 5685 412 5742; x_wconf 86' lang='lat' dir='ltr'><strong>unitas</strong></span> <span class='ocrx_word' id='word_1_877' title='bbox 423 5685 453 5740; x_wconf 90' lang='lat' dir='ltr'><strong>in</strong></span> <span class='ocrx_word' id='word_1_878' title='bbox 466 5686 634 5753; x_wconf 64' lang='lat' dir='ltr'><strong>substantem</strong></span> <span class='ocrx_word' id='word_1_879' title='bbox 647 5685 728 5742; x_wconf 88' lang='lat' dir='ltr'><strong>sicin</strong></span> <span class='ocrx_word' id='word_1_880' title='bbox 741 5685 787 5739; x_wconf 87' lang='lat' dir='ltr'><strong>illa</strong></span> <span class='ocrx_word' id='word_1_881' title='bbox 796 5683 909 5754; x_wconf 89' lang='lat' dir='ltr'><strong>speciali</strong></span> <span class='ocrx_word' id='word_1_882' title='bbox 957 5688 1033 5762; x_wconf 76' lang='lat' dir='ltr'><strong>vigil.</strong></span> <span class='ocrx_word' id='word_1_883' title='bbox 1057 5690 1148 5751; x_wconf 76' lang='lat' dir='ltr'><strong>Natio.</strong></span> <span class='ocrx_word' id='word_1_884' title='bbox 1164 5693 1242 5750; x_wconf 83' lang='lat' dir='ltr'><strong>born.</strong></span> <span class='ocrx_word' id='word_1_885' title='bbox 1266 5693 1339 5750; x_wconf 88' lang='lat' dir='ltr'><strong>circa</strong></span> <span class='ocrx_word' id='word_1_886' title='bbox 1358 5693 1430 5751; x_wconf 90' lang='lat' dir='ltr'><strong>med.</strong></span> <span class='ocrx_word' id='word_1_887' title='bbox 1451 5700 1479 5749; x_wconf 91' lang='lat' dir='ltr'><strong>et</strong></span> <span class='ocrx_word' id='word_1_888' title='bbox 1492 5691 1540 5748; x_wconf 90' lang='lat' dir='ltr'><strong>lib.</strong></span> <span class='ocrx_word' id='word_1_889' title='bbox 1564 5705 1573 5747; x_wconf 91' lang='grc' dir='ltr'><strong>ι</strong></span> <span class='ocrx_word' id='word_1_890' title='bbox 1595 5689 1633 5745; x_wconf 85' lang='lat' dir='ltr'><strong>lie</strong></span> <span class='ocrx_word' id='word_1_891' title='bbox 1653 5686 1746 5743; x_wconf 85' lang='lat' dir='ltr'><strong>consi·</strong></span> 
     </span>
     <span class='ocr_line' id='line_1_60' title="bbox 107 5755 1047 5825; baseline 0.007 -14"><span class='ocrx_word' id='word_1_892' title='bbox 107 5756 313 5812; x_wconf 89' lang='lat' dir='ltr'><strong>commistione</strong></span> <span class='ocrx_word' id='word_1_893' title='bbox 323 5755 445 5812; x_wconf 86' lang='lat' dir='ltr'><strong>Trinitas</strong></span> <span class='ocrx_word' id='word_1_894' title='bbox 458 5763 502 5812; x_wconf 88' lang='grc' dir='ltr'><strong>εει</strong></span> <span class='ocrx_word' id='word_1_895' title='bbox 516 5757 545 5812; x_wconf 88' lang='grc' dir='ltr'><strong>ιιι</strong></span> <span class='ocrx_word' id='word_1_896' title='bbox 557 5755 730 5820; x_wconf 88' lang='lat' dir='ltr'><strong>substantiis,</strong></span> <span class='ocrx_word' id='word_1_897' title='bbox 746 5757 776 5811; x_wconf 92' lang='lat' dir='ltr'><strong>in</strong></span> <span class='ocrx_word' id='word_1_898' title='bbox 790 5767 909 5825; x_wconf 84' lang='lat' dir='ltr'><strong>persona</strong></span> <span class='ocrx_word' id='word_1_899' title='bbox 958 5760 1047 5819; x_wconf 89' lang='lat' dir='ltr'><strong>derat.</strong></span> 
     </span>
    </p>
   </div>
   <div class='ocr_carea' id='block_1_6' title="bbox 108 5826 907 5911">
    <p class='ocr_par' dir='ltr' id='par_1_11' title="bbox 108 5826 907 5911">
     <span class='ocr_line' id='line_1_61' title="bbox 108 5826 907 5911; baseline -0.006 -23"><span class='ocrx_word' id='word_1_900' title='bbox 108 5827 224 5888; x_wconf 74' lang='lat' dir='ltr'><strong>unitas.</strong></span> <span class='ocrx_word' id='word_1_901' title='bbox 236 5826 271 5887; x_wconf 84' lang='lat' dir='ltr'><strong>Et</strong></span> <span class='ocrx_word' id='word_1_902' title='bbox 281 5828 354 5887; x_wconf 88' lang='lat' dir='ltr'><strong>sicut</strong></span> <span class='ocrx_word' id='word_1_903' title='bbox 364 5827 402 5885; x_wconf 90' lang='lat' dir='ltr'><strong>ibi</strong></span> <span class='ocrx_word' id='word_1_904' title='bbox 415 5841 539 5902; x_wconf 79' lang='lat' dir='ltr'><strong>persona</strong></span> <span class='ocrx_word' id='word_1_905' title='bbox 549 5843 605 5886; x_wconf 91' lang='lat' dir='ltr'><strong>non</strong></span> <span class='ocrx_word' id='word_1_906' title='bbox 616 5827 744 5888; x_wconf 86' lang='lat' dir='ltr'><strong>scindunt</strong></span> <span class='ocrx_word' id='word_1_907' title='bbox 756 5828 907 5911; x_wconf 82' lang='lat' dir='ltr'><strong>unitatem,</strong></span> 
     </span>
    </p>
   </div>
   <div class='ocr_carea' id='block_1_7' title="bbox 0 0 1990 6324">
    <p class='ocr_par' dir='ltr' id='par_1_12' title="bbox 0 0 1990 6324">
     <span class='ocr_line' id='line_1_62' title="bbox 0 0 1990 6324; baseline 0 0"><span class='ocrx_word' id='word_1_908' title='bbox 0 0 1990 6324; x_wconf 95' lang='lat' dir='ltr'><strong> </strong></span> 
     </span>
    </p>
   </div>
  </div>
 </body>
</html>
