3967 6334
696 193 713 226 *a

494 673 870 793 ιιιιιιιιιιιιι
930 683 1333 804 uuevrouus

360 907 423 997 IN
458 909 915 1010 auuivuussirio
951 919 1244 1068 LUDOVlCl
1284 930 1457 1022 REGIS

88 1099 248 1175 (litoreae,
263 1099 341 1174 prul.
358 1102 393 1158 ad
411 1110 478 1158 tom.
495 1100 529 1157 lv
544 1103 632 1188 diupi.
646 1105 750 1189 collect.
763 1125 790 1178 p.
807 1124 899 1166 xxxvi.
920 1141 955 1152 —
970 1110 1048 1167 Hanc
1073 1111 1226 1186 legendam
1244 1118 1359 1190 Sirgerio
1380 1123 1523 1182 vindicant
1538 1136 1662 1185 auctores
1676 1129 1730 1186 tta-

524 1176 654 1232 nedrctrnr
669 1177 764 1232 bulliat
780 1179 928 1237 litterariae.
948 1179 1016 1240 Vide
1031 1198 1115 1256 supra
1129 1188 1181 1243 col.
1200 1190 1291 1262 titt.)

580 1457 878 1550 llleTENll
922 1461 1232 1559 lilONlTUbl.

129 1665 217 1751 ..3Sed
232 1670 297 1739 arria
312 1685 426 1742 regnum
442 1668 609 1726 Francorum
621 1672 666 1727 bic
677 1673 768 1744 aliqua
780 1676 883 1732 mentio
895 1676 1001 1742 incidit,
1016 1693 1102 1748 pauca
1116 1681 1199 1735 etiam
1210 1689 1238 1736 et
1250 1685 1329 1752 acrasi
1343 1687 1431 1742 obiter
1445 1689 1478 1743 de
1490 1703 1585 1743 corum
1601 1687 1731 1746 anniver-

89 1741 175 1797 sarbs
190 1741 353 1796 subnectere
365 1742 473 1796 ridetur
488 1759 542 1796 uun
555 1759 616 1798 esse
627 1745 818 1815 incongruum.
836 1746 867 1802 Et
882 1749 970 1817 primo
984 1749 1164 1806 observamus
1183 1751 1211 1806 ιιι
1226 1757 1371 1812 nocturnis
1380 1773 1475 1812 eovarm
1491 1759 1591 1828 vigiliis
1601 1768 1659 1816 tres
1678 1777 1730 1832 po·

88 1811 222 1893 steriores
234 1811 365 1893 lectiones
375 1812 409 1892 de
421 1812 541 1882 ipsorum
556 1822 608 1867 vta
622 1815 750 1870 recitatas
763 1814 862 1872 luisse:
877 1817 950 1887 quod
963 1821 1081 1875 rrraxime
1091 1821 1230 1892 colligitur
1244 1841 1276 1878 ex
1292 1829 1375 1882 veteri
1393 1827 1421 1884 S.
1438 1828 1558 1884 bioursii
1571 1831 1599 1885 ιιι
1615 1829 1731 1886 Francia

90 1881 243 1945 ordinario,
254 1897 285 1964 Ιιιι
308 1897 363 1950 quio
381 1888 453 1936 irater
474 1883 565 1938 varios
580 1885 649 1939 ritus
663 1885 842 1941 anniversarii
857 1885 1001 1958 bagoberti
1016 1891 1087 1960 regis
1107 1891 1166 1946 baec
1182 1893 1326 1962 leguntur:
1343 1898 1385 1950 ιιιι
1398 1889 1608 1970 urrurrtruemquc
1620 1912 1728 1955 troclar-

92 1968 156 2006 uuoa
166 1953 303 2020 praeiacet
317 1952 499 2020 tireauurarius
510 1953 581 2008 duos
590 1955 750 2016 sacerdotes,
763 1957 809 2026 qui
822 1957 972 2028 tlrririliaant
986 1959 1086 2014 altaria
1098 1971 1124 2015 ct
1135 1963 1298 2033 sepulturam
1311 1968 1379 2032 reaia
1394 1979 1419 2022 et
1436 1953 1600 2030 corraeorum,
1616 1981 1669 2024 tres
1680 1987 1730 2025 ca·

93 2032 192 2108 iperuos
208 2022 329 2104 lectiones
340 2021 372 2076 de
388 2023 447 2105 l'iia
460 2025 552 2094 ipsius.
568 2023 597 2079 ln
615 2033 771 2095 pervetusto
787 2027 869 2082 etiam
883 2028 1006 2096 ciusdem
1024 2031 1143 2086 coeneabii
1157 2034 1253 2089 codiee
1274 2051 1325 2091 urs.
1340 2026 1477 2095 ¹badonici
1490 2038 1536 2103 ii,
1548 2049 1731 2107 cognomento

91 2091 198 2172 brossr,
210 2093 368 2146 abbreviata
383 2092 444 2148 Vita
459 2096 503 2150 ilie
514 2095 574 2162 ejus
590 2097 777 2152 arrvriversaria
798 2096 831 2151 ad
843 2100 953 2154 tertium
973 2110 1139 2156 nocturnum
1156 2104 1267 2173 legenda
1279 2121 1341 2160 crim
1354 2110 1405 2165 lroc
1417 2110 1497 2164 titrrlo
1511 2110 1665 2180 reperitur:
1683 2111 1732 2165 ln-

90 2164 155 2231 capit
166 2163 241 2244 lcftio
254 2178 292 2217 vu
305 2164 331 2217 iu
343 2165 524 2220 arauireraario
535 2164 661 2220 badonici
679 2168 758 2237 repis.
775 2165 827 2233 Qui
846 2183 913 2224 saue
929 2169 999 2225 ritus
1010 2171 1063 2228 etsi
1078 2173 1159 2228 bodie
1171 2174 1294 2232 insoleus
1306 2179 1413 2233 ridetur
1424 2188 1451 2234 rt
1471 2180 1551 2250 plane
1570 2181 1730 2246 inusitatus,

90 2247 147 2288 ιιοιι
160 2249 250 2289 orturis
262 2241 318 2287 tum
335 2237 516 2291 conveniebat
530 2252 612 2306 qrraru
631 2237 711 2292 bodie
728 2238 858 2294 funebres
870 2239 922 2292 iliae
934 2239 1089 2310 principum
1102 2244 1315 2316 orationesque
1331 2249 1402 2304 inter
1414 2250 1552 2321 ipsissima
1565 2266 1644 2305 sacra
1657 2267 1732 2324 ruys·

89 2304 160 2358 teria
173 2304 345 2380 pronuntiari
359 2307 458 2367 solent,
471 2323 587 2377 ueraeque
600 2324 634 2363 eo
649 2309 737 2364 solum
754 2309 917 2364 ordinantur
933 2311 1062 2378 consilio,
1076 2320 1106 2369 ut
1119 2314 1268 2371 astantium
1284 2317 1401 2391 qrrisque
1417 2321 1551 2376 excitetur
1562 2321 1597 2376 ad
1611 2336 1731 2377 exoran-

91 2373 155 2428 dam
171 2389 221 2448 pvo
231 2375 361 2430 dcioucto
374 2377 496 2446 principe
507 2377 628 2432 divinam
645 2379 830 2435 clementiam.

130 2441 255 2500 &arvando
267 2446 311 2501 die
322 2448 510 2501 aarrrivcrsaria
528 2447 671 2518 buguberti
685 2449 756 2519 mgis
769 2466 822 2504 ιιιιιι
834 2450 908 2506 solas
924 2467 974 2520 pro
988 2467 1066 2507 more
1080 2469 1209 2524 resperas
1220 2471 1282 2510 cum
1297 2460 1441 2515 nocturnis
1456 2459 1556 2531 vigiliis
1565 2470 1594 2516 et
1604 2461 1732 2520 laudibus

89 2513 275 2570 decantabant
288 2517 415 2571 monacbi
431 2516 461 2572 S.
475 2516 608 2590 Dionysii,
625 2519 672 2574 scd
686 2521 754 2575 alias
765 2521 846 2574 ctiam
866 2519 980 2577 diurnas
994 2523 1087 2585 boras,
1100 2526 1228 2596 primam,
1244 2527 1364 2590 tertiam,
1377 2540 1492 2588 sextam,
1509 2546 1620 2592 ironam,
1633 2548 1733 2588 sccun-

90 2583 142 2640 das
154 2601 281 2656 resperas
291 2594 318 2640 et
334 2589 554 2658 completorium.
570 2605 652 2659 arram
671 2591 803 2645 hactenus
813 2592 1052 2657 consuetudinem,
1068 2605 1095 2649 et
1111 2597 1211 2650 multas
1221 2597 1291 2653 alias
1308 2613 1361 2652 oon
1378 2601 1437 2656 sine
1455 2601 1534 2656 larrde
1548 2601 1677 2657 retinent.
1693 2601 1732 2659 Nc

89 2657 154 2724 orris
171 2667 260 2712 aretem
281 2659 366 2727 gratis
380 2675 430 2714 uos
448 2661 600 2716 asseruisse
614 2661 753 2716 existimet
768 2662 795 2717 id
812 2663 884 2731 qrrod
909 2663 943 2719 ele
959 2663 1028 2720 lecta
1050 2666 1078 2718 in
1097 2667 1286 2722 anniversario
1303 2667 1435 2726 Lodorici
1453 2669 1490 2727 Vl
1508 2673 1582 2744 regis
1594 2673 1655 2743 ejus
1670 2672 1732 2729 vita

89 2726 173 2782 modo
188 2726 357 2793 dicebamus,
372 2729 448 2799 irruat
465 2731 510 2784 bic
525 2747 558 2786 ea
570 2748 622 2787 ms.
634 2729 729 2787 codiee
740 2729 768 2787 S.
788 2731 910 2804 bioupsii
922 2733 1069 2805 ipsasejus
1081 2736 1214 2793 lectiones
1230 2739 1376 2808 subiicere.

635 3037 855 3198 tecvm
901 3106 1162 3196 suerrus

129 3295 272 3354 Gloriosus
286 3296 368 3367 igitur
383 3305 409 3351 ct
419 3295 541 3352 lutuosas
551 3312 599 3351 rex
614 3293 783 3352 Francorum
795 3295 886 3352 Ludo·
900 3303 923 3358 A
937 3297 1103 3354 domassem.
1123 3318 1133 3348 ι
1150 3296 1188 3350 Ea
1203 3305 1295 3354 tamen
1310 3299 1435 3369 corporis
1450 3297 1584 3354 debilitati
1599 3299 1735 3370 grauitate

89 3391 181 3456 ricus,
196 3390 270 3461 regis
289 3389 425 3459 magoibei
438 3387 556 3459 Pbilippi
571 3389 652 3452 lilius,
667 3389 739 3444 altus
756 3390 887 3460 puerulos
938 3391 1021 3446 ctiam
1032 3389 1132 3446 lectulo
1143 3389 1328 3460 rigidissimus
1336 3405 1423 3460 risque
1435 3391 1503 3446 adeo
1512 3399 1539 3446 et
1550 3391 1609 3462 regi
1617 3391 1733 3464 Angliae,

88 3483 205 3553 antiqua
217 3495 311 3552 regum
326 3479 524 3551 Caroli-Magni
539 3487 566 3534 et
582 3480 697 3534 aliorum
713 3481 888 3536 excellentio-
939 3477 1086 3551 concitique
1104 3480 1261 3537 lbcobaldo
1274 3489 1302 3538 et
1315 3483 1443 3538 omnibus
1460 3482 1616 3549 resistebat,
1629 3491 1660 3540 ut
1671 3487 1735 3556 uui·

89 3585 166 3639 rum;
183 3571 235 3627 boc
250 3571 340 3644 ipsum
356 3573 526 3628 testamentis
537 3571 724 3642 imperialibus
738 3572 888 3627 testifican·
939 3589 1048 3644 casuque
1063 3589 1126 3628 eum
1145 3573 1286 3636 viderem,
1302 3581 1330 3629 et
1348 3575 1479 3644 pruciam
1498 3589 1581 3644 opera
1595 3578 1734 3643 audirent,

90 3665 173 3730 tium,
188 3665 389 3722 consuetudine
401 3665 472 3736 apud
488 3663 619 3720 Sarrctuur
631 3665 801 3737 Dionysium,
813 3674 888 3720 tauta
940 3666 1024 3720 animi
1036 3665 1206 3720 nobilitatem
1224 3664 1415 3736 praedicarent,
1426 3667 1552 3736 corporis
1565 3666 1735 3724 debilitatem

91 3766 120 3814 ct
138 3759 218 3830 qrrasi
238 3760 331 3814 natira
352 3757 495 3814 dulcedine
512 3757 580 3828 ipsis
601 3759 705 3814 sanctis
721 3759 888 3830 martyribus
939 3754 1145 3826 deplangerent.
1167 3753 1204 3808 Ea
1226 3756 1308 3810 ctiam
1335 3756 1497 3812 molestatus
1523 3759 1650 3827 angaria,
1671 3773 1735 3814 curn

92 3851 208 3922 suisque
219 3850 335 3906 adhaesit
349 3865 436 3920 usque
451 3849 530 3913 adeo,
544 3859 572 3904 ut
583 3851 704 3904 innatam
719 3864 735 3903 a
751 3865 835 3920 puero
845 3865 889 3904 eo·
940 3845 1236 3916 coiitra,Tlreobalduro
1251 3847 1379 3902 coroitem
1396 3848 1460 3902 laeso
1481 3864 1563 3904 crure
1579 3864 1612 3904 ac
1631 3848 1737 3906 vixdc·

92 3956 154 3996 rum
179 3942 303 3998 ecclcsiae
327 3942 475 3999 amicitiam
502 3948 560 3996 toto
589 3949 711 4012 tcrrrpore
741 3941 803 3996 vitre
833 3956 890 3996 suaa
940 3945 1050 4009 portato
1072 3937 1252 4001 bonaevallis,
1274 3947 1374 4008 praeter
1391 3939 1513 3994 claustra
1538 3941 1736 3996 monachorum

92 4031 179 4085 multa
200 4031 364 4087 liberalitate
386 4041 413 4088 et
432 4031 640 4086 lionoriivceutla
658 4031 847 4094 continuaret,
862 4040 890 4085 et
940 4043 1002 4096 qrrae
1025 4026 1198 4092 defendebat,
1219 4028 1280 4098 igue
1300 4043 1477 4084 concremare
1498 4028 1620 4092 lecisset,
1641 4030 1689 4086 sed
1708 4038 1736 4086 et

93 4123 123 4176 in
138 4123 190 4177 lirae
206 4139 312 4178 summe
332 4129 393 4192 post
422 4121 507 4178 Deum
525 4137 640 4192 sperans
654 4121 687 4174 ab
703 4121 754 4182 eis,
768 4121 889 4190 seipsum
941 4119 992 4173 alia
1013 4118 1149 4174 vicecom
1169 4119 1312 4177 castollum
1331 4118 1452 4176 Revrardi
1470 4120 1504 4175 de
1525 4119 1605 4175 lcodo
1626 4121 1737 4179 comitis

92 4222 122 4270 et
141 4229 257 4286 corpore
270 4223 298 4270 et
312 4216 413 4278 anima,
427 4226 457 4270 ut
471 4215 494 4269 si
509 4213 567 4269 beri
586 4221 693 4286 posset,
707 4212 807 4268 ibidem
829 4229 889 4266 ιιιυ-
941 4209 1092 4266 Tlreolaldi
1107 4226 1155 4280 per
1168 4209 1293 4266 lrvruriues
1313 4211 1396 4266 etiam
1419 4212 1519 4268 absens
1541 4211 1735 4278 destruxisset,

93 4302 202 4358 nacbus
219 4302 382 4364 obiceretur,
397 4302 573 4358 devotissime
588 4303 765 4358 deliberando
780 4310 890 4356 corrtra-
941 4317 983 4369 ca,
1003 4317 1085 4372 quam
1105 4310 1256 4357 extremam
1274 4301 1349 4362 feeit,
1363 4302 1548 4372 expeditione,
1564 4304 1736 4360 nobilissimo

93 4395 181 4449 deret.
195 4393 246 4461 Qui
259 4401 320 4465 post
328 4393 503 4450 tricenariam
512 4393 623 4465 gloriosi
634 4395 710 4465 regui
722 4392 889 4448 Francorum
941 4394 1064 4450 exercitu
1089 4403 1210 4449 castrum
1234 4393 1326 4450 Sarrcti
1352 4394 1500 4452 Brirtionis
1522 4412 1606 4467 super
1623 4395 1736 4453 ilrrviuru

94 4487 375 4552 administrationem,
393 4488 525 4542 illustrem
542 4486 726 4543 Ecclesiarum
749 4485 890 4542 deievrsio·
942 4487 1073 4560 Ligerim,
1089 4489 1125 4543 ob
1141 4489 1182 4544 sui
1199 4488 1376 4556 rapacitatem
1392 4497 1419 4542 ct
1437 4497 1621 4544 irrercatorum
1636 4488 1738 4559 deprac-

93 4597 170 4644 ncm,
191 4582 349 4636 continuam
371 4597 519 4652 pauperum
542 4588 570 4636 et
590 4581 776 4652 orphanorum
797 4581 891 4634 tuitio-
942 4579 1093 4642 dationem,
1110 4586 1137 4633 et
1156 4577 1281 4633 incendio
1302 4575 1428 4633 dissolvit
1441 4587 1468 4634 ct
1480 4579 1578 4633 tumim
1602 4586 1629 4634 ct
1647 4578 1736 4634 omni-

94 4689 159 4729 nem
193 4681 223 4728 ut
246 4674 372 4728 burrianae
391 4672 589 4744 corupleuionis
607 4689 668 4728 mos
680 4680 735 4737 est,
752 4688 890 4744 corporeae
908 4644 927 4699 Β
942 4684 1008 4724 ιιιιιιι
1032 4669 1066 4725 ad
1083 4669 1249 4724 deditionem
1271 4669 1369 4738 coegit.
1387 4668 1445 4735 Qua
1463 4685 1607 4738 regressus
1625 4669 1737 4740 experdi-

93 4763 240 4837 graritatis
260 4766 341 4832 uiola,
362 4772 389 4820 et
410 4765 534 4820 laborum
549 4766 711 4820 coartiouato
726 4765 825 4820 sudore
841 4765 892 4818 ali·
942 4763 1027 4823 tione,
1049 4760 1122 4832 apud
1138 4760 1280 4815 castellum
1301 4776 1401 4815 norum
1420 4760 1645 4826 Montis-Eberii,
1660 4762 1737 4832 gravi

93 4855 259 4927 quantisper
281 4854 397 4918 boetus,
411 4869 528 4926 corpore
544 4871 599 4910 ιιοιι
616 4855 708 4910 ιιιιιιιιο
728 4853 888 4914 deficiebat:
942 4853 1064 4908 diarrhia
1074 4851 1180 4908 uentris
1193 4851 1328 4923 prossurio
1341 4853 1412 4907 sicot
1425 4853 1573 4924 aliquando
1588 4869 1738 4910 consuere-

93 4961 159 5001 cum
175 4954 278 5010 tamen,
291 4946 314 5000 si
330 4946 396 5016 quid
412 4945 493 5018 regiae
503 4947 638 5017 rtrajestati
648 4948 834 5018 inoportunum
843 4961 892 5018 per
942 4952 986 4999 rat
1001 4946 1122 5015 graviter
1140 4945 1224 5016 ooepit
1245 4945 1361 5001 anxiari.
1377 4944 1429 5012 Qui
1446 4953 1476 5000 ut
1494 4955 1554 5002 erat
1568 4946 1596 5000 io
1613 4945 1738 5000 consiliis

94 5037 258 5094 universum
278 5053 391 5108 regnum
406 5047 569 5110 erraergeret,
584 5039 700 5094 inuitum
718 5039 794 5094 ιιιιιιο
810 5039 892 5094 modo
943 5037 1086 5108 providus,
1104 5020 1162 5092 sibi·
1176 5037 1230 5107 ipsi
1251 5038 1416 5102 consulens,
1431 5046 1460 5093 et
1474 5039 1622 5093 miseratus
1640 5050 1740 5092 aoivuo

92 5139 238 5201 praeterire
249 5129 407 5185 sustineret.
421 5127 514 5186 Tantae
529 5132 602 5186 euim
621 5131 744 5186 scientiae
769 5138 795 5186 et
810 5129 892 5186 indu·
946 5143 1013 5191 sirac,
1029 5126 1084 5183 beo
1104 5128 1226 5198 placens,
1243 5127 1422 5199 treqoentaca
1435 5127 1620 5185 confessionis
1635 5134 1662 5184 et
1675 5142 1740 5182 ora-

93 5220 172 5276 striar
189 5219 396 5294 sexagenarius,
412 5227 482 5286 erat,
501 5229 530 5276 ut
545 5222 568 5277 si
593 5223 754 5294 impinguati
766 5223 892 5294 corporis
946 5220 1051 5275 tionum
1069 5219 1123 5275 sibi
1143 5219 1288 5276 devotione
1312 5220 1486 5291 providebat,
1502 5221 1555 5275 boc
1574 5236 1659 5275 unum
1681 5227 1741 5274 toto

92 5310 224 5366 molestia
239 5310 314 5383 jugis
334 5327 389 5366 noa
407 5313 559 5379 resisteret,
575 5329 683 5368 omnem
702 5313 892 5369 rrrrirersaliter
946 5310 1031 5366 aniani
1044 5309 1141 5367 aiiectu
1153 5326 1314 5382 peroptans,
1326 5309 1398 5382 apud
1413 5317 1742 5382 sanctosmartyrespro-

92 5403 205 5458 bostem
228 5403 385 5474 superando
410 5412 575 5461 contereret.
596 5404 673 5460 Unde
696 5419 767 5476 saepe
788 5405 892 5460 intimis
946 5409 1065 5458 tectores
1080 5417 1147 5458 suos
1161 5399 1322 5472 Dionysium
1339 5401 1485 5472 sociosque
1498 5401 1561 5470 ejus
1580 5416 1611 5458 se
1624 5415 1742 5471 quomo·

92 5493 305 5565 ingemiscendo
323 5495 508 5565 qurerebatur:
533 5515 541 5546 ι
562 5495 618 5550 lleu
632 5495 638 5549 ι
660 5496 763 5566 inquit,
786 5496 892 5552 nriserm
945 5492 1092 5562 docunque
1110 5490 1230 5555 deferri,
1245 5497 1273 5546 ct
1286 5497 1351 5546 ante
1365 5491 1554 5550 sacratissima
1566 5503 1664 5546 curtim
1678 5505 1741 5542 ccv·

90 5585 343 5657 conditioni,quae
364 5586 437 5642 scire
454 5595 481 5643 et
502 5601 584 5658 posse
601 5587 714 5642 insimul
730 5594 777 5642 aot
789 5588 833 5642 via
846 5597 894 5642 aut
945 5600 1012 5656 pora
1037 5585 1115 5656 regni
1136 5590 1164 5640 et
1183 5596 1294 5637 coronae
1314 5581 1501 5653 depositione,
1530 5595 1661 5648 coronam
1690 5593 1741 5648 pro

91 5692 240 5750 nunquam
262 5678 392 5734 admittit.
415 5677 444 5734 Si
468 5680 541 5734 euim
564 5679 673 5748 juvenis
694 5679 825 5745 scissem,
847 5688 894 5735 aut
945 5695 1059 5746 corona,
1070 5694 1121 5750 pro
1135 5676 1272 5749 regalibus
1284 5675 1438 5747 insignibus
1453 5682 1482 5731 et
1497 5673 1687 5747 imperialibus
1695 5687 1738 5726 or·

90 5769 181 5827 ruodo
201 5785 286 5827 seucx
302 5785 422 5842 possem,
434 5771 620 5828 ellicarissime
634 5773 718 5828 nauita
731 5789 813 5845 regna
830 5784 894 5844 per·
947 5770 1086 5830 namentis
1097 5771 1229 5830 humilem
1244 5770 1316 5828 beati
1331 5767 1472 5825 Benedicti
1480 5769 1603 5826 babituna
1615 5780 1740 5823 coremu-
