3967 6334
45 387 112 443 297
527 381 562 437 it
582 379 680 438 uultu
701 379 747 434 tx
769 375 937 445 Quhtuuh
957 375 1059 432 utana
1078 375 1239 432 TERTIUS.
1649 372 1702 429 258

46 517 80 564 et
92 505 249 562 infirmitas
260 503 480 560 Christianorum
490 507 597 556 nonest
608 513 693 562 mors,
704 494 752 552 sed
763 495 860 550 mortis
874 497 898 554 Α
911 492 1043 549 inierunt.
1059 493 1129 560 Quia
1154 493 1266 550 uerbum
1291 489 1383 545 crucis
1401 495 1432 545 ut
1456 495 1556 544 cuneta
1572 489 1704 544 salutaria

48 598 231 656 similanda
915 583 1032 650 confert,
1056 585 1098 642 sic
1109 585 1192 640 noxia
1204 581 1284 638 tollit.
1299 579 1400 636 Aliter:
1417 579 1470 637 Per
1481 588 1600 636 montem
1613 589 1704 637 trans·

88 689 279 747 deserentem
300 697 511 742 encaemorum
528 684 597 754 ejas,
617 683 727 738 eleooeu
745 677 865 736 camut
915 673 1072 741 ferendum,
1102 690 1152 747 per
1174 675 1300 730 arborem
1324 687 1433 729 morum
1460 673 1653 729 eradicandam
1676 680 1706 730 et

46 785 191 850 arrexit,
207 791 233 837 et
254 789 362 836 curetas
381 788 538 848 estpuerea
555 775 602 832 iila
625 775 702 841 horo,
726 783 751 828 et
761 771 865 828 reddidi
913 770 1179 840 transplantandam,
1191 775 1282 839 potest
1292 766 1406 838 intelligi
1417 784 1425 834 ;
1436 766 1500 838 quia
1509 775 1709 825 consummatas

47 877 137 932 illum
154 875 230 946 petri
244 874 314 945 ejus.
914 861 975 918 fidei
981 863 1114 917 indicium
1126 862 1173 926 sit,
1185 859 1233 916 ubi
1248 861 1318 915 ratio
1328 859 1447 930 postulat
1461 860 1604 916 clementis
1616 859 1706 933 impe·

89 967 213 1043 [Bene]
228 966 280 1035 Qui
301 969 461 1038 peccantem
475 961 533 1018 vult
550 974 659 1024 sanare,
671 959 768 1014 vitium
783 957 864 1014 debet
913 967 986 1018 rare,
1003 961 1033 1008 ut
1043 952 1116 1024 quod
1127 952 1161 1010 de
1173 952 1217 1009 his
1227 953 1383 1024 specialiter
1397 952 1499 1008 dictum
1510 961 1563 1019 est,
1576 949 1706 1010 ue'omnt:

49 1077 183 1134 arguere
205 1070 234 1118 et
247 1058 398 1131 depellere;
422 1055 471 1112 sed
490 1053 628 1109 bominem
645 1051 764 1108 amando
787 1048 864 1107 reio·
913 1044 1355 1118 bushocgenetalitersentiatur.

50 1167 136 1218 rere,
152 1151 246 1208 donec
266 1156 394 1206 sanmum
407 1141 599 1217 spiritualibus
616 1140 715 1198 reddat
737 1141 863 1213 patribus
1198 1136 1314 1195 CAPUT
1330 1135 1422 1195 xctlt.

48 1242 210 1302 &etesia
1087 1251 1127 1338 Μ
1163 1231 1208 1338 izi
1245 1251 1299 1338 R·
1334 1231 1367 1281 tlh
1401 1249 1454 1338 L·
1491 1229 1535 1281 lot

316 1348 359 1438 M
393 1327 440 1444 ῳ
483 1346 536 1435 L·
571 1325 619 1377 m
948 1385 1170 1443 conversantibus
1195 1396 1283 1441 autem
1302 1385 1341 1442 eir
1358 1385 1386 1440 itt
1409 1383 1541 1450 Gruter,
1563 1385 1633 1439 dixit
1650 1386 1707 1440 illie

1734 1109 1743 1191 ¹.

911 1475 1009 1532 lesus:
1023 1474 1111 1531 Filius
1125 1475 1239 1530 hominis
1250 1471 1397 1529 tradendus
1411 1481 1452 1529 ert
1466 1475 1494 1528 in
1511 1491 1605 1531 maer
1620 1474 1706 1529 homi-

912 1585 986 1637 anm,
994 1577 1019 1623 et
1027 1568 1144 1624 occident
1155 1584 1224 1633 eum,
1231 1577 1257 1622 et
1264 1569 1344 1622 tertia
1350 1565 1392 1622 die
1406 1575 1533 1639 resurget.
1542 1565 1578 1621 lit
1592 1569 1705 1623 contrie-

913 1661 973 1726 tati,
987 1670 1050 1715 sant
1061 1659 1229 1715 uehementer.

948 1751 1062 1823 Semper
1074 1750 1207 1808 Dominus
1218 1751 1358 1822 prosperis
1371 1751 1468 1808 miscet
1482 1751 1583 1817 tristia,
1599 1759 1705 1808 utrum

879 1884 900 1940 B
913 1854 1024 1914 repente
1042 1842 1183 1907 venerint,
1198 1859 1255 1898 non
1269 1850 1374 1898 terrent
1394 1843 1544 1916 apostolos.
1566 1842 1600 1898 Et
1620 1844 1643 1901 si
1656 1859 1706 1901 eos

914 1935 1060 1993 contristat
1081 1935 1155 2007 quod
1178 1934 1345 1992 occidendus
1375 1943 1436 2000 est,
1459 1936 1540 1992 debet
1569 1935 1706 1995 letificare

49 2091 180 2146 pronum
201 2074 315 2144 sinopis,
329 2071 422 2126 dicetis
441 2069 525 2124 monti
547 2067 626 2122 truie:
647 2064 744 2120 Transi
757 2063 863 2128 hiram
914 2029 1090 2134 'efurfectm'
1112 2027 1191 2132 ΨΜ
1204 2035 1295 2083 amem
1312 2027 1392 2098 jum
1411 2026 1580 2134 Hafcumff
1601 2025 1706 2133 μω

50 2167 213 2236 transibit,
235 2176 260 2223 et
279 2166 345 2221 nihil
362 2161 525 2235 impossibile
538 2161 587 2217 erit
601 2159 683 2216 robis.
706 2157 763 2212 llos
777 2167 864 2212 antem
914 2121 1000 2192 ³¹¹q¹¹¹
1010 2119 1129 2176 verbum
1142 2120 1315 2192 ¹⁸⁰⁰r³b³mt
1326 2121 1706 2194 ”⁰⁰²³¹¹¹¹¹¹ss⁰¹²¹¹“¹‘d¹⁸²¹⁰·

49 2278 144 2334 genas
160 2261 357 2317 daemoniorum
371 2275 424 2314 nort
435 2257 550 2328 ejicitur,
563 2255 613 2311 nisi
622 2271 669 2326 per
680 2253 824 2307 orationem
839 2262 864 2309 et
914 2229 997 2285 quam
1016 2227 1110 2268 amm
1129 2213 1319 2318 ⁰⁰¹¹t¹f¹⁸⁰b³²3
1334 2227 1399 2284 ΨΜ
1416 2211 1598 2318 (Ῐῑιθωρωω
1610 2229 1707 2320 Qu

44 2353 211 2424 jejunium·
914 2305 1127 2377 cognoscebant,
1139 2313 1304 2361 moriturum
1314 2305 1425 2361 credere
1432 2305 1591 2378 nequibant.
1600 2305 1707 2379 thnta

91 2443 217 2520 [Bana]
232 2444 341 2516 lejunio
358 2443 502 2514 passiones
522 2442 657 2514 corporis,
677 2439 801 2497 oratione
820 2411 865 2496 sa·
914 2413 964 2504 Ψ
983 2397 1086 2470 sigum
1102 2413 1174 2470 ⁸²⁹⁰
1187 2397 1360 2469 ¹⁰¹¹¹¹⁰h³²¹¹¹’
1376 2398 1511 2470 ”mmm
1526 2399 1579 2454 ¹¹⁰⁰
1593 2399 1707 2473 figur&

48 2549 170 2596 nantur
184 2543 282 2610 pestes
296 2538 407 2594 mentis.
421 2535 467 2593 Sic
481 2550 546 2608 ergo
561 2535 671 2607 grauior
684 2533 786 2590 diaboli
801 2547 865 2603 pro-
1338 2579 1383 2630 ΓΠ

48 2631 185 2686 territas
209 2637 371 2703 superatur;
397 2629 438 2686 sie
451 2642 561 2701 quoque
575 2625 617 2682 ira
631 2624 738 2682 homini
753 2639 815 2680 cum
835 2625 865 2682 in
1239 2598 1302 2687 M·
1353 2658 1370 2693 χ

48 2723 368 2779 ultionemnostrorum
376 2717 865 2789 scelerumlueritaceensa,tanquara
952 2725 987 2780 Ει
1011 2742 1070 2780 cem
1097 2734 1227 2780 pessmus
1240 2723 1445 2796 capharnaum,
1468 2740 1633 2786 mamm
1659 2734 1707 2804 ‘ll‘

48 2817 203 2888 singulari
221 2815 342 2872 remedio
355 2815 489 2887 placatur.
513 2809 653 2886 [disson]
670 2810 740 2868 Cum
761 2809 865 2867 Paulus
915 2815 1071 2872 didrachmo
1090 2816 1252 2886 amputant
1275 2815 1310 2870 od
1328 2815 1448 2884 Petram,
1468 2828 1494 2873 et
1513 2818 1637 2876 dicerunt
1657 2825 1706 2881 eit

48 2903 866 2979 dicat,sitotumfidemhohuero,itootmontestronsserom
916 2909 1046 2981 Magister
1060 2915 1143 2964 nester
1156 2906 1558 2967 noneotendtdraeemotsu:
1573 2911 1674 2971 Etiam.
1711 2893 1715 2901 ’

49 3000 74 3072 (l
102 3002 176 3058 Car.
202 3000 278 3074 xxxi).
301 3015 399 3072 magna
414 3007 457 3056 est
478 2998 545 3054 tides
571 3011 631 3068 quae
652 3012 738 3068 grano
761 2996 866 3066 sinapis
952 2999 1092 3075 [hierom]
1104 2999 1219 3066 llocest,
1229 3015 1293 3057 rere
1303 3015 1360 3057 uon
1371 3002 1462 3059 soluit.
1478 3001 1544 3061 Post
1553 3005 1709 3078 Augustum

48 3103 262 3166 comparatum
285 3107 340 3148 non
360 3106 456 3163 parra,
473 3099 504 3146 ut
517 3089 628 3162 quidam
643 3095 749 3160 putant.
766 3087 866 3143 llontis
916 3092 1129 3151 Cesaremiacta
1136 3091 1277 3150 estludaea
1285 3092 1558 3167 tributaria.Sedpro
1565 3099 1709 3169 signorum

48 3187 217 3242 translatio
233 3200 287 3240 non
307 3184 368 3255 ejus
385 3183 565 3255 significatur,
579 3195 661 3252 quem
674 3180 865 3237 oeulisearnis
917 3187 1105 3259 magnitudine
1131 3201 1188 3241 uun
1208 3187 1269 3243 ausi
1290 3199 1356 3243 sunt
1378 3186 1413 3244 de
1435 3188 1539 3246 tributo
1560 3188 1707 3249 Dominum

49 3281 234 3352 aspicimus,
249 3281 297 3336 sed
311 3279 445 3349 illiusqui
459 3277 601 3334 abomino
618 3273 866 3332 translatusiuerat
916 3279 1062 3350 appellare.
1080 3277 1253 3335 Conveniunt
1276 3293 1343 3350 ergo
1364 3279 1540 3350 discipulum.
1554 3281 1604 3339 llel
1625 3285 1706 3340 mali·

47 3391 85 3431 ex
103 3376 254 3431 lunatico.
271 3373 378 3448 [Bran]
397 3371 476 3429 Unde
485 3372 562 3428 stulti
575 3380 651 3438 sunt,
664 3370 788 3428 dicentes
799 3385 866 3442 apo-
916 3369 986 3428 tiose
999 3371 1052 3427 hoc
1066 3371 1199 3436 lecerunt,
1214 3371 1339 3427 tolentes
1352 3371 1424 3429 scire
1435 3387 1471 3428 au
1481 3371 1585 3430 Caesari
1595 3383 1706 3434 eontra·

48 3462 866 3538 stolosuecparramddernhabuisse‚qniamontesnullus
915 3463 1028 3520 diceret.

48 3555 863 3628 eorumtranstulit.Granumsinapistritumetcribratuta,
952 3557 1707 3628 Eteumintrurretdomem,preoeeitesrnterrtr‚dieeas.·

46 3651 166 3723 tepidae
188 3649 287 3721 pingui
300 3648 396 3705 mulsae
416 3647 585 3712 admistum,
601 3645 626 3702 si
642 3645 755 3716 jejunus
768 3653 865 3700 contra
917 3649 1161 3721 Quidtihiridetur,
1172 3649 1707 3726 Siatorlregesterroeaqaihneoeeipiam

48 3742 151 3798 solem
181 3740 229 3796 rel
248 3740 277 3794 in
303 3739 401 3796 balneo
425 3739 598 3810 gargarizes,
619 3753 728 3793 omnem
753 3737 865 3794 noxium
916 3745 1045 3801 eruerem
1062 3743 1102 3799 eet
1115 3745 1245 3799 emaum?
1274 3759 1293 3796 e
1309 3742 1373 3812 filiis
1401 3744 1469 3808 soie,
1488 3760 1525 3799 aa
1540 3745 1574 3799 ah
1598 3746 1715 3821 uiienirg

46 3835 217 3890 humorem
227 3832 261 3888 de
271 3833 359 3904 capite
370 3829 865 3904 purgar,etinrninenuumimbecilli-
915 3845 940 3891 ιι
956 3837 1004 3891 itte
1017 3835 1104 3890 dtur:
1117 3833 1158 3888 nt
1170 3834 1274 3889 ottenis.
1288 3833 1362 3890 biset
1372 3833 1415 3889 itit
1427 3833 1527 3892 toas.-
1542 3835 1614 3910 lirae
1625 3838 1707 3896 titsrr

46 3933 154 3982 tatum
180 3922 250 3980 lacit
271 3923 392 3994 pericula
410 3923 503 3980 vitari.
533 3915 580 3979 Sic
598 3921 665 3986 ddes
683 3921 865 3979 tentationum
886 3963 889 3970 -
915 3939 976 3984 rant
987 3929 1048 4000 filii.

47 4017 172 4090 pistillo
194 4016 329 4088 probata,
353 4023 381 4072 et
396 4015 431 4071 ab
448 4015 522 4071 omni
547 4015 647 4071 levium
669 4013 866 4085 cogitationum
951 4019 1222 4076 Dominusnosteret
1235 4017 1387 4074 secundum
1395 4025 1707 4080 camemetsscundum

46 4107 220 4182 superficie
238 4107 330 4162 cribro
347 4106 521 4165 discretionis
538 4106 680 4178 castigata,
695 4113 722 4162 et
740 4103 866 4176 perlectae
916 4113 1111 4185 epti-trumonis
1123 4110 1285 4182 dbosregis.
1295 4111 1705 4184 Ergonondebebattributnm,

45 4199 232 4259 dilectionis
246 4199 325 4254 melle
343 4197 503 4264 dulcorata,
519 4213 615 4255 omnes
638 4198 673 4254 de
692 4197 774 4253 eorde
793 4195 866 4269 quod
917 4205 966 4263 sed
974 4203 1130 4261 bumilitate
1139 4202 1231 4260 solvit,
1238 4201 1373 4260 praevenit
1381 4210 1472 4260 sarem
1480 4203 1602 4272 Petrum,
1609 4208 1706 4264 „olem

44 4293 734 4364 estinteriorisnostrihorniniscaput,vitiorum
744 4292 866 4350 sentinas
916 4297 1294 4372 exspectarepostulationem
1302 4295 1409 4363 tributi,
1419 4312 1455 4353 ne
1465 4298 1707 4370 spontaneam.

45 4403 109 4444 non
128 4386 237 4444 solum
252 4385 285 4440 ad
301 4400 423 4456 praesens
437 4385 574 4452 exhaurit,
589 4385 636 4442 sed
649 4393 676 4442 et
691 4387 719 4441 in
731 4385 864 4450 loturum,
916 4393 1067 4449 tizarenrur

46 4493 86 4533 ne
109 4475 254 4548 recolligi
273 4476 391 4542 valeant,
415 4482 560 4546 praecavet.
583 4473 629 4530 Sic
650 4489 715 4546 ergo
734 4475 812 4546 lege:
835 4472 865 4530 Si
954 4483 988 4539 Ur
1006 4494 1093 4539 aurem
1106 4499 1157 4538 non
1166 4480 1376 4538 uenalium
1390 4498 1445 4548 eor,
1460 4480 1526 4538 rode
1538 4483 1573 4538 ad
1586 4499 1669 4550 ruore,
1679 4495 1706 4542 et

45 4564 444 4636 hohwuisfidemehleaecm
453 4567 521 4621 sieut
530 4583 643 4637 pronum
650 4567 761 4636 dnapir,
771 4565 864 4620 dicetis
880 4593 902 4649 D
916 4579 989 4633 mem
1004 4575 1132 4631 samem:
1145 4583 1170 4630 et
1188 4591 1248 4630 mm
1260 4574 1359 4645 piscem
1371 4576 1417 4646 qui
1429 4575 1532 4647 primas
1546 4576 1703 4645 munierit,

46 4661 165 4726 monti,
181 4659 237 4714 ¹¹⁰0
250 4667 304 4724 0⁵12
321 4658 413 4714 dicere
426 4659 552 4730 Ρῡῑθῐὶῑίῦ
566 4659 684 4730 suberlw
699 4657 818 4724 di³b⁰l⁰s
834 4665 864 4715 ¹¹1
916 4668 978 4724 tolle
989 4685 999 4724 .·
1012 4677 1037 4724 et
1050 4675 1141 4739 aperto
1154 4683 1198 4722 ore
1215 4666 1273 4737 ejas
1285 4667 1399 4724 inueniet
1409 4675 1533 4724 staterem
1544 4683 1554 4722 :
1567 4669 1645 4725 diurn
1658 4688 1706 4727 ert·

44 4758 194 4810 transeat
208 4751 245 4807 de
259 4751 370 4808 homine
383 4752 508 4816 obsesso,
521 4760 547 4806 et
556 4751 622 4805 sibit
632 4750 865 4807 incommoditatis
916 4778 999 4827 mem,
1015 4760 1051 4815 aa
1061 4762 1109 4826 eis,
1121 4775 1169 4829 pm
1182 4776 1223 4815 m
1232 4768 1258 4814 er
1267 4768 1301 4816 re,

45 4843 292 4916 impossihileerit
302 4843 374 4899 robis
384 4845 418 4901 ad
426 4843 587 4900 curandum.
600 4842 742 4919 [hunnos]
751 4844 781 4900 ln
791 4844 865 4902 toea
951 4852 1022 4921 Quid
1035 4852 1153 4924 primum
1167 4850 1251 4906 mirer
1264 4850 1309 4906 hie
1326 4851 1430 4918 neseio,
1454 4867 1489 4908 an
1503 4854 1705 4924 prescientiam

46 4939 198 5002 habetur,
215 4935 308 4992 dicetis
319 4936 379 4991 huie
399 4937 489 4992 arbori
498 4953 581 5001 moro,
593 4937 730 4993 eradicare
741 4946 765 4993 et
781 4948 865 4994 trano
916 4920 1025 5001 sacieris
1040 4943 1069 4999 in
1087 4956 1134 4997 ore
1144 4941 1238 5011 piscis,
1258 4957 1295 4996 au
1314 4942 1530 5014 magnitudinem
1543 4943 1664 5007 uirtutis,
1679 4944 1704 5000 si

90 1523 177 1580 Tunc
187 1519 486 1590 accesseruntdiseipali
494 1516 528 1572 od
538 1516 631 1573 leram
639 1524 747 1580 secreto,
756 1523 780 1569 et
790 1513 862 1570 etce-

48 1626 148 1670 rant:
173 1616 266 1684 Quare
277 1631 324 1670 aes
335 1631 387 1670 non
400 1613 534 1686 potuimus
553 1611 646 1682 ejicere
669 1609 766 1666 illum?
789 1609 861 1663 bietr

49 1709 112 1763 iilis
127 1724 140 1763 :
158 1707 274 1779 Propter
285 1705 496 1764 incredulitatem
506 1713 629 1760 uestram.

88 1799 228 1875 [llum]
237 1799 355 1854 homino
369 1797 398 1854 in
408 1803 502 1853 monte
512 1795 671 1851 demorante
680 1799 708 1849 et
718 1791 785 1864 ipsis
797 1805 860 1848 cum

49 1893 144 1949 turba
156 1889 355 1956 residentibus,
367 1901 463 1945 eorum
473 1887 541 1943 tides
555 1889 688 1959 tepuerat.

88 1984 186 2039 Amen
200 1985 297 2056 quippe
313 1980 371 2037 dieo
393 1979 482 2046 notu,
497 1979 522 2034 si
540 1976 683 2032 habueritis
698 1973 776 2045 fidem
796 1973 863 2029 sicut

46 5031 194 5100 plantare
214 5030 243 5082 in
258 5045 347 5094 more,
364 5038 391 5083 et
403 5028 504 5085 obediet
519 5028 601 5084 nohis.
617 5027 735 5086 Fructus
754 5031 822 5086 mori
836 5031 865 5086 in
915 5033 950 5088 ad
961 5034 1075 5089 uerbum
1089 5029 1150 5100 ejus
1161 5045 1225 5086 mox
1239 5036 1325 5088 stater
1332 5031 1362 5087 iu
1373 5047 1421 5088 ore
1434 5034 1519 5103 piscis
1531 5042 1641 5090 creatus
1649 5039 1713 5091 est-³

46 5121 229 5184 llorealbet,
239 5119 374 5176 formatus
382 5121 486 5188 rutilat,
502 5121 660 5178 maturitate
668 5121 807 5192 nigrescit.
819 5121 865 5178 Sic
915 5124 968 5182 lste
981 5126 1066 5196 piscis
1079 5123 1126 5196 oui
1141 5124 1170 5178 iu
1187 5124 1273 5179 maris
1283 5125 1437 5196 gurgitibus
1449 5132 1520 5191 erat,
1534 5125 1647 5196 mystice
1660 5092 1714 5182 ins

46 5214 201 5270 diabolus
208 5211 277 5270 llore
290 5215 420 5286 angelice
432 5221 539 5270 natura
554 5225 581 5271 et
587 5222 721 5286 potestate
727 5215 864 5282 rutilanti,
915 5219 1046 5289 telligitur
1064 5218 1169 5287 primus
1188 5215 1275 5272 ddaxn
1289 5217 1421 5273 liberatus
1435 5231 1451 5271 a
1470 5217 1592 5272 meando
1605 5215 1702 5276 Adam.

48 5305 281 5378 praevaricando
300 5314 372 5362 tetro
385 5308 523 5363 inhorruit
537 5307 621 5366 odore
653 5308 700 5379 qui
719 5324 767 5378 per
785 5307 865 5364 fidem
915 5306 1039 5364 Piscator
1057 5306 1199 5362 bominum
1219 5306 1327 5372 Petrus,
1348 5308 1480 5364 doctrinae
1499 5308 1611 5363 hamum
1627 5309 1705 5365 misit

47 5398 239 5456 excluditur.
254 5397 362 5472 [linos]
377 5397 426 5456 Vel
441 5415 490 5471 per
501 5413 619 5464 morum,
631 5400 710 5471 eujus
720 5399 826 5456 lructns
839 5409 866 5456 ct
916 5401 945 5455 in
968 5399 1078 5465 saeculo,
1094 5407 1124 5453 ut
1147 5400 1265 5470 appositi
1289 5401 1342 5456 cibi
1365 5399 1509 5457 dulcedine
1526 5409 1656 5472 vagantes
1669 5417 1705 5458 en

47 5493 192 5564 virgulta
202 5491 313 5556 rubent,
329 5489 443 5548 undeet
457 5509 472 5548 a
485 5490 592 5548 latinis
605 5493 690 5549 rubus
704 5493 864 5564 appellatur,
916 5507 948 5548 eo
962 5491 1178 5563 fluctuantesque
1194 5492 1374 5562 protraheret.
1396 5490 1488 5549 Stater
1500 5504 1542 5550 est
1556 5493 1702 5552 confessio.
1721 5540 1725 5546 .

46 5585 353 5658 evangellumcrueis
366 5585 539 5655 exprimitur.
555 5583 621 5653 Qum
635 5601 684 5657 per
698 5583 778 5641 iidem
798 5601 866 5657 apo-
918 5587 1008 5644 Stater
1029 5587 1139 5652 dicitur,
1163 5587 1210 5659 qui
1231 5585 1286 5642 duo
1308 5585 1496 5643 didrachmata
1519 5587 1617 5652 babet,
1649 5603 1706 5658 quo

48 5683 208 5738 stolorum
227 5677 262 5734 de
282 5689 361 5751 gente
381 5677 538 5734 ludaeorum
558 5679 648 5736 verbis
665 5678 867 5751 praedicationis
917 5695 981 5737 caro
1005 5680 1076 5736 serni
1095 5686 1124 5734 et
1143 5679 1247 5734 domini
1269 5678 1430 5736 liberantur.
1444 5679 1612 5736 Beuedatur
1632 5679 1706 5736 idem

46 5774 214 5830 eradicata
232 5781 286 5836 est,
302 5772 330 5827 in
344 5787 420 5828 mare
430 5773 551 5843 gentium
565 5773 773 5844 transplantata.
791 5769 867 5828 Folia
917 5773 1044 5844 pretium,
1059 5772 1107 5828 sed
1121 5772 1257 5838 dit·isum;
1279 5781 1307 5828 et
1319 5773 1383 5844 qrria
1397 5769 1529 5828 Dominus
1542 5787 1592 5843 per
1604 5771 1707 5832 uerita·

48 5867 152 5922 etiam
173 5864 249 5920 mori
277 5863 398 5935 serpenti
418 5865 573 5936 superjecta
598 5863 747 5937 trahicere),
772 5879 867 5922 necem
918 5864 952 5920 tis
968 5863 1169 5921 contessionem
1182 5863 1309 5920 transivit
1328 5863 1520 5922 aroluntariis
1532 5863 1706 5932 passionibus

195 5959 336 6026 Panot-
361 5957 559 6022 clxxxvi
1530 5959 1569 6021 10
