3967 6334
169 370 238 432 itti
941 378 1029 437 titi.
1059 406 1062 420 ·
1738 384 1809 443 titt

167 484 299 544 ‹lestitnit
316 487 385 544 liam
397 488 515 560 qualiter
528 488 589 559 ejus
604 495 701 543 sotum
717 488 835 545 facultas
850 482 1002 559 juverim
1017 492 1082 546 (turn
1096 492 1138 548 sir
1152 508 1257 549 summe
1272 490 1462 563 philosophus]
1475 499 1659 560 exstruxerat,
1686 495 1713 550 in
1734 496 1807 555 hano

166 588 313 650 prosecuta
327 582 364 637 sit
383 580 510 646 felicitas,
526 596 607 637 nosse
630 582 809 653 cupientibus
834 586 965 655 preclara
1019 582 1105 639 lertur
1117 584 1200 641 altius
1214 582 1396 656 ingemiscens
1409 581 1533 653 erupisse
1547 582 1724 639 sententiam:
1741 583 1806 641 Om-

167 674 288 728 clarnaut
304 690 399 746 opera.
413 673 529 730 Ornarit
541 676 817 746 quoque·ecclesiam
833 678 909 733 omni
922 694 967 733 eo
1018 674 1183 746 nes,inquit,
1198 692 1246 731 uos
1256 676 1332 731 tomo
1345 676 1395 730 iste
1419 674 1586 738 sondeumut,
1610 675 1655 746 qui
1678 692 1729 731 uon
1752 678 1807 746 ipse

166 765 213 837 pia
224 766 353 835 pretiosa
368 767 557 838 supellectilis,
573 769 649 823 rasis
661 784 683 824 si
690 767 771 823 ilicet
781 769 872 825 aurcis
885 776 912 825 ct
921 786 966 825 ar·
1018 766 1070 823 sili
1085 777 1182 835 atuor,
1198 770 1244 825 sed
1255 768 1309 824 lieo
1320 778 1424 823 tautum
1435 768 1561 838 oedificut.
1574 766 1604 822 ln
1631 769 1706 823 ourui
1724 770 1806 841 siqui-

165 858 285 931 genteis,
302 859 402 929 phialis
420 858 566 932 onychinis
580 868 608 917 et
638 860 813 925 sardonicis,
828 863 963 933 prasinis,
1017 861 1083 916 deni
1109 861 1356 918 administrationis
1379 878 1436 919 suae
1453 870 1575 931 tempore
1598 860 1665 916 nihil
1688 862 1807 933 propriis

167 949 339 1017 cristallinis,
353 952 395 1008 rel
409 952 484 1008 omni
495 951 585 1023 lapide
598 953 735 1023 pretioso,
749 952 842 1023 palliis
856 970 966 1025 quoquc
1017 952 1159 1010 aedificarit
1173 956 1286 1020 usibus,
1303 972 1402 1026 praeter
1428 954 1559 1010 humilem
1583 954 1657 1009 illum
1684 956 1807 1013 ecelesiae

166 1042 324 1113 purpureis,
340 1043 490 1100 cicladibus
505 1058 573 1099 arare
585 1044 676 1113 tertis,
695 1051 723 1101 et
733 1044 900 1102 indumentis
910 1047 966 1102 olo
1018 1045 1199 1103 adhaerentem
1214 1048 1349 1112 celiniam,
1361 1047 1509 1102 decemvir
1519 1046 1602 1116 pedes
1613 1046 1641 1101 in
1651 1046 1805 1113 latitudine,

166 1134 284 1192 sericis:
298 1136 400 1207 quibus
411 1136 516 1193 addidit
526 1152 611 1209 opera
624 1152 679 1194 non
698 1138 900 1195 contemnenda
923 1140 965 1195 ri·
1016 1146 1043 1194 et
1056 1138 1212 1210 quindecim
1226 1140 1253 1197 in
1268 1140 1438 1213 longitudine
1451 1140 1646 1203 coutinentem,
1661 1155 1742 1210 quam
1758 1139 1807 1200 de-

166 1227 204 1282 tri
215 1227 259 1283 rel
271 1230 429 1295 marmoris,
444 1236 472 1285 et
487 1244 555 1285 rasa
566 1237 663 1286 sancta
677 1231 881 1301 multiplicarit.
1017 1229 1089 1293 cimo
1108 1238 1254 1301 antennam
1266 1231 1409 1287 decederet
1423 1247 1496 1286 anno
1508 1230 1570 1286 ideo
1585 1229 1637 1287 sibi
1661 1231 1719 1301 ipse
1746 1237 1805 1285 sta·

146 1393 153 1404 ι
203 1318 238 1377 x.
259 1318 377 1376 Exstant
389 1336 549 1392 magnorum
562 1322 686 1377 uirorum
709 1338 792 1393 qnam
815 1324 907 1395 plures
929 1322 964 1379 ad
1011 1330 1116 1387 tuerat,
1133 1330 1163 1378 ut
1178 1324 1261 1381 vitam
1278 1324 1315 1379 ibi
1331 1324 1511 1395 recolligeret,
1527 1339 1610 1395 quam
1637 1324 1665 1379 in
1692 1324 1806 1379 saecula-

165 1412 244 1469 illum
255 1414 389 1485 epistolae,
404 1414 477 1471 inter
490 1429 560 1486 quos
579 1414 617 1470 illi
628 1414 756 1472 crebrius
781 1416 963 1488 scripserunt,
1016 1417 1091 1472 ribus
1107 1416 1153 1472 diu
1169 1433 1198 1473 se
1214 1416 1350 1472 fatebatur
1364 1416 1499 1487 sparsisse
1515 1415 1641 1488 negotiis.
1653 1414 1742 1470 lubae
1753 1416 1806 1471 ita-

166 1502 267 1562 l‘ctrus
282 1506 368 1562 abbas
380 1505 581 1572 cluniacensis,
596 1513 624 1562 et
646 1504 807 1563 Bemardus
829 1506 965 1564 Clareral-
1015 1524 1068 1579 quc
1082 1508 1158 1564 iroris
1172 1508 1225 1564 sibi
1243 1506 1323 1563 licitis
1336 1507 1445 1563 lectioni
1461 1507 1585 1572 vacabat,
1611 1512 1638 1561 ct
1663 1505 1804 1579 lucrymis,

166 1596 270 1663 leusis,
287 1597 368 1653 ambo
382 1598 439 1653 rita
453 1606 480 1655 et
494 1598 626 1665 scientia,
643 1606 729 1671 atque
742 1599 815 1670 quod
832 1608 895 1671 post
910 1601 963 1657 ista
1015 1600 1057 1655 rel
1072 1599 1306 1671 contemplationi.
1323 1596 1351 1653 lu
1365 1599 1416 1655 irae
1440 1598 1611 1655 saecularium
1635 1598 1738 1653 vitabat
1761 1603 1806 1653 tu-

167 1695 222 1754 est,
235 1687 391 1759 eloquentia
405 1687 564 1753 clarissimi,
579 1704 701 1762 quorum
715 1690 872 1746 testimonio
896 1696 964 1749 satis
984 1700 997 1730 ι’
1015 1692 1130 1757 multus,
1144 1701 1172 1747 et
1185 1690 1341 1747 declinabat
1352 1690 1544 1763 frequentiam.
1561 1688 1611 1755 lbi,
1627 1690 1698 1745 sicut
1714 1688 1747 1746 de
1761 1704 1806 1746 sa·

165 1786 279 1853 apparet
292 1794 375 1851 quam
389 1781 483 1837 clariis
505 1780 566 1847 bic,
582 1780 720 1853 relcujms
734 1782 871 1853 opinionis
892 1783 964 1854 apud
1015 1786 1106 1857 pionte
1119 1784 1224 1840 dictum
1239 1792 1291 1849 est,
1308 1798 1446 1856 nunquam
1459 1784 1551 1839 minus
1564 1790 1633 1847 erat,
1646 1797 1727 1853 quam
1742 1796 1806 1837 eum

164 1887 263 1929 omnes
277 1872 321 1928 uel
337 1873 506 1944 propinquos
520 1873 563 1929 rel
575 1881 701 1929 remotus
715 1874 861 1930 exstiterit.
892 1872 965 1930 Scri·
979 1888 1000 1942 Β
1015 1877 1091 1933 solus
1104 1882 1175 1941 erat,
1189 1876 1319 1948 quoniam
1336 1875 1369 1930 ad
1390 1875 1508 1947 optimos
1524 1887 1656 1945 quosque,
1682 1886 1806 1943 quocun·

164 1962 223 2034 psit
235 1978 345 2035 quoque
368 1964 441 2021 idem
464 1962 520 2021 beo
548 1965 677 2022 amabilis
702 1964 785 2021 Pater
806 1966 963 2025 &enardus
1016 1983 1070 2039 que
1085 1966 1186 2022 luerint
1199 1966 1310 2033 saeculo,
1327 1966 1448 2021 animum
1472 1962 1639 2019 intendebat.
1667 1960 1735 2017 Cum
1761 1960 1805 2025 lais

164 2070 275 2112 summo
288 2056 412 2128 pontilici
425 2056 547 2129 Eugenio
560 2057 675 2114 breuem
685 2057 794 2129 quidem
808 2060 961 2131 epistolam,
1016 2058 1054 2113 illi
1066 2058 1244 2130 colloquium,
1260 2073 1323 2114 curn
1337 2056 1381 2111 lris
1395 2054 1517 2111 studium
1531 2060 1600 2109 erat.
1618 2052 1668 2108 liic
1682 2052 1721 2107 illi
1731 2052 1808 2124 quie·

165 2148 279 2217 sediron
287 2148 386 2205 breues
399 2148 452 2203 riri
464 2148 545 2205 istius
552 2148 899 2215 laudestcontinentem.in
908 2166 962 2222 qua
1016 2150 1104 2207 scenti
1117 2166 1168 2221 pro
1183 2151 1276 2222 pluma
1289 2155 1347 2206 erat
1360 2148 1449 2221 palea,
1465 2160 1515 2219 pro
1535 2146 1651 2202 mollitie
1676 2146 1724 2201 lini
1739 2146 1806 2203 sub·

164 2238 243 2295 illum
266 2240 368 2297 asserit
381 2240 454 2310 apud
466 2239 605 2297 timorem
629 2241 711 2313 quasi
723 2258 810 2298 unum
824 2243 859 2299 de
885 2243 962 2299 curia
1012 2242 1185 2297 sternebatur
1198 2242 1276 2296 lanea
1291 2234 1677 2311 parumlerislenalsic),qaae
1686 2236 1807 2293 interdiu

164 2330 255 2388 luisse
269 2328 404 2399 lloruaua,
420 2334 493 2403 apud
507 2332 595 2391 ὓοιιιιι
619 2335 700 2407 quasi
728 2351 813 2391 unum
838 2337 963 2393 decuria
1012 2332 1137 2390 honestis
1151 2332 1312 2405 tegebantur
1325 2330 1472 2402 tapetibus.
1485 2328 1552 2384 lllud
1564 2329 1693 2385 lectorem
1707 2326 1804 2383 admo-

164 2424 273 2480 coelesti
288 2444 296 2481 ε
312 2440 368 2480 nou
382 2425 461 2481 aliter
473 2442 558 2498 quam
578 2425 664 2482 Dauid
688 2427 904 2493 sanctissimum,
934 2428 963 2483 in
1015 2442 1078 2491 neo,
1092 2440 1136 2482 me
1150 2425 1235 2480 multa
1250 2424 1389 2496 preterire
1402 2422 1435 2478 de
1448 2422 1580 2477 virtutum
1596 2434 1723 2486 numero,
1736 2417 1805 2474 dum

165 2516 249 2571 domo
263 2514 311 2573 bei
325 2516 520 2589 ingredientem
537 2534 589 2590 per
607 2520 710 2585 omnia,
726 2526 754 2575 et
767 2519 961 2591 egredientem.
1016 2518 1113 2576 studeo
1125 2517 1262 2582 brevitati,
1280 2524 1307 2573 et
1324 2516 1357 2571 ad
1386 2514 1424 2581 id,
1441 2514 1515 2587 quod
1541 2530 1584 2570 mc
1610 2514 1693 2587 paulo
1721 2526 1804 2583 supe·

164 2609 260 2667 Abbas
272 2610 454 2669 nibilominus
474 2610 681 2678 cluniacensis,
705 2612 889 2669 consideratis
912 2612 963 2667 ali·
1015 2610 1074 2665 rius
1086 2608 1247 2681 promisisse
1260 2607 1383 2675 memini,
1395 2606 1516 2663 breuiter
1537 2612 1701 2661 narraturus
1723 2618 1805 2660 acoe-

165 2701 280 2772 quando
294 2703 354 2774 ejus
368 2704 499 2777 operibus
510 2712 542 2761 et
556 2705 712 2770 structuris,
727 2720 791 2760 cum
817 2702 852 2759 ud
877 2704 962 2760 oellu·
1013 2702 1081 2759 lero.

165 2793 223 2848 iam
235 2796 404 2868 respexisset
414 2796 622 2865 brevissimam,
637 2812 720 2869 quam
734 2797 788 2853 sibi
798 2796 833 2852 ad
847 2812 961 2853 manen-

593 3070 598 3077 ,
705 2968 888 3049 uranu
926 2965 1220 3049 suerrus,

199 3144 225 3203 1.
238 3142 279 3201 lio
292 3145 377 3219 igitur
389 3153 527 3217 ternpore,
539 3160 595 3217 quo
607 3145 865 3203 christianissimus
878 3144 997 3211 Fran-c
1012 3145 1135 3202 absentis
1145 3145 1213 3210 rati,
1226 3152 1255 3201 ut
1273 3143 1327 3201 sibi
1338 3142 1488 3206 ridebatur,
1509 3138 1636 3197 seniendi
1650 3134 1800 3193 licentiam.

165 3255 264 3296 corum
279 3254 327 3295 rex
340 3238 498 3295 ludovicus
514 3253 624 3296 crucem
637 3247 700 3311 post
714 3237 859 3295 Dominum
881 3239 961 3309 baiu-
1010 3238 1146 3310 Equibus
1165 3236 1211 3292 alii
1231 3236 1341 3308 quidem
1362 3233 1540 3290 molestamur
1554 3237 1582 3287 ot
1594 3242 1746 3299 pauperum
1754 3226 1804 3281 'lu-

167 3334 230 3387 tans
242 3328 461 3403 Hierosolymam
472 3328 613 3402 proiectus
627 3337 681 3396 est,
697 3329 796 3385 initum
810 3337 877 3407 esta
889 3345 961 3402 pon·
997 3330 1128 3386 caumes
1145 3338 1238 3401 aperta
1252 3327 1415 3400 diripiebant
1429 3326 1574 3388 uiolentia,
1584 3320 1635 3376 alii
1652 3334 1717 3377 sero
1732 3318 1806 3375 loeis

168 3422 376 3494 titlcibusregni
391 3422 437 3479 rel
461 3422 625 3494 proceribus
651 3422 780 3496 generale
802 3422 960 3489 concilium,
1012 3423 1208 3481 occultioribus
1222 3420 1367 3478 latrocinia
1388 3420 1561 3477 exercebant.
1573 3414 1604 3471 ln
1627 3428 1745 3487 querum
1758 3412 1801 3469 ui·

167 3517 214 3573 cui
228 3516 404 3587 potissimum
414 3532 448 3573 ex
458 3515 638 3587 optimatibus
651 3516 694 3571 rel
721 3515 848 3587 personis
874 3516 963 3571 ecclc-
1012 3518 1115 3573 tionem
1129 3516 1185 3572 dux
1197 3530 1285 3572 novus
1301 3514 1409 3587 gemino
1424 3514 1517 3581 statim
1529 3511 1670 3566 accinctus
1685 3516 1729 3564 est
1741 3506 1801 3579 gla-

166 3611 412 3678 emisissemus
428 3624 564 3666 summam
579 3618 606 3665 et
629 3609 706 3681 regni
723 3616 863 3680 oporteret
887 3622 963 3663 com-
1013 3608 1070 3674 dio,
1086 3610 1173 3665 altero
1182 3607 1316 3664 materiali
1331 3604 1417 3677 regio,
1433 3605 1520 3660 altero
1530 3600 1667 3674 spirituali
1677 3598 1807 3656 eteocle·

167 3703 240 3758 mitti
254 3702 451 3777 gubernacula.
479 3698 650 3781 ijactumque
667 3709 711 3757 est
739 3700 893 3757 divinitatis
917 3700 963 3755 in-
1013 3702 1136 3766 siastico,
1153 3708 1268 3772 utroque
1281 3706 1398 3755 autema
1414 3694 1583 3754 summosibi
1594 3692 1721 3767 pontilice
1731 3690 1806 3747 diei·

166 3795 283 3861 stinctu,
298 3801 330 3849 ut
343 3796 469 3851 omnium
492 3794 632 3851 unanimis
658 3794 687 3849 in
702 3794 776 3849 bunc
800 3794 889 3850 virum
905 3794 965 3867 glo-
1014 3796 1089 3851 nitus
1099 3793 1258 3850 commisso.
1274 3791 1304 3847 ln
1317 3790 1392 3848 brevi
1405 3789 1806 3861 tuaquetstorsmsusustomc·

166 3888 273 3945 riosum
289 3888 451 3944 conveniret
465 3886 610 3943 sententia.
638 3886 809 3959 invitumque
829 3886 905 3942 illum
931 3900 965 3940 ac
1015 3883 1486 3957 rarioscomprcssit,atqueillorurn
1497 3879 1804 3937 machinationesmann

166 3981 237 4037 satis
250 3980 416 4037 renitentem
430 3980 469 4036 rei
482 3979 964 4051 publicaeadministrationemetcu·
1015 3978 1105 4034 valida
1119 3976 1222 4049 redegit
1231 3978 1261 4032 in
1274 3975 1401 4031 nibilum.
1422 3972 1522 4044 Sicque
1541 3970 1616 4029 illum
1643 3984 1693 4041 per
1710 3967 1804 4025 omnia

166 4089 227 4129 ram
239 4090 383 4145 suscipere
398 4074 602 4145 compulerunt.
614 4072 703 4140 Quam
726 4069 770 4129 ille
793 4067 964 4145 dignitatern,
1018 4069 1095 4125 lavor
1106 4069 1252 4125 comitatus
1262 4066 1431 4129 estdrvmus
1440 4058 1805 4121 utetincrucntesdeboste

164 4164 232 4235 quia
245 4179 316 4219 onus
340 4178 406 4220 esse
434 4163 632 4235 potiusquam
656 4164 787 4219 ironorem
815 4162 965 4249 judicabat
1018 4170 1169 4236 reportaret
1182 4161 1322 4229 victorias,
1333 4168 1361 4215 et
1374 4158 1492 4229 deregni
1507 4151 1741 4227 integritatenilril
1756 4166 1805 4222 pe-

164 4266 301 4330 quautum
316 4258 357 4314 lus
374 4256 435 4323 luit',
449 4258 608 4322 recusarit,
632 4272 684 4314 uec
700 4256 734 4313 ad
762 4256 967 4327 suscipiendum
1017 4257 1248 4329 nitusdeperiret
1264 4253 1322 4309 iioc
1335 4252 1417 4309 modo
1430 4250 1591 4305 virvirtstis
1614 4246 1735 4303 exterius
1750 4245 1804 4309 lca,

165 4350 281 4405 omrrino
296 4366 383 4406 cons<
379 4350 452 4413 nsit,
467 4349 554 4405 donec
566 4350 600 4405 ab
614 4348 826 4420 Eugeuiopapa,
842 4347 887 4419 qui
904 4362 967 4419 pm-
1017 4352 1183 4408 intrinsecus
1197 4364 1294 4420 agnus,
1303 4345 1416 4402 Christo
1438 4344 1509 4399 duce
1530 4341 1624 4429 prelia
1642 4338 1719 4410 rmni
1735 4352 1807 4409 pru·

167 4442 282 4499 lectioni
297 4442 379 4513 regiae
397 4458 517 4513 prmsens
529 4440 626 4507 adluit,
642 4442 688 4497 cui
702 4441 831 4497 resistcre
850 4456 902 4497 uec
927 4439 968 4498 las
1017 4446 1136 4503 liubatur
1149 4442 1270 4515 paciliee
1280 4438 1392 4495 Videres
1408 4436 1441 4493 de
1452 4435 1567 4492 remotis
1578 4432 1654 4504 regni
1668 4430 1804 4502 partibus,

168 4534 233 4599 luit,
248 4548 300 4589 nec
315 4532 462 4605 possibile,
474 4532 583 4588 tandem
597 4538 711 4587 coactus
726 4537 778 4587 est.
794 4528 894 4588 Verum
920 4516 1188 4602 ιιι-Βιριῃοιῑροι,
1204 4532 1350 4605 Bituriges,
1375 4530 1503 4587 Pictaros
1525 4536 1552 4585 et
1575 4526 1747 4589 Guascoues,
1775 4524 1805 4579 itt

166 4639 215 4679 mo
227 4627 343 4681 estimet
362 4625 453 4697 ipsius
467 4625 608 4681 voluntate
621 4624 664 4679 rel
676 4624 896 4695 consilioregem
913 4623 965 4678 iter
1017 4627 1267 4704 opportunitatibus
1289 4625 1322 4681 ud
1347 4624 1419 4680 illius
1440 4638 1470 4679 se
1491 4621 1616 4678 conterre
1630 4616 1803 4691 praesidium

167 4718 399 4790 peregrinationis
415 4734 586 4791 aggressum,
597 4718 625 4773 iu
635 4733 690 4790 quo
700 4718 764 4775 licet
778 4717 816 4772 illi
825 4718 905 4788 longe
918 4716 967 4771 ali·
1018 4726 1118 4799 quibus
1145 4736 1218 4778 nunc
1245 4734 1306 4791 opo,
1334 4731 1407 4773 rrunc
1427 4716 1544 4772 consilio
1557 4715 1594 4772 ita
1618 4710 1808 4769 satisfaciebat

165 4817 211 4867 ter
222 4826 304 4881 quam
320 4812 450 4881 sperabat
464 4810 639 4875 successerit,
650 4811 695 4883 pio
710 4816 801 4865 tamen
814 4808 962 4874 desiderio,
1017 4822 1045 4874 ῑῃ
1058 4816 1196 4877 omnibus,
1221 4819 1252 4868 ut
1268 4828 1282 4867 a
1297 4808 1402 4882 quouis·
1415 4822 1477 4881 rege
1499 4808 1568 4863 nihil
1590 4812 1732 4877 sperarent
1747 4816 1807 4857 tm

169 4899 261 4957 acllci
275 4901 334 4957 zelo
349 4900 417 4957 illud
433 4901 559 4972 arripuit
570 4900 654 4955 Porro
665 4900 887 4971 prouidusbicct
897 4912 964 4970 prae·
1015 4912 1097 4984 plius

168 4993 245 5049 scius
265 4990 434 5055 futurorum,
450 5008 501 5047 nce
523 4992 589 5047 illud
613 4991 730 5062 principi
749 4991 894 5062 suggessit,
912 5004 965 5046 uec
1053 4998 1097 5055 lli
1113 4996 1216 5070 Agebat
1229 5001 1359 5066 preterca
1376 4992 1479 5049 bonum
1491 4988 1731 5064 patremfamilias
1747 5002 1807 5041 arn-
1814 5020 1819 5027 -

167 5080 292 5136 auditum
308 5080 482 5153 approbarit.
494 5080 667 5151 Quiupotius
677 5096 738 5137 oum
754 5080 965 5151 mterrpsasta-
1018 5091 1105 5165 phora
1120 5084 1320 5156 faciendoque
1330 5082 1464 5141 seruanda
1478 5074 1647 5154 susceperat.
1664 5074 1806 5148 Siquidem

166 5173 308 5229 tammum
324 5174 439 5229 obviare
454 5172 556 5229 trustra
569 5180 693 5239 conatus,
715 5172 820 5244 regium
836 5171 966 5229 cohibere
1017 5193 1044 5241 er
1063 5182 1135 5238 aedes
1163 5164 1329 5235 restaurarit
1364 5177 1464 5248 regias,
1493 5184 1520 5231 et
1542 5173 1637 5228 ruinas
1663 5182 1806 5225 murorum

166 5282 224 5322 ¹¹⁰⁰
240 5272 333 5337 9⁰³⁸&
349 5264 966 5336 impetum,lemmfloedefldufflidlflfficittib
1017 5280 1145 5333 erexttet
1174 5272 1301 5328 turrium.
1326 5268 1396 5324 Nam
1410 5267 1484 5339 quod
1497 5265 1549 5322 luit
1562 5263 1704 5337 palatium,
1732 5260 1806 5333 quod

168 5374 203 5415 lle
218 5360 262 5415 tel
276 5359 359 5431 10ng
374 5357 516 5415 detentioni
544 5358 646 5415 lnl'etre
669 5359 807 5415 videretur
823 5358 963 5430 injuriam,
1018 5369 1108 5440 regale
1122 5359 1363 5433 aedjflciuffiquod
1373 5375 1429 5416 non
1443 5358 1533 5430 filiquq
1546 5372 1581 5414 εχ
1591 5362 1669 5427 pam
1678 5352 1807 5409 melion.

168 5451 212 5508 rel
229 5450 368 5506 lautorum
382 5448 516 5506 offensam
528 5450 663 5508 inutiliter
674 5452 838 5510 incurreret.
1017 5466 1076 5514 tum
1088 5459 1216 5529 princeps
1225 5466 1353 5511 resersus
1368 5450 1523 5506 inuenerit!
1539 5446 1574 5502 Et
1588 5462 1623 5503 nc
1637 5452 1750 5517 propter
1763 5460 1805 5498 re·

205 5540 237 5599 11.
258 5540 331 5614 Rege
346 5543 549 5615 igiturperegre
559 5544 615 5615 jam
625 5546 758 5617 prolecto,
768 5561 830 5601 curu
842 5546 967 5617 riregre
1018 5548 1060 5620 gis
1073 5544 1225 5603 absentiam
1239 5558 1322 5615 regno
1336 5539 1486 5613 quidquam
1508 5538 1616 5594 deesset
1630 5532 1829 5603 conmissae,

167 5634 233 5705 gius
247 5650 338 5690 rerum
360 5632 484 5691 dominio
499 5635 642 5705 potiretur,
657 5643 798 5708 cmpcnmt
818 5637 965 5692 latrunculi
1019 5640 1071 5696 boc
1087 5639 1187 5694 milites
1202 5634 1282 5693 solita
1296 5632 1534 5704 consequebantur
1545 5627 1691 5701 stipendia,
1704 5632 1735 5681 ot
1747 5640 1809 5679 cer·

169 5742 217 5797 bel
233 5740 347 5798 “dnum
363 5726 468 5797 bassim
482 5742 636 5798 erumpere.
647 5735 676 5784 et
689 5732 835 5800 conceptas
845 5728 893 5784 diu
907 5726 965 5783 lac»
1017 5732 1054 5788 tis
1080 5732 1177 5788 diebus
1192 5738 1292 5793 restes,
1306 5728 1349 5783 uel
1362 5726 1434 5781 dona
1458 5724 1541 5797 regia.
1555 5722 1622 5791 Qum
1635 5719 1727 5778 omnia
1741 5732 1812 5773 cou-

168 5820 261 5880 tioues
275 5816 399 5894 prolerre
424 5818 455 5879 it
476 5818 679 5891 publicum3cr
706 5822 837 5893 principis
859 5821 965 5883 scilicet
1017 5828 1072 5880 stat
1096 5820 1172 5879 illum
1197 5818 1307 5891 propria
1334 5818 1424 5889 potius
1449 5814 1635 5873 munificentia
1662 5807 1814 5867 tribuisse*
