3967 6334
320 399 375 461 ¹.ss
793 391 980 455 thllhlilAE
1000 389 1303 450 ClllllSOPOLlTth
1319 387 1476 447 briucort
1864 401 1898 458 gn

320 519 455 592 (lanius).
470 515 613 588 Templum
624 521 668 570 est
681 511 814 578 Ecclesia,
827 527 910 584 quam
925 510 958 566 de
971 507 1147 570 uniuersish
1196 505 1231 561 Et
1253 505 1406 561 ambulatet
1421 502 1501 560 Jerur
1511 503 1540 559 in
1554 501 1649 573 templo
1660 504 1687 558 in
1700 506 1795 573 portua
1814 509 1899 574 Solone-

321 610 501 668 credentibus
523 607 602 679 quasi
616 605 737 662 devisis
755 602 895 676 lapidibus
918 605 1066 672 congregat
1080 598 1110 653 in
1161 597 1212 652 nir.

319 720 403 762 unam
424 715 583 775 compagem
606 699 669 756 ddei
692 705 720 753 et
732 697 887 754 charitatis.
909 692 989 762 Quod
1006 697 1111 764 septem
1195 689 1224 745 ld
1238 695 1291 754 est,
1309 687 1354 744 ubi
1366 686 1498 743 Salomon
1516 687 1622 743 solebat
1633 695 1704 743 stare
1718 687 1751 744 ad
1764 689 1899 756 adornant..

319 794 401 850 annis
414 791 578 849 adiuratum
596 795 641 846 est
665 789 807 860 templum,
827 785 963 859 signiticat
985 784 1050 856 quia
1063 797 1112 854 per
1160 777 1287 833 Porticus
1300 777 1540 849 quibustemplum
1561 775 1729 847 cingebatur,
1746 781 1899 856 solentrigrii·

317 881 471 938 totumboc
496 891 606 951 tempus
630 879 705 951 quod
729 884 834 948 septem
857 876 956 933 dicbus
978 874 1109 939 uoluitur,
1161 885 1224 926 care
1248 871 1359 926 nomine
1374 869 1478 940 templi.
1594 861 1597 868 ⁴

318 981 460 1031 structura
484 971 615 1028 Ecclesiae
628 969 739 1027 crescit.
759 968 901 1027 vellicatio
922 967 1012 1024 octavi
1033 964 1110 1028 anni,
1197 961 1433 1018 Circumdederunt
1451 977 1512 1032 ergo
1526 977 1585 1016 eum
1597 958 1697 1028 dudoei,
1713 969 1738 1017 et
1752 962 1853 1023 dtrenn
1868 973 1900 1029 et,-

316 1061 455 1135 nignidcat
472 1061 650 1118 testivitatem
665 1060 787 1118 coelcotis
810 1059 921 1131 patriae;
936 1066 963 1114 ct
976 1057 1042 1128 quia
1063 1070 1112 1111 oc·
1162 1055 1303 1128 Quourque
1313 1057 1432 1110 animum
1455 1053 1681 1111 nostromtotlial
1694 1055 1790 1112 ritaret
1807 1057 1899 1132 Christus,

317 1164 380 1212 tara
393 1155 439 1212 die
451 1154 602 1211 resurrexit
615 1152 760 1218 Dominus,
771 1150 1008 1208 bencoctonarius
1018 1163 1112 1205 nume·
1161 1148 1203 1203 dic
1217 1148 1292 1203 notis
1306 1149 1407 1219 potum.

317 1263 368 1305 rus
398 1247 469 1304 testa
496 1254 600 1304 trustra
626 1244 841 1303 resurrectionis
864 1242 1011 1315 signidcat.
1031 1239 1111 1309 Quod
1196 1239 1411 1297 Nonreritatem
1427 1237 1594 1302 desiderant,
1607 1237 1655 1294 sed
1670 1238 1899 1318 calumnianprnps

318 1341 450 1412 templum
463 1339 498 1396 ab
505 1339 632 1396 hostibus
640 1338 794 1402 incensum,
806 1353 918 1394 rursum
929 1335 1110 1402 construitur;
1162 1341 1234 1389 rant.
1247 1331 1458 1389 Calumniantur
1468 1331 1545 1385 illum
1559 1331 1653 1387 tollere
1664 1331 1766 1388 animas
1777 1335 1816 1404 qni
1835 1339 1899 1396 salin

318 1433 411 1488 varios
425 1433 548 1488 insinuat
557 1437 673 1488 eventus
687 1429 827 1494 Ecclesiae,
843 1445 904 1496 quac
918 1443 993 1484 nnnc
1010 1425 1112 1498 premi·
1161 1423 1243 1482 l‘ortc
1257 1423 1320 1496 quia
1335 1421 1475 1479 Christum
1494 1437 1592 1494 purum
1607 1421 1743 1479 hominem
1754 1427 1849 1482 endunt
1859 1447 1900 1486 ren

319 1533 375 1589 tur,
390 1539 465 1579 nnnc
477 1523 621 1586 liberatur,
628 1537 703 1577 nunc
717 1521 823 1592 antiqui
836 1520 925 1575 bostis
938 1517 1112 1591 periclitatur
1161 1525 1265 1583 turum,
1281 1517 1328 1573 scd
1339 1531 1395 1588 prae
1407 1515 1535 1572 omnibns
1557 1523 1747 1587 regnaturum
1760 1516 1781 1572 si
1797 1519 1900 1580 diceretur

319 1614 439 1678 insidiis,
454 1630 529 1671 nunc
543 1630 592 1685 per
605 1614 795 1686 poenitentiam
810 1613 913 1684 recepit
924 1626 995 1683 quos
1018 1609 1111 1683 perdi·
1161 1609 1313 1674 Christum,
1326 1609 1406 1681 quasi
1421 1615 1516 1664 contra
1526 1606 1679 1680 hugustum
1692 1623 1721 1664 se
1734 1624 1813 1680 regem
1826 1611 1899 1678 laura

318 1704 396 1761 diosc
403 1703 559 1761 videbatur.
567 1702 647 1771 Quod
660 1703 791 1774 templum
803 1699 1112 1772 secundoquadruginta
1164 1695 1293 1767 potestati
1309 1695 1477 1767 puniendum
1499 1695 1607 1752 tradere
1628 1695 1737 1752 uellent.
1753 1695 1800 1753 Sed
1809 1697 1899 1760 lloninu

319 1797 461 1855 sexennis
478 1796 642 1853 aedificatum
652 1805 695 1852 est
705 1794 841 1866 significat
858 1792 1033 1849 bominicum
1048 1806 1110 1846 cor·
1162 1787 1202 1843 sic
1213 1792 1345 1856 temperat
1367 1801 1542 1858 responsum,
1556 1795 1587 1842 ut
1600 1803 1651 1844 nec
1675 1788 1729 1844 illis
1742 1789 1775 1844 sit
1795 1792 1898 1850 lacuum

321 1907 384 1960 pus,
399 1890 497 1960 dequo
509 1886 691 1944 disitludacis
708 1907 715 1942 2
731 1886 830 1942 Solvite
843 1884 969 1955 temptum
983 1882 1042 1948 boc,
1052 1892 1077 1938 ct
1085 1883 1112 1937 in
1130 1863 1151 1919 Β
1166 1878 1284 1942 lunmiae,
1306 1885 1334 1934 et
1349 1877 1474 1935 fidelibus
1488 1886 1599 1952 propter
1622 1893 1692 1950 quos
1709 1879 1763 1937 baec
1779 1884 1897 1952 referuntur,

302 1978 407 2036 ⁴tritus
419 1977 644 2034 oteturerctroto
657 1975 727 2031 illud
741 1972 997 2048 (tonnull'erunt
1025 1971 1113 2044 siqui·
1148 1969 1308 2027 'manifeste
1331 1979 1462 2043 appareat
1484 1971 1557 2044 quod
1583 1973 1642 2044 ipsc
1670 1974 1706 2030 sit
1731 1973 1898 2040 Christusne

319 2071 579 2142 dem,quiacorpus
600 2069 720 2126 bominis
738 2066 951 2139 qrradragcsimo
971 2071 1050 2122 sexto
1069 2064 1115 2121 die
1164 2062 1248 2118 homo
1261 2069 1381 2128 tantum,
1394 2068 1425 2118 ut
1439 2063 1478 2118 illi
1489 2073 1594 2136 putant,
1612 2062 1867 2126 sedlerbuml’nris.

319 2169 384 2234 post
394 2161 601 2232 conceptionem
617 2159 645 2215 in
655 2159 841 2216 membrorum
858 2157 1034 2214 distinctione
1057 2155 1115 2211 ior·
1199 2154 1342 2226 Respondit
1351 2157 1388 2212 eir
1398 2154 1477 2212 Jecur
1493 2171 1503 2210 :
1524 2155 1809 2228 repercutiantur
1820 2161 1897 2226 ordii,

319 2261 515 2325 metuuntque
528 2253 589 2309 ideo
614 2265 745 2308 noncasu
766 2259 885 2322 gestum,
909 2249 958 2306 scd
979 2247 1114 2304 divinitus
1164 2257 1189 2303 et
1204 2265 1350 2321 opereque
1362 2265 1408 2322 epo
1423 2248 1530 2319 sucinis
1540 2251 1644 2306 nomine
1661 2249 1809 2317 Potrirmci,
1820 2252 1860 2308 lec
1876 2265 1898 2310 te

320 2355 498 2420 procuratum
523 2351 617 2410 est,in
638 2359 673 2401 eo
695 2357 832 2398 annorum
848 2355 969 2400 numero
982 2341 1114 2413 templum
1164 2341 1321 2397 stimonium
1331 2340 1467 2411 perbibent
1482 2341 1514 2397 de
1527 2360 1577 2399 me.
1589 2341 1641 2400 Sed
1650 2345 1896 2412 nosnoncrcditirnili,

320 2441 512 2498 udidmretm.
528 2436 608 2506 erod
621 2446 712 2493 arroem
721 2435 843 2492 encoenia
857 2449 907 2506 per
917 2448 1013 2489 omncs
1026 2447 1115 2490 annos
1163 2435 1226 2505 quio
1240 2451 1291 2490 non
1300 2435 1363 2490 ertia
1376 2434 1507 2490 exoritur
1522 2437 1596 2492 meis.

322 2529 456 2590 calabram
466 2530 603 2586 sancitum
614 2537 668 2592 est,
684 2523 876 2584 nosadmonct
888 2523 1049 2582 memoriam
1059 2522 1115 2580 llo·
1199 2526 1308 2600 Loquor
1321 2528 1400 2585 robis
1420 2536 1450 2584 ut
1460 2525 1578 2585 Verbum
1590 2526 1650 2594 liei,
1677 2535 1704 2587 et
1716 2530 1795 2602 probo
1811 2531 1897 2602 quidda

322 2621 434 2680 ninia
446 2619 660 2678 resurrectionis
684 2631 793 2690 semper
807 2616 940 2673 inanimo
961 2615 1073 2683 babere,
1088 2624 1115 2673 et
1165 2635 1213 2692 per
1235 2635 1319 2692 opera
1343 2636 1406 2692 qua
1422 2618 1494 2676 lacio
1518 2619 1669 2678 innomine
1687 2618 1893 2688 nutriendus

322 2719 447 2771 inuram
459 2724 582 2783 sperare.
596 2707 652 2765 llcc
665 2706 887 2780 praetereundum
907 2715 961 2772 est,
972 2705 1048 2778 quod
1064 2705 1114 2763 de-
1164 2711 1321 2768 cnulltcndo
1340 2727 1413 2784 cum,
1437 2713 1518 2785 cujus
1542 2714 1658 2786 gloriam
1673 2729 1727 2770 non
1747 2714 1816 2769 alian
1835 2715 1897 2784 otuu

323 2804 419 2862 dicam
432 2800 564 2872 templum
581 2797 723 2865 Salomon,
736 2797 784 2854 ribi
798 2797 945 2870 compleuit
957 2812 1055 2868 preces
1073 2797 1115 2869 ig·
1164 2817 1267 2876 quaro,
1283 2803 1347 2875 quia
1359 2819 1415 2859 una
1425 2812 1469 2862 est
1483 2805 1569 2879 gloria
1578 2804 1671 2864 Patris
1690 2815 1717 2864 et
1726 2804 1792 2862 Filii.

322 2896 368 2952 nis
380 2894 416 2952 dc
428 2893 501 2950 coelo
524 2892 677 2957 descendit,
695 2899 723 2948 et
744 2888 886 2947 decorarit
907 2889 1068 2946 holocausta
1088 2900 1116 2946 et
1201 2895 1267 2952 (lucr
1282 2912 1345 2950 mcc
1360 2913 1445 2952 rorent
1470 2914 1556 2952 nreom
1572 2897 1697 2968 audiunt,
1724 2909 1746 2954 et
1760 2916 1799 2971 ego
1816 2916 1896 2970 copore

323 2988 460 3048 victimas.
477 2985 644 3042 llolocancta
658 2998 778 3056 namque
787 2989 815 3041 et
831 2982 1014 3040 rictimaereri
1037 2981 1113 3039 Salo·
1164 3003 1220 3052 eor,
1235 2995 1261 3041 et
1278 2997 1422 3059 scortantur
1433 3005 1483 3046 ιιι.
1508 2988 1542 3044 lit
1562 2990 1707 3062 egenitum
1721 3000 1827 3045 numan
1837 2989 1896 3050 deci.

323 3079 476 3138 mmrienos
497 3093 605 3142 sumus,
619 3075 767 3148 dequibus
781 3075 821 3131 ait
834 3074 934 3131 Petrus
946 3076 1089 3146 apostolus
1105 3093 1113 3132 ι
1164 3085 1189 3131 et
1203 3093 1254 3131 non
1267 3077 1388 3147 amitant
1402 3080 1430 3133 in
1446 3088 1584 3136 eternum.
1601 3078 1636 3134 lit
1656 3097 1711 3136 non
1724 3081 1800 3151 rapiet
1810 3097 1844 3136 ers
1854 3083 1896 3152 ptr·

322 3171 447 3229 Christano
456 3170 537 3228 cernet
547 3185 596 3241 pro
608 3170 722 3240 peremis
736 3167 837 3223 nortrir
858 3176 978 3224 mortuui
995 3176 1046 3233 ert,
1066 3167 1113 3238 ju-
1165 3185 1245 3241 quom
1256 3169 1288 3224 de
1301 3187 1383 3225 manu
1398 3188 1465 3227 men.

321 3274 381 3320 rtur
393 3262 569 3333 proinjurtir,
579 3270 609 3316 ut
620 3277 668 3316 nor
678 3258 860 3331 offerretlleo,
871 3261 1045 3332 auctificatur
1055 3263 1114 3333 qui·
1200 3259 1256 3316 Fur
1273 3269 1301 3318 et
1319 3262 1391 3318 latro
1408 3279 1457 3320 scu
1472 3263 1563 3336 lupus,
1577 3263 1646 3320 nibil
1662 3265 1895 3337 possuntcontrailn

322 3355 383 3412 dcun
401 3372 491 3422 corne,
511 3355 655 3425 oiuiftcotor
680 3361 770 3408 uatem
796 3352 893 3423 spiritu
911 3351 944 3427 (1
958 3352 1030 3410 Petr.
1047 3354 1112 3429 ru).
1165 3355 1412 3426 qtrosnovimcos.
1429 3353 1462 3411 Et
1478 3357 1542 3414 siin
1563 3359 1695 3429 prasenti
1715 3357 1895 3426 rideanturrlipi
1925 3343 1926 3433 l

322 3448 446 3520 lgniaest
456 3447 548 3506 ferror
560 3447 668 3504 eximiae
683 3446 840 3503 dilectionis
852 3446 998 3504 incoelesti
1013 3449 1112 3520 putria,
1165 3446 1266 3517 perire,
1290 3461 1345 3502 non
1356 3449 1485 3519 peribunt
1503 3449 1532 3504 in
1555 3457 1701 3515 aternum,
1719 3451 1838 3514 salardis,
1852 3451 1895 3505 siut

321 3549 411 3613 quaet
418 3542 446 3596 in
454 3556 505 3596 sua
519 3540 728 3605 beatitudinc,ct
746 3539 776 3594 in
786 3539 1115 3595 suiConditorisclarita·
1165 3553 1214 3594 ros
1234 3537 1370 3609 peribitis,
1387 3539 1434 3610 qui
1449 3541 1584 3598 nonestis
1597 3557 1631 3597 cx
1645 3541 1815 3596 oribusmcis.
1924 3587 1925 3626 p

319 3632 1114 3705 aeoniuscircscoeliardcrelaetantur.llincquaedamag-
1201 3628 1283 3685 Peter
1297 3646 1369 3684 meur
1386 3630 1456 3702 qnod
1470 3629 1543 3685 dedit
1558 3631 1632 3696 milri,
1654 3633 1741 3704 majus
1760 3631 1894 3692 onuilrrnt
1924 3627 1925 3715 l

323 3726 398 3782 urina
407 3733 541 3783 rocantnr
550 3725 690 3796 seraphin,
705 3725 733 3780 id
748 3733 790 3782 est
814 3725 943 3781 ardentes
965 3725 1007 3781 uel
1019 3725 1114 3780 iucen-
1164 3730 1189 3777 et
1198 3737 1272 3777 ncmo
1285 3723 1380 3792 poterit
1391 3738 1482 3792 rupere
1495 3722 1527 3778 de
1541 3722 1722 3779 manuPotris
1734 3725 1787 3780 mei.

323 3819 432 3874 dentes.
447 3817 590 3889 Completa
602 3833 669 3890 ergo
677 3817 861 3882 dedicatione,
868 3817 940 3889 ignis
947 3816 1054 3874 hostias
1067 3817 1116 3873 dc·
1200 3815 1258 3872 lloc
1268 3815 1350 3874 l‘ater
1364 3816 1438 3873 dedit
1453 3815 1523 3878 Filio
1531 3818 1621 3888 majus
1635 3817 1771 3883 omnibus,
1781 3827 1805 3872 ut
1816 3816 1843 3871 illi
1853 3823 1895 3871 esst

322 3918 416 3978 rorat3
431 3910 496 3982 quia
504 3911 613 3981 expleto
627 3917 751 3981 tempore
760 3916 864 3966 nostrae
883 3909 1108 3974 resurrectionis,
1165 3910 1322 3982 unigenitus
1332 3907 1429 3966 Filius.
1443 3907 1585 3982 Gignendo
1599 3911 1686 3966 dedit.
1696 3909 1739 3965 Sic
1754 3907 1893 3978 lrabetsapirn
1923 3913 1924 3999 l

323 4001 467 4074 ilagrantia
479 4002 538 4058 ueri
565 4001 668 4057 amoris
681 4017 737 4072 quo
753 4017 828 4057 nunc
853 4003 985 4074 angelicae
997 4004 1114 4059 uirtutes
1166 4003 1231 4058 tiam
1246 3999 1343 4068 lilius,
1361 4003 1402 4060 sic
1417 4003 1502 4058 babet
1522 4003 1620 4068 uitam,
1633 4010 1662 4057 ut
1689 4003 1745 4074 ipse
1762 4001 1792 4058 sit
1809 3999 1894 4070 saphath

323 4093 539 4158 inflammantur,
551 4092 673 4150 bdelium
683 4103 789 4151 mentes
804 4095 864 4152 visa
876 4095 968 4165 specie
983 4095 1026 4151 sui
1041 4094 1114 4152 Con·
1165 4093 1269 4152 iaciens
1283 4095 1430 4166 sapientes,
1444 4093 1758 4158 elloronensium,
1775 4092 1894 4166 quodnrjn

323 4185 433 4250 ditoris,
444 4183 614 4242 absorbebit.
629 4181 785 4240 Notandum
798 4184 882 4240 ctiam
896 4185 971 4256 qnod
982 4184 1114 4241 Salomon
1165 4197 1207 4245 cst
1220 4189 1358 4245 omnibus.
1376 4185 1429 4244 Sed
1444 4188 1509 4259 quia
1525 4189 1571 4244 ille
1586 4188 1668 4260 cujus
1686 4198 1728 4245 est
1740 4185 1845 4248 lcrbun,
1862 4197 1893 4237 ιιι

322 4277 428 4335 dimisit
455 4278 582 4350 populos,
602 4277 748 4334 testivitate
769 4276 843 4332 lacta
857 4277 1049 4342 dedicationis,
1066 4277 1113 4349 qui
1164 4289 1207 4338 est
1230 4281 1263 4337 de
1279 4280 1384 4350 verbm
1408 4279 1632 4338 verbnmautem
1654 4281 1690 4337 de
1704 4281 1747 4336 illo
1760 4277 1893 4346 estcujnsert

321 4370 592 4442 benedicentcsregi,
608 4368 725 4441 proiecti
740 4369 848 4426 suntin
872 4370 1050 4424 tabernacula
1064 4385 1114 4425 sua
1165 4374 1289 4440 verbum,
1304 4372 1365 4430 ideo
1393 4373 1442 4438 ait,
1458 4373 1529 4428 dedit
1552 4373 1627 4430 milti.
1643 4373 1713 4441 Quid
1735 4371 1812 4430 dediti
1828 4377 1850 4424 ut
1864 4365 1893 4420 siu

324 4462 458 4518 laetantes.
482 4461 690 4518 Dimittetenim
708 4459 843 4517 Dominus
859 4469 970 4532 peracta
990 4477 1115 4520 resurre·
1165 4464 1285 4523 Verbum
1317 4465 1388 4535 ejus,
1425 4466 1583 4538 unigenitus
1610 4467 1684 4536 ejus,
1720 4463 1828 4538 splendor
1850 4459 1892 4528 eid.
1921 4477 1922 4536 ι

317 4555 417 4610 ctione
429 4555 532 4610 clectos
544 4555 575 4608 in
594 4561 697 4610 aeicrlta
709 4553 899 4619 tabernacula,
910 4567 967 4608 tlon
980 4569 1030 4610 cos
1044 4555 1115 4611 ulto·
1130 4561 1152 4616 ll
1166 4560 1238 4634 quod
1254 4571 1296 4620 est
1308 4562 1397 4632 nuajuu
1412 4563 1549 4619 ominibus.
1563 4559 1662 4619 Utrum
1675 4577 1727 4618 upa
1738 4575 1821 4616 manus
1830 4553 1892 4612 etta
1921 4542 1922 4563 ¹

324 4645 418 4701 riusa
443 4659 493 4702 sua
511 4645 657 4716 praesentia
674 4660 830 4712 remouens,
858 4645 938 4702 seda
955 4645 1116 4704 discrimine
1167 4655 1219 4711 tris
1245 4661 1271 4710 et
1290 4651 1352 4708 lilii
1371 4651 1500 4710 intorte
1523 4653 1583 4726 ipse
1606 4652 1694 4710 Filius
1716 4668 1802 4708 manus
1821 4657 1851 4704 est
1863 4645 1892 4698 Pe

322 4737 433 4808 iudicii,
462 4737 536 4808 quod
562 4739 592 4792 in
613 4753 676 4793 aere
697 4736 830 4802 iuturum,
847 4737 980 4810 Apostolo
1001 4739 1116 4796 docente
1167 4743 1273 4802 trislSi
1289 4759 1400 4799 manum
1410 4744 1593 4815 intelligamus
1607 4751 1775 4815 potestatem,
1784 4733 1892 4795 nancile
1920 4767 1921 4790 ι

326 4829 466 4893 norimus,
479 4828 512 4884 ad
526 4829 754 4886 inhabitationem
766 4830 886 4887 coelestis
901 4831 998 4901 patriae
1012 4831 1116 4887 immit·
1167 4837 1220 4893 tris
1234 4844 1261 4892 ct
1275 4835 1337 4891 Filii
1348 4844 1481 4907 potestas,
1495 4835 1560 4907 quia
1575 4851 1628 4891 una
1652 4834 1782 4890 diuinitas.
1797 4830 1819 4885 Si
1838 4835 1892 4881 ιιιιι

322 4931 398 4989 tens,
410 4930 441 4978 ut
454 4938 504 4994 pro
517 4924 576 4979 suis
590 4924 696 4980 meritis
703 4924 820 4996 quisquc
835 4925 928 4981 sedem
939 4926 1015 4996 regni
1027 4927 1117 4998 perci·
1168 4943 1279 4985 manum
1292 4927 1469 4999 intclligimus
1480 4928 1551 4983 sicut
1561 4927 1713 4983 dictumest
1723 4921 1891 4998 perpropletau

326 5017 385 5090 piat
397 5014 426 5088 (1
436 5015 528 5072 Their.
539 5015 589 5089 ru).
604 5014 674 5071 ilinc
690 5024 734 5072 cst
754 5017 820 5072 illud
835 5032 845 5070 .·
860 5016 954 5072 ttutm
967 5019 1117 5074 mensiones
1168 5018 1337 5074 ethruchinm
1357 5017 1466 5072 Dnmini
1481 5019 1524 5072 cui
1540 5017 1682 5072 reoelotnm
1709 5025 1745 5070 ert
1764 5013 1891 5086 (laniunt
1919 5065 1920 5076 2

326 5108 356 5162 in
368 5109 447 5164 domo
465 5108 558 5163 Patris
573 5109 696 5163 meiaunt
708 5106 872 5180 (loannis).
891 5108 1010 5166 Proleoti
1033 5111 1061 5166 in
1075 5118 1118 5165 ta·
1168 5127 1267 5166 manus
1279 5109 1370 5165 Patris
1384 5110 1443 5181 ipsc
1462 5108 1607 5166 estl'ilius.
1625 5108 1702 5178 Quod
1721 5107 1811 5164 nonita
1829 5101 1892 5155 dirtun
1919 5080 1920 5127 ¹

327 5201 487 5264 bernacula,
499 5200 699 5257 benedixerunt
711 5203 779 5273 rogi,
790 5203 855 5273 quia
870 5202 1030 5260 felicissima
1046 5205 1118 5260 actio
1168 5211 1220 5266 est,
1234 5209 1363 5272 tanquam
1379 5199 1452 5256 Deus
1473 5199 1571 5256 habeat
1590 5199 1735 5255 humanam
1756 5185 1890 5254 tornensi

328 5301 382 5356 est,
399 5293 491 5349 dicere
517 5293 635 5366 hymnos
659 5292 812 5349 Conditori.
840 5294 1017 5352 Undcillud:
1041 5295 1119 5352 Reoti
1168 5295 1242 5365 quod
1252 5279 1398 5366 peripsum
1413 5292 1485 5349 iacta
1494 5303 1559 5349 sunt
1569 5293 1670 5348 omnia.
1685 5291 1749 5347 llam
1762 5279 1891 5347 solertiori
1918 5323 1919 5334 ι

328 5381 505 5454 guibahitont
532 5382 560 5437 in
582 5382 730 5445 demutato,
754 5383 876 5451 Dontine,
893 5386 919 5439 in
933 5387 1119 5443 roecutumsoe-
1168 5401 1218 5442 nes
1233 5385 1429 5441 diceremanns
1438 5400 1506 5442 suas
1518 5400 1580 5441 cssc
1590 5385 1659 5440 alios
1672 5384 1794 5446 homines,
1807 5393 1842 5450 per
1850 5383 1890 5444 (111ς
1918 5343 1919 5409 ¹

327 5472 383 5527 ruti
407 5472 554 5529 tondebunt
577 5484 601 5530 tc
616 5474 704 5546 (Prot.
720 5477 850 5543 uxrxrul.
874 5475 1119 5550 decaniamque
1170 5475 1276 5533 iaciunt
1295 5476 1368 5548 qtrod
1394 5476 1499 5533 uolunt.
1510 5473 1586 5547 Opus
1597 5473 1678 5530 etiam
1693 5473 1760 5547 quod
1773 5471 1796 5528 lit
1813 5483 1847 5540 prr
1858 5475 1891 5516 nr

328 5565 507 5635 evangelista,
535 5564 680 5623 factasunt
699 5567 727 5621 in
755 5565 966 5640 Hierosolymis,
982 5577 1010 5624 ct
1030 5570 1119 5626 hiems
1169 5585 1234 5625 num
1257 5568 1386 5632 bominis,
1413 5584 1512 5624 manus
1542 5566 1661 5623 bominis
1684 5565 1778 5621 dicitur
1799 5571 1822 5616 ιι
1836 5553 1888 5612 illud:
1917 5567 1918 5616 ι

328 5667 399 5711 crat.
418 5654 511 5714 llicnrs
522 5665 597 5714 recte
623 5666 864 5725 commemoratur,
887 5661 952 5730 qrria
965 5659 1057 5732 lrigidi
1070 5658 1119 5716 lu·
1169 5660 1301 5732 Agnoscit
1315 5661 1416 5732 qtriquc
1428 5676 1538 5715 liranum
1553 5675 1709 5726 suam,cum
1720 5659 1744 5714 id
1754 5643 1890 5728 quodndtt‘l

330 5743 436 5810 daei,ad
448 5747 668 5820 diuinumigncm
682 5747 816 5806 accedere
826 5749 865 5822 (id
874 5750 964 5816 est,in
975 5751 1119 5810 Christum
1132 5739 1142 5751 ’
1171 5753 1303 5824 agrioscit.
1319 5751 1387 5808 Cum
1402 5767 1468 5824 ergo
1482 5767 1580 5809 mantis
1593 5754 1638 5812 llci
1648 5771 1700 5810 non
1711 5765 1760 5807 uno
1781 5743 1841 5800 modo
1854 5749 1891 5808 l‘i'
1916 5799 1917 5806 ,

331 5837 454 5910 studere)
468 5841 538 5912 pigri
557 5848 644 5897 eraut.
870 5863 874 5869 ¹
1172 5846 1208 5900 sit
1221 5843 1343 5914 intelligi,
1360 5843 1413 5900 hoc
1423 5843 1604 5901 locomanum
1620 5846 1705 5900 Patris
1715 5851 1740 5900 ct
1750 5823 1890 5903 galeraudi»
