3967 6334
304 360 352 414 'iii
787 353 937 413 nonsart
956 355 1061 413 rubet
1081 356 1109 412 S.
1133 355 1166 414 lt,
1183 356 1221 414 ·E.
1246 355 1454 414 caauluatfs
1846 377 1878 433 :a

302 493 353 533 cur
366 476 453 546 legem
467 480 496 530 et
509 469 746 528 circumcisionem
762 472 810 526 uni
835 479 942 527 tanturm
972 471 1091 538 familia,
1108 481 1130 536 Α
1146 471 1191 526 Sic
1211 472 1342 530 Dominus
1359 472 1434 528 factu
1449 471 1549 537 facilia,
1563 480 1681 530 attamen
1693 474 1762 530 bona
1780 483 1879 549 umbre,

305 565 653 646 lolvideljoerllebraeis,
662 567 778 637 proponi
789 567 919 637 oportuit.
928 565 1096 623 Namsiabs·
1146 564 1217 618 mala
1239 578 1348 635 quoque
1367 570 1396 618 at
1423 563 1544 620 nondum
1568 565 1715 620 resecanda
1734 567 1879 636 dissimulas:

302 680 357 737 que
371 662 430 733 lege
444 675 500 715 uon
518 657 1095 730 essetsalus,latiofegispropositufuisset
1146 656 1275 726 pctpulttm
1302 654 1391 710 adhuc
1416 664 1541 711 tenerum
1576 657 1661 712 cultui
1690 673 1740 714 ⁵¹¹0
1763 665 1881 728 abramio

303 754 452 814 universis.
477 751 531 809 Sed
559 750 667 807 suffecit
687 751 851 822 quibusdum
878 751 994 816 institui,
1010 759 1040 805 ut
1066 751 1095 806 iu
1146 761 1220 800 nunc
1233 751 1348 809 ιιιιθιθ,
1368 760 1441 800 ¹¹1¹th
1451 746 1634 817 ῐιΐθῐῐιῑῦὓῑθῐιθ
1647 763 1752 813 ewini,
1774 768 1823 822 ιιι
1839 757 1883 818 iate

302 848 399 921 paucis
414 847 619 902 instruerentur
629 841 749 897 uniuersi
763 847 872 911 quantae
882 839 966 895 fuerit
978 838 1095 894 infumi-
1145 836 1242 893 molles
1259 845 1306 890 aut
1319 834 1461 890 commoda
1472 843 1604 907 putantur
1618 845 1664 892 aut
1679 838 1841 901 incommoda.

302 940 369 996 tatis
384 958 392 993 :
405 937 461 992 aer
476 936 546 992 enim
561 936 690 990 muricem
703 932 777 988 ducit
791 932 826 988 ad
837 933 983 1003 perfectum
997 931 1092 1005 (Hcdr.
1440 949 1555 1007 CAPUT
1575 950 1641 1008 vn}¹

302 1048 353 1096 ΥΠ·
370 1031 415 1104 ¹9)
435 1051 442 1086 ²
455 1030 552 1102 (1⁰³¹sti
567 1030 674 1092 ⁰¹¹ffls·
688 1027 761 1099 (1¹¹0d
775 1043 934 1098 ”effuelfflsr
943 1042 1033 1098 ”⁰11⁰ss
1047 1041 1096 1096 1³2·
1200 1042 1241 1097 An
1251 1044 1345 1099 merito
1356 1042 1491 1106 damnari,
1507 1059 1541 1097 on
1553 1059 1586 1098 eu
1596 1044 1774 1100 ariaericcrdio
1787 1047 1854 1105 deluit

302 1131 361 1179 tres
370 1121 459 1177 nostri
469 1128 581 1188 portare
603 1118 759 1188 potuiarus;
775 1126 857 1188 atque
880 1117 942 1172 idco
956 1116 990 1171 ad
1018 1116 1095 1172 illum
1483 1114 1594 1170 actuari.

303 1216 410 1272 alacres
425 1211 614 1282 confugerent,
630 1208 712 1278 cujus
723 1208 818 1280 jupam
831 1223 911 1263 ruore
924 1216 964 1262 ert
979 1216 1005 1262 et
1028 1224 1095 1263 cour
1182 1203 1256 1278 (lat)
1278 1203 1412 1276 Populum
1435 1221 1501 1277 ergo
1516 1207 1563 1278 qui
1583 1205 1692 1262 damnis
1707 1208 1816 1273 territus,
1833 1214 1885 1273 lueis

303 1303 479 1376 teuclifcttd.
494 1319 533 1368 m,
547 1301 610 1373 50);
626 1301 707 1371 cujus
724 1299 840 1356 intentio
854 1307 907 1361 est.
921 1301 989 1371 legis
1017 1299 1096 1354 initia
1147 1304 1243 1367 captus
1271 1296 1424 1361 serviebat,
1450 1311 1537 1367 pauca
1568 1311 1707 1368 paruaque
1735 1297 1798 1354 bona
1820 1317 1884 1374 agens,

304 1412 506 1455 consummare.
521 1394 577 1450 Lex
589 1409 655 1464 ergo
669 1393 768 1464 legem,
784 1401 984 1449 novaceterem
1000 1401 1097 1450 secuta
1147 1389 1232 1444 multa
1257 1403 1355 1461 magna
1384 1389 1510 1460 malaque
1529 1390 1723 1452 committens,
1746 1397 1850 1449 utruum
1866 1415 1885 1452 n

303 1498 358 1554 est,
375 1495 454 1544 tauto
467 1486 613 1559 perfectior
623 1491 757 1556 quantoe
773 1482 938 1556 perfectiore
961 1485 1017 1540 lata
1038 1493 1095 1554 est;
1146 1481 1245 1537 merito
1265 1481 1402 1544 damnari,
1418 1496 1453 1536 aa
1467 1497 1500 1538 ex
1523 1481 1714 1537 misericordia
1739 1483 1885 1559 saliarium.

304 1585 366 1642 sine
379 1598 434 1655 qua
447 1581 513 1652 quia
528 1579 603 1635 salus
622 1593 679 1634 nou
692 1585 745 1642 εει,
762 1577 891 1633 omuibus
904 1578 1059 1634 mandatur.
1146 1574 1219 1630 tuiti
1233 1572 1287 1630 Sed
1306 1588 1367 1629 cum
1377 1573 1461 1644 juder
1484 1574 1520 1629 sit
1531 1572 1634 1644 justus,
1651 1573 1724 1630 uude
1738 1577 1886 1636 sceleratissu

339 1673 409 1728 Nam
424 1671 497 1728 sicut
510 1667 602 1725 Veteri
617 1667 794 1724 Testamento
813 1673 904 1724 stante
916 1675 945 1724 ει
956 1676 1034 1724 extra
1049 1685 1096 1727 sa·
1146 1666 1210 1722 lus?
1228 1665 1358 1736 quoniam
1375 1672 1465 1722 antem
1479 1665 1536 1720 baec
1551 1667 1654 1722 scelera
1674 1666 1717 1722 lex
1732 1682 1782 1722 noa
1794 1672 1885 1739 prolific

304 1768 348 1823 lus
358 1773 428 1828 erat,
441 1763 479 1818 ita
491 1761 567 1817 Novo
577 1761 644 1816 dato
651 1760 761 1815 nonnisi
773 1759 855 1816 iutra.
868 1757 946 1814 Unde
953 1760 995 1816 lex
1009 1761 1096 1830 prima
1131 1759 1308 1830 *faciuntque
1331 1757 1512 1814 nibilominus
1530 1758 1603 1828 qrrod
1623 1757 1684 1828 ipsa
1700 1758 1787 1828 jubet,
1802 1762 1820 1816 si
1835 1764 1885 1832 judu

304 1857 434 1913 omnibus
451 1853 535 1909 indici
550 1868 605 1908 non
617 1852 729 1918 debuit,
750 1858 781 1907 ut
795 1852 824 1908 in
839 1867 872 1908 ea
886 1852 1010 1908 omnium
1026 1853 1097 1910 salu·
1112 1827 1133 1884 B
1148 1859 1192 1909 εει
1204 1853 1307 1923 justus,
1327 1851 1464 1923 quomodo
1477 1851 1614 1906 obedienti
1631 1858 1747 1922 negetur
1758 1853 1835 1910 salust
1845 1855 1884 1912 lun

304 1955 360 2005 tem
378 1946 492 2002 minime
512 1959 668 2016 quaeramus
680 1985 688 2009 ,
702 1959 763 2014 quae
777 1945 880 1998 mundo
893 1959 948 2000 nou
962 1944 1031 2010 toti,
1049 1943 1096 2000 sed
1147 1945 1172 2003 si
1186 1944 1387 2016 praedictavitia
1398 1943 1562 2001 habentibus
1578 1951 1656 2000 erant
1667 1945 1885 2015 periculosarum

306 2036 378 2109 parti
406 2035 563 2106 deputatur.
589 2031 643 2088 Sed
669 2030 801 2092 secunda,
828 2031 895 2088 dum
921 2033 1024 2089 mundo
1045 2034 1097 2090 toti
1147 2036 1218 2092 male
1231 2035 1349 2106 decepit,
1374 2033 1422 2106 qui
1439 2034 1518 2106 quasi
1544 2034 1611 2089 nibil
1630 2035 1756 2091 nocitura
1776 2047 1814 2092 aut
1832 2041 1885 2094 silut

305 2127 467 2199 imponitur,
478 2123 638 2180 muudototi
648 2123 790 2181 salutifera
799 2124 966 2180 insinuatur.
977 2123 1012 2179 Et
1021 2132 1095 2193 aute,
1147 2127 1235 2186 cendo
1249 2135 1297 2183 aut
1320 2127 1468 2183 scribendo
1491 2127 1651 2183 concessit?
1666 2126 1696 2182 Si
1719 2127 1752 2184 ad
1773 2139 1886 2188 reatuum

305 2226 333 2277 ει
343 2217 470 2274 blosaicae
480 2217 688 2289 legistempore,
697 2215 994 2293 rclureatecgentiluo.
1003 2213 1098 2276 under
1147 2221 1207 2278 solo
1229 2227 1276 2275 aut
1300 2219 1409 2284 timore,
1427 2220 1505 2291 102
1529 2227 1577 2274 aut
1597 2219 1747 2292 cupiditate
1763 2226 1884 2294 temporale

305 2312 464 2383 utiquenon
475 2309 578 2381 exlege
588 2309 664 2364 salus
677 2315 721 2364 εει
734 2316 762 2363 ει
774 2307 876 2364 ludaeis
886 2349 895 2372 ,
907 2308 956 2365 sed
967 2310 1097 2380 quoniam
1148 2323 1195 2370 aut
1213 2313 1361 2379 commodi,
1389 2319 1437 2368 aut
1463 2312 1629 2368 incommodi
1655 2311 1740 2368 ὓευω
1762 2314 1842 2378 colere,
1858 2334 1885 2371 en

302 2406 382 2475 juxta
395 2402 573 2473 Apostolum:
590 2399 756 2470 imputribile
767 2402 944 2472 estranguioe
959 2412 1097 2458 taurorum
1146 2406 1234 2464 voluit
1249 2405 1283 2463 ab
1298 2405 1438 2476 impietate
1452 2403 1561 2460 damnis
1578 2405 1744 2470 absterrere,
1759 2405 1885 2476 adpietaer
1927 2403 1928 2446 ἒ

305 2506 331 2554 ει
345 2497 479 2551 ltirccrum
503 2493 607 2563 auferri
620 2505 729 2563 peccora
749 2490 844 2563 (Hetr.
860 2508 888 2557 1,
905 2492 933 2564 d)
949 2513 956 2548 ε
970 2492 1097 2564 quamvis
1147 2499 1232 2556 lucris
1244 2497 1376 2554 incitare?

307 2589 376 2646 ritus
390 2585 589 2644 sacrificiorum
604 2585 676 2640 inter
694 2585 791 2656 legalia
803 2585 950 2656 primatum
968 2587 1096 2642 obtinne·
1183 2591 1216 2648 Et
1228 2589 1339 2664 quidem
1353 2589 1450 2661 religio
1464 2586 1652 2660 perfectionis,
1673 2605 1734 2660 quae
1749 2589 1827 2662 utique
1836 2589 1884 2644 fid

306 2680 353 2748 rit,
372 2695 462 2750 neque
478 2676 582 2734 ludaris
606 2677 681 2732 salus
703 2686 746 2732 est
769 2691 804 2732 ex
826 2676 893 2748 lege.
918 2675 998 2732 Unde
1011 2679 1099 2748 ergol
1147 2682 1361 2744 stia'norumest,
1374 2677 1884 2756 hrrjusru'odisordcsnonrecipleos,apd
1926 2727 1927 2732 ,

307 2773 432 2844 utrisque
451 2787 486 2827 er
506 2770 579 2837 tide;
608 2784 673 2824 nam
694 2775 766 2825 teste
779 2769 933 2840 apostolo:
962 2767 1026 2824 Sine
1046 2767 1098 2840 fide
1147 2791 1217 2848 quos
1230 2780 1258 2830 ει
1281 2771 1413 2844 ignorans
1427 2770 1593 2842 gncrolitur
1619 2767 1645 2840 (l
1660 2767 1724 2825 Gor.
1737 2785 1789 2833 xm,
1802 2769 1885 2838 lllab

306 2864 470 2936 impossibile
483 2874 523 2918 ert
532 2863 636 2933 placere
644 2862 700 2917 fleo
709 2860 805 2935 (ilem.
817 2879 857 2928 ει,
869 2861 908 2934 6).
924 2861 976 2920 Sed
987 2879 1042 2918 una
1055 2871 1098 2922 est
1149 2868 1257 2932 timore,
1273 2865 1333 2936 ejus
1347 2863 1463 2928 scilicet,
1487 2861 1540 2930 Qui
1560 2870 1646 2933 potest
1664 2877 1756 2932 corpur
1774 2869 1796 2915 el
1807 2863 1884 2915 crim

307 2955 376 3013 ddes
389 2956 472 3019 sicut,
490 2962 518 3010 et
540 2954 687 3026 baptisma,
703 2954 801 3024 procul
822 2952 905 3009 dubio
918 2961 1015 3010 nostra
1038 2967 1098 3024 qaae
1148 2959 1251 3015 mittere
1270 2959 1299 3013 iu
1312 2956 1457 3028 gamaram
1473 2953 1550 3027 (Luc.
1566 2970 1617 3020 nn,
1633 2955 1674 3023 5),
1694 2953 1839 3019 inchoatur,
1853 2953 1885 3006 alio

306 3047 543 3120 perdilectionem
562 3052 703 3117 oneratur.
722 3044 786 3102 llaec
800 3053 842 3102 est
856 3046 899 3103 lex
915 3061 1002 3102 nova:
1019 3045 1098 3102 uon·
1148 3051 1295 3115 desiderio,
1311 3057 1342 3105 ut
1356 3049 1461 3106 seilicet
1478 3047 1597 3104 amatur
1610 3047 1684 3104 bear
1703 3047 1807 3104 berun
1817 3047 1836 3100 n
1846 3043 1884 3098 alu
1928 3097 1929 3110 ,

305 3139 400 3194 dotum
422 3156 518 3194 aarum
534 3137 569 3192 do
592 3138 680 3203 colio,
702 3147 732 3193 ul
757 3138 877 3210 diligatis
900 3140 1010 3194 inuicem
1031 3141 1132 3229 aicutc
1150 3143 1238 3218 (Psal.
1263 3139 1391 3214 cxxxiii),
1412 3149 1626 3197 consummatur.
1652 3137 1885 3195 Funisulanus

306 3232 389 3288 dilexi
401 3250 445 3288 cor
461 3231 552 3306 (loon.
574 3247 635 3297 xnr,
656 3232 713 3305 dl).
733 3232 861 3288 Charitas
875 3232 977 3303 quippe
987 3248 1043 3288 non
1056 3241 1099 3288 est
1149 3239 1203 3294 alia
1216 3246 1243 3294 et
1264 3237 1316 3292 alia
1331 3233 1508 3308 proponenda
1521 3241 1596 3299 sunt,
1613 3250 1665 3290 nec
1679 3235 1751 3291 enim
1763 3232 1838 3289 eaden
1849 3245 1885 3302 pp.

306 3333 386 3382 extra
400 3324 491 3381 fidem.
515 3323 584 3379 Nam
608 3324 633 3379 si
650 3324 813 3380 charitatem
833 3324 925 3389 babet,
935 3324 1029 3394 justus
1044 3333 1096 3380 est.
1149 3335 1231 3398 sunt;
1246 3327 1332 3384 firmis
1343 3327 1477 3386 solidatur
1488 3327 1573 3394 sulus,
1588 3327 1650 3382 aliis
1662 3334 1752 3384 autem
1761 3327 1850 3396 languor
1857 3331 1884 3376 au

307 3413 404 3470 Juslus
419 3420 509 3471 {tutem
521 3429 554 3470 ex
570 3413 622 3470 fide
632 3423 685 3470 esi.
699 3413 777 3472 Unde
791 3415 876 3470 iliud:
893 3412 989 3471 Juutuc
1003 3431 1036 3470 cx
1046 3415 1099 3486 fide
1148 3427 1248 3482 lenitur
1263 3431 1310 3480 aul
1323 3431 1444 3479 curatur,

308 3506 371 3561 uicit
390 3505 478 3578 (Rom.
494 3521 515 3569 r,
531 3505 588 3578 ll).
610 3505 667 3561 Lex
677 3521 744 3577 ergo
757 3514 852 3565 nostra
864 3506 987 3578 perfecta
1000 3516 1051 3572 est,
1065 3523 1099 3564 ex
1184 3514 1253 3590 Num
1275 3529 1340 3586 ergo
1351 3515 1399 3586 qui
1413 3514 1465 3570 sub
1483 3513 1542 3584 lege
1551 3520 1629 3569 erant
1643 3513 1813 3586 spiritualiter
1826 3509 1884 3580 arcti

308 3611 363 3668 qut
376 3595 451 3652 omni
466 3602 589 3667 [emtore
607 3597 682 3653 salut
696 3604 749 3662 esi,
766 3597 860 3668 ulique
880 3598 1018 3670 perfecta:
1034 3615 1099 3655 nam
1148 3609 1278 3664 mandata
1303 3612 1466 3678 acceperunt
1486 3621 1542 3661 nou
1556 3605 1591 3662 ad
1606 3607 1799 3662 restitutionem
1816 3602 1883 3664 edati

308 3689 383 3761 quod
393 3696 472 3746 telus
482 3690 524 3745 lex
540 3689 696 3751 inchoavit,
711 3704 781 3744 nova
797 3691 919 3760 perfecit.
1148 3714 1242 3754 verum
1257 3697 1290 3754 ad
1301 3698 1479 3754 lenimentum
1493 3695 1691 3757 damnationis.
1702 3695 1883 3754 utharitlera

607 3779 723 3836 CAPUT
742 3779 799 3837 Vll.
1150 3789 1222 3860 plius
1237 3788 1413 3844 ancillarum
1425 3788 1481 3860 lilio
1493 3787 1582 3844 litere
1592 3786 1666 3862 (Gal.
1683 3805 1720 3852 rr,
1732 3789 1774 3859 50)
1785 3808 1791 3843 :
1802 3786 1884 3841 videlicet

409 3870 546 3939 Quomodo
557 3869 686 3925 [lominus
701 3871 852 3927 attrahebat
864 3873 999 3943 populum.
1150 3882 1266 3952 populns
1295 3879 1443 3952 Synagogae
1464 3895 1526 3936 cuna
1550 3881 1650 3952 populo
1675 3879 1809 3936 Ecclesiae:
1831 3874 1883 3932 uait

344 3959 419 4033 (tra)
436 3959 621 4032 torquentum
637 3962 714 4032 parvi
736 3963 909 4034 magnificum
923 3979 1005 4020 onane
1020 3979 1100 4020 rccu·
1147 3971 1231 4042 juder
1244 3979 1270 4027 et
1282 3971 1376 4042 justus
1389 3970 1453 4026 dum
1469 3972 1565 4042 perdat
1577 3972 1742 4040 sceleratos;
1757 3978 1781 4026 et
1792 3965 1883 4040 piusdm

309 4059 421 4116 sanent,
438 4051 546 4107 infirma
565 4051 683 4108 infirmis
697 4054 832 4124 promissa
846 4062 925 4122 sunt;
948 4056 986 4110 ita
1007 4063 1099 4113 tamen
1149 4078 1258 4135 prauam
1283 4073 1414 4136 temperet
1437 4079 1499 4120 cum
1523 4073 1739 4134 temperamento
1757 4057 1883 4148 delinquenti

309 4152 340 4198 ut
358 4159 393 4199 ex
416 4141 550 4198 beneflcio
564 4144 696 4209 auctoris,
722 4145 830 4216 aliquas
852 4149 894 4203 vel
909 4145 982 4203 factu
1004 4148 1100 4206 faciles
1149 4155 1284 4213 bnstSed
1297 4157 1700 4228 iamtotusillepopuluscum
1714 4151 1883 4228 perdiuseou

308 4234 374 4290 vite
401 4235 573 4305 susciperent
598 4235 815 4302 emendationes,
846 4241 987 4296 nonnullis
1013 4241 1098 4305 vitiis,
1150 4247 1296 4317 putandus,
1307 4248 1360 4304 nisi
1376 4249 1400 4304 si
1411 4263 1468 4320 qur,
1481 4248 1553 4303 inter
1562 4249 1662 4305 multos
1675 4249 1824 4321 paucissimi,
1832 4243 1882 4300 fin·

309 4339 426 4394 quorum
436 4323 647 4394 prohibitionem
665 4323 756 4382 facere
768 4329 889 4386 nondum
904 4339 1039 4402 poterant,
1056 4349 1101 4388 re-
1150 4337 1239 4392 stiana
1253 4336 1420 4407 perfectione
1438 4338 1604 4395 eminebant.
1623 4337 1723 4395 Verum
1736 4332 1882 4394 aduersanti-

309 4418 494 4473 manentibus.
517 4416 593 4474 Unde
610 4419 714 4476 amicus
734 4422 847 4494 diligere
864 4424 1022 4480 mandatum
1040 4435 1099 4494 est;
1149 4430 1239 4489 detur,
1260 4429 1333 4500 quod
1353 4430 1498 4502 peculiaris
1518 4431 1564 4488 ille
1581 4432 1699 4502 populus
1717 4429 1761 4487 ilci
1778 4421 1881 4500 legen&

311 4508 455 4566 inimicum
482 4510 574 4567 odisse
601 4512 770 4582 prohibitum
803 4530 857 4570 non
882 4524 945 4584 est;
973 4526 1100 4587 poterant
1116 4523 1244 4586 blatam,
1266 4523 1381 4580 necdum
1406 4525 1624 4590 terminandam,
1641 4525 1783 4582 secundum
1800 4519 1881 4577 britti

310 4599 429 4656 fenerari
444 4602 551 4668 alienis,
562 4618 617 4658 non
627 4604 727 4661 licebat
740 4607 872 4677 proximis
881 4607 990 4679 (lfottlr.
1002 4627 1029 4674 u,
1040 4611 1104 4683 dil..
1151 4631 1200 4672 sua
1214 4615 1365 4673 observans
1374 4617 1436 4687 jure
1449 4617 1572 4688 perierit,
1586 4632 1649 4673 cum
1664 4617 1785 4674 ventilata
1795 4621 1816 4669 et
1825 4609 1880 4665 fut*

310 4691 396 4748 basis
411 4692 541 4748 rabonem
557 4694 666 4769 exigere
686 4697 862 4767 pemrlttitur,
872 4700 1004 4758 excedere
1024 4703 1099 4774 pari·
1150 4707 1223 4763 tibus
1244 4709 1355 4778 scriptis
1369 4708 1436 4762 fulta
1456 4709 1590 4766 sententia
1604 4710 1748 4773 contineat,
1762 4707 1880 4777 legemur

310 4794 393 4842 tatem
410 4800 467 4840 uon
493 4786 663 4842 conceditur.
697 4788 847 4861 conjugem
878 4792 1041 4864 quibusdam
1065 4796 1101 4851 de
1150 4815 1216 4871 pore
1232 4817 1282 4857 suo
1304 4802 1501 4874 obtemperanti
1524 4804 1645 4860 valuisse
1663 4803 1698 4860 ad
1716 4803 1822 4859 salutem
1835 4791 1879 4848 llil

310 4877 404 4934 causis
417 4875 517 4931 dimitti
536 4876 579 4932 fas
591 4885 665 4940 crat,
685 4879 740 4933 imo
753 4888 782 4936 et
800 4882 892 4953 plures
903 4884 985 4940 simul
1001 4884 1101 4944 habere
1150 4891 1316 4963 Apostolus:
1342 4891 1518 4950 circumcisio
1542 4895 1647 4967 quidem
1664 4894 1780 4966 prodeat,
1797 4890 1816 4946 tf
1831 4885 1879 4954 ΙΨ

310 4968 388 5026 nefas
403 4985 457 5025 non
480 4976 551 5026 crat.
567 4968 717 5025 [lissidium
734 4975 912 5042 permittitur,
932 4993 969 5032 ne
982 4978 1100 5034 bomici·
1150 4983 1267 5039 obrerccr
1282 4983 1369 5056 (Rom.
1386 5000 1423 5050 n,
1439 4985 1497 5057 ιδ).
1512 4985 1579 5040 Nam
1595 4987 1619 5043 si
1636 4981 1784 5041 circumcisi
1794 4981 1879 5050 bgcttt

310 5059 386 5116 dium
395 5061 678 5131 incurratur3conjux
693 5063 836 5134 conjugem
846 5065 1011 5132 dimittebat,
1027 5067 1101 5140 qcrod
1150 5083 1212 5133 vata
1223 5077 1378 5148 periissent,
1396 5078 1496 5133 malum
1519 5076 1636 5136 fortasse
1654 5077 1795 5138 minuisset,
1808 5073 1876 5126 uoti*

311 5154 406 5225 utique
415 5153 527 5217 malum,
535 5160 565 5208 at
577 5155 741 5225 permissum
748 5163 816 5222 erat,
831 5173 866 5214 ue
878 5165 973 5215 tenere
986 5169 1100 5219 coactus
1150 5185 1211 5224 men
1227 5169 1386 5241 profuisset.
1402 5169 1535 5227 Dominus
1548 5187 1657 5244 qrroqne
1667 5171 1700 5228 ad
1713 5165 1829 5242 apostolos
1840 5157 1877 5214 etit

309 5247 447 5316 jugularet
461 5245 587 5311 invisam,
599 5247 672 5319 quud
684 5251 779 5320 procul
794 5251 877 5307 dubio
890 5253 971 5325 longe
978 5254 1100 5312 deterius
1150 5261 1283 5331 apostolis
1292 5262 1327 5317 ad
1337 5278 1388 5320 noe
1401 5263 1456 5320 ait:
1473 5261 1535 5318 Nisi
1545 5258 1815 5332 oluadcceritjurtitiu
1826 5259 1877 5306 rut·

311 5338 391 5394 toret.
406 5339 446 5394 Ac
460 5355 508 5410 per
522 5338 575 5395 boc
586 5356 641 5396 uon
653 5341 762 5406 licebat,
777 5358 850 5400 unus
860 5345 960 5403 multas
970 5345 1098 5414 ducebat,
1149 5353 1288 5426 plusquam
1300 5353 1455 5411 Scribarum
1469 5365 1494 5412 ει
1508 5355 1719 5420 Ploriroecrum,
1733 5369 1778 5410 nor
1787 5341 1877 5404 tradite

311 5438 342 5484 ut
366 5431 545 5502 multiplicata
572 5435 712 5504 generatio
738 5437 870 5507 populum
893 5438 1098 5510 multiplicaret,
1149 5446 1178 5499 in
1195 5462 1304 5517 regnum
1318 5447 1443 5502 culorum
1461 5446 1570 5520 (narra.
1585 5466 1613 5512 v,
1631 5447 1687 5521 20).
1711 5431 1875 5517 anomia*

312 5535 393 5591 quiem
406 5523 528 5593 gentium
541 5523 707 5582 circumfusa
721 5528 867 5584 multitudo
877 5545 911 5585 ex
927 5531 1001 5586 omni
1023 5540 1100 5603 parte
1150 5551 1247 5592 norum
1262 5539 1350 5610 major
1364 5555 1425 5596 esse
1438 5540 1519 5597 debet
1535 5539 1643 5611 iustitia
1656 5555 1733 5612 quam
1749 5531 1874 5591 rumano:

312 5612 505 5670 contundebat.
530 5611 620 5672 Unam
633 5617 774 5676 mulierem
791 5620 886 5678 multis
904 5623 1008 5679 nubere
1023 5623 1100 5680 nefas
1149 5631 1222 5701 quod
1240 5631 1264 5688 si
1282 5633 1370 5703 major
1389 5632 1618 5702 Christianorum,
1634 5634 1745 5705 aliquam
1758 5621 1875 5684 meua!

312 5710 366 5764 cst,
379 5705 508 5774 quoniam
523 5706 581 5760 sola
597 5707 631 5762 de
644 5709 738 5766 multis
753 5711 899 5787 concipere
913 5730 966 5770 non
980 5717 1098 5773 calebat.
1149 5738 1210 5780 εεεε
1223 5731 1250 5779 ει
1271 5724 1444 5794 ludaeorum
1460 5726 1532 5783 unde
1557 5728 1685 5800 quoniam
1705 5721 1789 5782 salutis
1803 5707 1874 5784 justiis

260 5809 266 5820 ·
348 5793 423 5865 libb)
437 5794 544 5866 lfagist.
556 5837 565 5862 ,
578 5813 623 5864 nr,
639 5798 703 5857 dist.
716 5801 758 5858 37.
1186 5815 1258 5884 (fall
1272 5817 1360 5892 blag,
1377 5819 1423 5875 ubi
1434 5835 1526 5891 supra.
