3967 6334
46 5865 53 6029 i

255 339 309 394 tot
751 337 902 394 nouanti
921 338 1023 395 attii
1046 335 1076 394 S.
1094 335 1127 392 li.
1148 337 1179 393 Ε.
1205 332 1412 392 enuntiatis
1804 347 1840 408 η

255 459 289 513 fit
301 459 375 514 siem
387 461 434 529 qni
445 456 581 513 occultam
592 453 711 512 admittit
721 455 863 521 offensam,
879 457 988 512 occulto
999 471 1047 512 cu·
1061 475 1083 529 ,q
1098 453 1198 528 (ibid),
1222 454 1295 524 quod
1316 460 1410 524 aperta
1432 457 1475 507 eat
1498 451 1676 516 contumelia,
1694 467 1750 512 rcus
1761 461 1846 535 critgr.

256 559 333 606 ratar
348 549 479 613 remedio,
497 564 534 604 ne
548 547 683 604 medicina
696 548 806 619 publica
820 544 974 620 depublicet
987 553 1048 606 uui·
1100 545 1213 621 henim
1229 544 1404 615 quandojam
1413 541 1566 598 diioui-iam
1577 541 1689 614 suscipit
1698 561 1797 616 punam.
1811 551 1848 612 ia.

255 656 309 696 nus
329 639 376 695 filii
390 639 417 694 in
431 637 554 694 dolorem
570 638 668 694 matris
683 637 823 705 Ecclesiae,
837 638 903 694 dum
921 640 990 696 alios
1006 640 1049 694 in-
1099 645 1160 692 tens
1174 651 1239 708 ergo
1251 635 1344 690 odium
1357 634 1458 689 maium
1469 641 1527 701 est,
1543 632 1680 690 effrenatio
1690 635 1848 708 indignatione

254 733 359 790 sultare
381 737 494 796 cernat,
516 728 585 786 alios
609 728 774 799 applaudere
791 729 863 794 sibi,
889 730 918 784 id
942 731 970 786 in
995 731 1050 786 aiio
1100 727 1163 784 inde
1185 737 1260 792 nata,
1281 726 1414 793 deterior;
1431 741 1494 782 cum
1509 741 1564 782 non
1586 727 1703 796 parcitur
1723 729 1849 798 probrisid

254 825 409 881 divinantes
422 823 496 893 quod
507 822 648 894 reperiunt
662 820 691 876 in
701 837 745 889 se;
759 821 797 876 ita
807 822 853 892 qui
863 823 972 892 publice
985 839 1050 894 pec·
1101 820 1251 892 pessimum
1264 827 1322 886 est;
1341 817 1415 890 quod
1427 819 1523 889 liquet,
1541 818 1669 890 quoniam
1687 819 1765 877 latens
1780 825 1850 886 odion

255 927 310 981 cat,
324 931 380 972 non
390 916 529 986 privatim,
542 915 590 972 sed
604 915 711 986 publice
720 917 862 985 poeniteat.
878 914 914 971 Ut
927 917 974 987 qui
989 933 1051 974 san-
1100 910 1233 968 multatur
1244 909 1348 980 iudicio
1359 929 1367 978 ;
1380 909 1531 981 indignatio
1543 923 1624 979 paena
1636 911 1758 982 gratiori,
1772 917 1851 974 scilicet

254 1016 326 1063 mam
347 1005 498 1064 Ecclesiam
516 1017 611 1078 aperto
634 1014 714 1062 reatu
734 1007 929 1073 vulneraverit,
954 1017 1051 1080 aperta
1100 1003 1232 1072 concilim
1246 1003 1389 1074 probrum,
1401 1001 1574 1074 gravissima,
1586 1002 1688 1058 scilicet
1700 1005 1813 1076 gehenna,

255 1100 447 1158 satisfactione
459 1101 603 1158 medeatur
613 1100 773 1156 vulnerate.
1137 1094 1191 1154 Sed
1207 1095 1253 1167 qui
1270 1097 1391 1150 animum
1406 1093 1581 1166 delinquendi
1601 1094 1690 1159 babet,
1710 1111 1755 1152 nec
1768 1103 1852 1160 omnim

290 1190 398 1250 Gmdus
427 1202 518 1249 autem
544 1191 765 1250 satisfactionum
790 1191 906 1263 gradum
933 1196 1051 1264 requirit
1101 1189 1193 1254 babet,
1218 1196 1300 1260 atque
1321 1188 1383 1244 ideo
1397 1187 1431 1243 ab
1449 1193 1514 1242 actu
1527 1201 1611 1258 praro
1631 1187 1779 1253 retardatur,
1795 1193 1852 1262 pians

255 1285 416 1357 culparum:
440 1285 513 1341 unde
531 1299 606 1340 mors
621 1284 710 1355 prima
728 1293 860 1355 tanquam
877 1285 992 1356 reliquis
1012 1286 1052 1344 ie-
1101 1282 1193 1338 minus
1207 1281 1329 1346 offendit,
1354 1295 1437 1354 quam
1462 1282 1509 1352 qui
1528 1279 1562 1336 ab
1583 1280 1674 1334 animo
1692 1285 1851 1354 prommpitin

254 1376 316 1432 rior
330 1375 418 1432 leuius
432 1382 545 1431 curatur
558 1393 565 1441 ;
580 1373 701 1430 secunda
715 1380 807 1430 autem
821 1374 950 1446 quoniam
962 1375 1051 1447 magis
1101 1389 1181 1446 opus.
1198 1373 1298 1430 Verum
1309 1374 1356 1444 qui
1369 1379 1444 1430 totus
1455 1372 1537 1428 haeret
1550 1372 1661 1437 delicto,
1675 1374 1776 1445 solaque
1785 1393 1854 1434 ncces

256 1466 384 1540 iniputari
398 1469 479 1525 debet
487 1483 570 1538 quam
582 1468 680 1538 prima,
696 1469 777 1540 longe
791 1483 856 1524 vero
866 1469 1051 1540 minusquam
1102 1468 1183 1524 ritate
1195 1467 1360 1540 praepeditur
1370 1467 1405 1521 ab
1415 1473 1489 1531 actu,
1500 1467 1629 1537 quoniam
1641 1467 1855 1538 quodpfenocorda

255 1569 387 1628 extrema,
409 1561 547 1618 difficilius
561 1567 677 1616 curatur
691 1577 775 1633 quarn
789 1561 889 1631 prima,
906 1562 986 1634 lenge
1011 1563 1051 1618 fa·
1102 1566 1188 1630 optat,
1203 1560 1292 1615 solum
1307 1559 1431 1615 idconon
1446 1557 1522 1624 facit,
1533 1566 1580 1612 aut
1591 1558 1656 1630 quia
1666 1573 1718 1613 nrm
1728 1568 1811 1630 potest,
1822 1571 1855 1618 rut

255 1653 338 1710 cilius
351 1668 433 1724 quarn
442 1661 574 1710 extrema.
586 1652 633 1710 ille
645 1654 693 1724 qui
707 1654 882 1726 omnipotens
895 1662 937 1711 est
948 1656 1052 1711 nullam
1101 1651 1167 1723 quia
1187 1665 1296 1722 paenam
1311 1649 1462 1717 formidat,
1478 1650 1614 1720 quomodo
1628 1650 1698 1721 apud
1712 1649 1785 1706 Mum
1797 1669 1855 1724 quen

255 1749 368 1804 omnino
387 1748 540 1818 patiebatur
556 1746 754 1813 difficultatem,
773 1754 802 1801 ut
824 1748 903 1803 aliter
924 1755 952 1805 et
972 1748 1052 1802 aliter
1101 1743 1259 1800 nuliatenus
1279 1751 1420 1798 reveretur
1436 1741 1542 1813 (horret
1563 1741 1679 1798 fortasse
1697 1747 1856 1812 praeamara

255 1848 380 1898 mortuos
389 1839 546 1904 suscitaret,
556 1839 604 1896 sed
614 1840 888 1896 nostrorumvoiebat
898 1840 1051 1910 exprimere
1066 1874 1088 1930 B
1101 1835 1165 1891 dum
1179 1837 1254 1908 171
1270 1835 1405 1906 justitiam
1418 1836 1487 1900 odit,
1502 1835 1650 1890 inbonorat
1663 1833 1857 1906 judicemininus

255 1940 383 1988 naturam
405 1931 576 1996 defectuum,
599 1931 647 2002 qui
659 1931 739 2001 juxta
762 1931 864 2003 gradus
883 1931 1054 2002 progressio-
1103 1946 1167 1988 reus
1181 1938 1224 1988 est
1233 1929 1404 1986 contumacis
1416 1929 1568 2000 pertinacia
1579 1926 1737 1992 voluntatis,
1750 1943 1858 1998 quanes

256 2041 334 2088 num,
345 2025 401 2080 duo
411 2024 577 2095 suscipiunt,
593 2033 623 2079 ut
635 2025 664 2079 in
677 2031 755 2079 reatu
768 2021 905 2089 crescint,
920 2031 951 2078 ut
965 2022 1053 2092 magis
1104 2031 1146 2082 set
1169 2022 1255 2088 facto,
1281 2021 1354 2094 qued
1376 2021 1436 2094 ipsa
1462 2020 1604 2091 proponit,
1630 2017 1745 2082 ordinat,
1766 2017 1858 2082 denen,

256 2119 399 2190 magisque
409 2119 489 2173 noiris
505 2117 635 2174 haereant.
652 2115 816 2174 Undecima
828 2115 1053 2186 primordiapcc-
1103 2124 1235 2190 quantum
1256 2115 1283 2169 in
1296 2130 1326 2171 se
1343 2123 1396 2180 est,
1408 2120 1494 2170 totum
1507 2112 1629 2185 peragit?
1643 2110 1721 2167 iesus
1734 2110 1758 2164 in
1770 2125 1814 2164 unc
1824 2125 1858 2180 pa·

256 2209 322 2272 eati,
343 2207 451 2263 facilius
469 2215 512 2265 est
536 2208 713 2279 resipiscere,
734 2208 783 2264 sed
796 2206 967 2264 consuetudo
979 2206 1052 2286 dum
1102 2207 1206 2273 tefecit,
1221 2207 1288 2280 quid
1302 2207 1336 2264 de
1350 2207 1479 2264 omnibus
1493 2206 1606 2277 intelligi
1621 2204 1696 2267 velit,
1712 2203 1809 2258 dicens:
1821 2202 1858 2268 pri

257 2297 298 2365 dt,
320 2300 459 2356 difiicifius
475 2300 657 2372 resipiscitur.
1104 2299 1196 2362 uiderit
1209 2301 1345 2357 mulierem
1357 2299 1392 2355 ud
1406 2296 1645 2369 concupiscendum
1663 2312 1730 2359 eom,
1750 2293 1859 2348 moduine

550 2391 667 2450 CAPUT
686 2390 766 2447 xbn.
1102 2402 1142 2448 est
1156 2408 1214 2446 eom
1228 2392 1344 2447 incertis
1359 2389 1468 2464 (ffottft.
1483 2407 1511 2456 v,
1523 2389 1580 2462 28).

291 2507 479 2578 Carqaortom
492 2525 544 2564 oon
557 2507 708 2572 mscitaoit,
727 2517 753 2562 et
762 2505 832 2561 ande
843 2507 928 2561 amnis
938 2505 1017 2576 culpo
1137 2482 1196 2540 ΗΝ
1216 2483 1307 2540 θᾶοθῑῑ
1327 2484 1461 2540 mmm
1477 2481 1628 2538 ‘'s‘fflimufl
1640 2477 1778 2551 Wfffl'm
1790 2477 1860 2579 ’Ψ

571 2578 734 2650 judicaturi
1101 2584 1186 2633 tatem
1197 2575 1325 2640 faciendi,
1333 2573 1455 2647 reputari
1466 2588 1517 2645 pro
1526 2569 1753 2644 opere.Seddnm
1761 2567 1860 2622 comma

292 2669 368 2743 (259)
386 2669 521 2737 Quartum
535 2677 676 2726 mortuum
698 2668 834 2725 suscitare
847 2667 982 2722 Dominus
1001 2682 1053 2722 no-
1103 2668 1353 2739 concupiscentem,
1371 2664 1525 2736 affectuque
1544 2665 1573 2719 in
1583 2661 1729 2718 mrecbiam
1739 2673 1820 2731 prono,
1829 2674 1859 2712 ro

255 2760 317 2822 fuit,
332 2761 462 2832 ‹proniam
474 2776 572 2817 servus
585 2766 714 2830 quartum
724 2756 839 2830 gradum
853 2755 985 2830 peccandi
996 2773 1052 2812 non
1102 2758 1203 2816 lentem
1210 2759 1313 2830 obligat
1319 2757 1443 2814 moecbiae
1451 2756 1553 2819 cordis,
1564 2755 1627 2826 quis
1637 2753 1770 2808 decretum
1781 2747 1859 2802 donin

255 2853 385 2909 admittit.
413 2849 551 2906 Nimirum
575 2851 657 2922 culpa
685 2850 776 2908 orariis
800 2845 872 2922 post'
885 2848 1052 2919 baptismum
1102 2857 1295 2923 transgressus
1315 2850 1391 2906 ilium
1412 2848 1546 2920 astringet
1566 2845 1693 2902 mcacbiae
1705 2844 1801 2917 operisl
1813 2845 1860 2902 Nati

254 2945 432 3000 damnatione
452 2942 535 3014 digna
554 2942 716 3013 judicatur,
744 2947 791 2996 aut
818 2955 976 3005 consensu,
1005 2947 1052 2994 aut
1102 2942 1223 3016 perfecta
1242 2943 1369 3000 voluntas
1385 2940 1502 2998 faciendi
1517 2939 1860 3010 reputaturproopere,iico

254 3052 349 3109 opere,
360 3036 525 3093 autdemum
537 3033 747 3091 consuetudine.
768 3032 856 3104 Culpa
871 3033 900 3087 in
913 3047 1051 3088 consensu
1103 3035 1220 3092 fortasse
1230 3034 1303 3107 quod
1318 3050 1365 3090 rea
1379 3041 1422 3091 est
1436 3032 1533 3088 tartari
1545 3031 1616 3088 sicut
1631 3045 1770 3100 opus,non
1782 3037 1860 3086 ianua

255 3129 363 3200 incipit,
386 3127 413 3185 in
425 3143 557 3200 processu
567 3128 643 3185 sires
656 3125 784 3198 acquirit,
796 3125 869 3182 unde
888 3125 917 3180 in
932 3125 1053 3181 testime
1103 3135 1236 3198 quantum
1251 3143 1330 3199 opus.
1345 3125 1417 3183 Vera
1431 3125 1541 3184 Domini
1557 3123 1697 3182 sententia
1709 3130 1758 3188 εει,
1772 3123 1829 3194 quod
1838 3139 1860 3178 ct

255 3222 303 3278 nio
324 3220 434 3278 Domini
454 3241 461 3278 ε
483 3221 537 3288 Qoi
557 3221 684 3276 irascitur
702 3220 783 3290 fratri
794 3235 853 3283 seo,
871 3216 945 3288 quod
958 3226 1001 3273 est
1019 3221 1088 3280 exc
1105 3219 1187 3276 corde
1207 3226 1309 3276 exeunt
1329 3218 1411 3282 furta,
1430 3217 1576 3280 adulteria,
1592 3216 1750 3278 homicidia,
1764 3215 1862 3287 blaspbe-

255 3313 440 3370 commotione
454 3311 534 3366 fratri
552 3312 625 3368 male
641 3311 721 3376 relic,
737 3327 798 3366 rcus
812 3307 985 3380 artimino:
1000 3308 1051 3378 ,qui
1104 3311 1175 3375 mire,
1195 3319 1347 3382 caeteraque
1365 3309 1466 3382 flagitia
1482 3308 1590 3382 (fiatri.
1606 3325 1655 3374 xv,
1670 3308 1724 3380 fii).
1738 3306 1796 3363 liam
1805 3309 1862 3378 justa

254 3414 345 3462 nutem
358 3403 459 3460 dicerit
472 3421 547 3472 roca,
562 3405 636 3474 quod
649 3412 735 3459 estex
752 3402 793 3456 ira
809 3399 889 3455 nraiae
903 3397 1051 3454 uoluntatis
1105 3409 1232 3458 naturam
1255 3402 1415 3468 affectuum,
1437 3402 1557 3473 qualitas
1580 3409 1714 3472 pensatur
1736 3400 1861 3464 actionum

255 3499 390 3556 invocem
401 3496 597 3569 indignationis
608 3509 797 3567 prorumpere,
809 3507 869 3546 reus
880 3491 931 3545 erit
941 3489 1052 3544 coneilio
1104 3492 1204 3564 quippe
1218 3492 1301 3548 bonos
1315 3493 1392 3548 fremo
1407 3495 1439 3548 dc
1453 3493 1519 3546 bono
1535 3493 1660 3548 ticsosro
1674 3491 1861 3562 prefationem

256 3589 367 3658 (iderti.
382 3605 410 3655 a,
424 3589 482 3658 tt),
506 3588 581 3660 quod
605 3595 647 3645 cst
665 3587 777 3660 gravius
798 3583 903 3654 judicio
925 3602 931 3639 :
950 3584 1052 3654 quippe
1106 3585 1178 3641 sicut
1200 3594 1312 3642 econtra
1335 3586 1422 3642 maios
1440 3586 1516 3642 trono
1533 3585 1775 3640 demntotfusaaro
1787 3581 1860 3652 proim

254 3681 388 3750 judicium
401 3690 445 3738 est
459 3695 522 3735 cnm
537 3680 572 3736 ad
591 3695 704 3736 causam
719 3679 850 3751 agendam
865 3676 963 3733 concio
977 3674 1052 3740 coit;
1106 3677 1207 3732 molunt
1226 3677 1334 3750 (flottft.
1348 3693 1399 3743 nn,
1422 3677 1478 3750 ati).
1500 3676 1571 3748 Ergo
1589 3676 1758 3732 extrinsecus
1776 3675 1863 3728 bencrt

258 3772 405 3828 concilium
429 3778 481 3836 etl,
504 3785 567 3825 cum
587 3769 647 3841 itm
671 3769 847 3825 accusatione
869 3766 994 3838 probata,
1019 3763 1054 3820 de
1106 3771 1178 3826 maie
1192 3772 1292 3840 agitur,
1308 3770 1357 3826 sed
1374 3771 1408 3826 dc
1422 3769 1547 3826 interiori
1562 3768 1636 3824 bono
1651 3776 1698 3824 aut
1712 3767 1779 3822 maio
1790 3775 1863 3820 muta

258 3879 340 3936 pccna
353 3863 475 3918 damnati
489 3862 657 3934 disputatur.
682 3861 735 3928 Qui
752 3871 841 3915 notem
862 3859 960 3914 dicerit
981 3857 1055 3928 fatua
1108 3863 1318 3934 utrumquesibi
1332 3865 1455 3920 sortitur.

300 3971 370 4046 biii)
390 3974 516 4045 August,
529 3990 583 4032 ser.
598 3971 779 4031 tiberem.
796 3972 915 4029 iionrini.

869 4297 1018 4376 LIBER
1057 4290 1268 4374 SEXTUS.

958 4477 1157 4495 Μ

520 4584 634 4640 curui
653 4583 800 4640 Piifliiiii.
1067 4585 1091 4646 ι)
1105 4581 1243 4650 imputauit
1261 4577 1391 4632 barrinas
1410 4585 1544 4647 peccatum
1556 4572 1643 4646 (Psoi.
1661 4587 1736 4635 xxxi,
1747 4567 1773 4644 ι’)
1784 4587 1791 4625 :
1804 4565 1856 4624 baie

339 4678 376 4734 fle
390 4677 599 4732 consideratione
612 4686 673 4730 ante
692 4677 897 4744 baptismum,et
907 4684 976 4744 post.
1104 4673 1199 4743 utique
1221 4677 1365 4741 peccatum
1388 4667 1618 4738 concupiscentiae
1636 4673 1666 4720 ct
1690 4675 1816 4722 motuum,
1831 4655 1864 4712 sed

295 4769 369 4843 (tuo)
388 4768 542 4826 Notandum
560 4776 651 4825 autem
670 4768 917 4825 considerationem
936 4769 1049 4822 aiteram
1104 4779 1161 4820 non
1180 4763 1346 4833 imputatur,
1365 4761 1420 4816 nisi
1441 4759 1475 4813 ad
1504 4772 1670 4814 consensum
1691 4769 1772 4825 usquc
1794 4749 1863 4806 deria·

258 4870 287 4918 et
301 4863 415 4918 aiteram
426 4875 489 4916 csse
503 4868 567 4916 ante
577 4861 756 4931 baptismum,
771 4867 799 4915 et
811 4867 884 4929 post.
898 4857 966 4913 Nam
976 4868 1049 4922 ante,
1104 4862 1162 4923 tur;
1187 4855 1275 4910 virtus
1299 4851 1373 4908 eninr
1395 4850 1523 4922 baptismi
1542 4850 1571 4904 id
1588 4847 1682 4911 eflicit,
1696 4856 1725 4902 ut
1738 4840 1863 4914 hujusmodi

259 4955 390 5010 delictum
415 4951 572 5008 damnabile
592 4952 733 5021 judicatur
753 4951 840 5007 fomes
864 4951 922 5022 ipse
944 4949 1051 5023 peccati
1105 4945 1192 5001 solum
1214 4945 1270 5014 jam
1298 4942 1354 4998 sint
1380 4941 1414 4997 ad
1439 4940 1646 5002 infirmitatem,
1668 4937 1792 5009 quoniam
1809 4931 1864 5002 print

259 5061 322 5102 cum
342 5046 402 5104 suia
419 5044 540 5101 sordidis
555 5044 679 5100 fetibus:
703 5045 851 5100 damnatur
862 5043 936 5098 enim
951 5057 1052 5113 parru-
1104 5045 1183 5092 erant
1202 5042 1229 5091 et
1253 5033 1285 5090 ad
1299 5042 1424 5089 mortem.
1449 5031 1507 5087 fiee
1528 5047 1593 5102 erge
1617 5047 1673 5086 non
1695 5023 1865 5100 inputaturus

259 5140 318 5208 las,
344 5139 477 5211 quoniam
500 5139 653 5196 naturalem
676 5139 758 5194 habet
780 5137 1049 5208 concupiscentiam,
1103 5127 1248 5200 baptizatis
1267 5127 1302 5183 ad
1323 5125 1536 5186 damnationem,
1556 5131 1584 5179 ct
1598 5123 1715 5194 imputat
1732 5118 1830 5173 fortasse
1841 5109 1863 5164 td

258 5238 362 5303 quanto
383 5231 471 5304 magis
484 5231 604 5296 aduitus,
619 5230 749 5302 quoniam
762 5240 790 5286 et
799 5228 1051 5300 concupiscentiam
1104 5237 1221 5292 poenam.
1250 5219 1283 5274 Et
1305 5218 1402 5275 merito
1418 5231 1480 5288 quae
1497 5216 1607 5271 nomine
1626 5213 1724 5268 orontis
1737 5215 1863 5266 censentur·

258 5321 341 5378 babet
363 5329 392 5378 et
412 5321 601 5394 concupiscit?
624 5320 715 5389 Quare
731 5329 794 5378 ante
813 5320 952 5391 lavacrum
963 5319 1052 5373 fomes
1104 5329 1184 5385 poena
1206 5310 1389 5370 damnationis
1408 5310 1570 5374 nrnitantur,
1596 5317 1623 5364 ει
1636 5322 1699 5380 quae
1711 5300 1864 5360 nominebu-

258 5412 318 5482 ipse
337 5413 442 5486 peccati
465 5414 626 5485 imputatur,
647 5413 817 5482 imputantur
835 5426 944 5483 quoqne
958 5417 1051 5466 motas
1102 5407 1205 5478 gaoris,
1228 5419 1309 5476 poena
1324 5401 1485 5470 anxietatis;
1502 5401 1574 5458 unde
1590 5399 1737 5472 Apostolus
1750 5399 1864 5467 patitui²1⁸

259 5505 325 5559 mali
346 5521 382 5561 cx
403 5503 496 5562 fomite
521 5504 589 5570 irati,
610 5504 803 5576 quicumsint
820 5502 899 5558 valde
915 5501 1048 5572 valdeque
1101 5499 1140 5554 ait
1156 5497 1262 5554 :Merite
1272 5498 1357 5553 seroie
1374 5495 1425 5568 legi
1449 5494 1506 5559 Dei,
1521 5510 1600 5550 corae
1623 5503 1711 5548 ouum
1732 5487 1778 5560 legi
1790 5485 1865 5553 imi

258 5595 350 5661 nutri,
373 5598 490 5652 muitum
510 5598 682 5668 multumque
699 5595 862 5653 damnandis
882 5602 1045 5651 coacervant
1100 5589 1186 5662 (dom.
1213 5605 1266 5646 an.
1283 5589 1341 5655 atii,
1361 5589 1534 5661 172402
1555 5586 1638 5644 idest
1662 5573 1864 5670 ιτιιιιιιιιιιειὶιῑῑ·Ι

260 5688 423 5743 cruciatum.
439 5687 493 5744 Sed
507 5697 568 5760 post
582 5688 766 5759 baptismum:
783 5687 882 5743 Beatus
892 5687 933 5741 sir
946 5687 988 5739 cai
999 5701 1050 5738 aaa
1103 5697 1171 5754 ago;
1195 5681 1316 5742 subdidit
1334 5702 1339 5737 :
1367 5681 1441 5738 b'ifrii
1461 5697 1528 5737 nuris
1540 5677 1718 5736 damnationis
1732 5669 1863 5734 cambitu

253 5795 268 5863 l.
298 5799 374 5877 (tout
390 5801 478 5874 lug,
497 5802 546 5859 lib.
569 5817 599 5858 u.
616 5802 772 5875 Deprecer.
789 5801 911 5865 meritis,
924 5816 949 5855 c.
963 5799 1000 5866 l,
1018 5808 1043 5855 rt
1055 5799 1129 5856 aiibi.
1433 5847 1438 5858 ,
1454 5853 1460 5866 ,
1478 5854 1529 5896 ,θ’
