3967 6334
252 381 309 442 m
719 369 909 430 zuculnlAE
926 365 1231 426 cuutsol‘ott‘llnt
1250 365 1416 426 unlscoth.
1839 377 1888 435 εεε
1959 415 1960 450 3

252 498 302 556 uis.
317 509 367 548 nou
380 499 470 547 autem
495 487 584 559 ilopri
604 484 729 554 discipuli
746 500 850 539 mutua.
870 480 928 538 Nos
946 483 1046 538 scimus
1061 478 1230 544 APharisaei
1243 495 1277 536 er
1292 479 1335 536 his
1352 480 1444 538 uerbis
1457 482 1597 550 commoti,
1613 492 1640 539 et
1658 486 1704 556 qui
1722 485 1810 542 eidem
1830 497 1892 546 σεε
1959 455 1960 534 ι

251 588 316 659 quio
329 584 418 655 llopsi
432 583 536 637 loeutus
550 586 591 633 eat
604 577 676 632 licus
688 591 697 629 .·
711 575 781 630 huuc
805 584 894 630 nutem
917 574 1048 629 nescimus
1099 571 1176 640 fiunt,
1189 587 1219 628 se
1232 570 1325 627 videre
1339 578 1447 642 putant,
1462 570 1706 644 sedexperimeuto
1721 589 1819 646 ptum,
1840 593 1877 634 ca

251 677 377 733 „aegre
1098 678 1147 720 cos
1161 679 1192 720 se
1203 678 1265 720 esse
1279 663 1406 720 sentient.
1418 663 1451 720 Et
1462 664 1515 719 hoc
1527 672 1571 720 εει
1580 665 1724 736 judicium,
1737 667 1766 722 id
1785 675 1829 724 εει
1852 671 1888 726 ιιι-

288 755 1048 840 soperlmdtxeram,tuacscimuuntestunicaicunt
1098 755 1277 826 scretio,quae
1286 753 1536 811 discernitcausam
1545 757 1715 814 credentium
1728 761 1886 830 asuperhiu

251 860 414 918 senescire.
427 855 483 913 Sed
496 854 604 911 nescire
617 867 669 909 nos
681 851 800 907 dicimus
816 865 878 920 quae
888 848 1045 920 abjicimus.
1097 844 1236 902 iudicium
1248 845 1322 902 enim
1333 845 1520 902 damnationis
1532 863 1588 903 uon
1611 849 1703 914 modo,
1722 850 1771 906 sed
1794 851 1823 906 iu
1841 852 1888 914 ιε,

250 951 346 1024 ltaque
357 948 509 1007 secuudum
522 961 572 1002 cor
586 959 683 1001 eorum
696 940 853 997 maledictio
866 947 909 996 εει
923 939 1048 1011 quoddl-
1098 937 1154 994 liet.
1169 937 1248 994 Unde
1266 937 1399 996 Dominus
1408 937 1493 994 alibi:
1510 937 1566 1010 Epo
1578 955 1631 994 nou
1633 938 1728 1011 judico
1735 957 1889 1014 εεεειειεε

250 1052 338 1102 cunt:
356 1054 384 1097 tu
394 1039 542 1112 disciputus
556 1038 614 1107 eiua
624 1036 673 1101 tir,
685 1033 733 1090 sed
744 1033 816 1104 quod
832 1031 934 1088 dicitur
944 1038 987 1088 est
997 1045 1047 1101 op·
1098 1027 1189 1104 (doun.
1204 1030 1277 1104 utu).

250 1135 335 1191 tahile
349 1134 489 1197 omnihus,
501 1136 532 1186 ut
546 1127 675 1199 discipuli
686 1125 789 1182 Christi
802 1125 869 1182 sint.
1132 1121 1169 1176 Et
1182 1121 1326 1178 audieruut
1336 1137 1370 1178 εε
1387 1122 1534 1180 Pharoou
1547 1124 1593 1196 qui
1608 1140 1668 1179 cum
1677 1125 1735 1198 ipso
1759 1135 1849 1192 eruut,
1865 1139 1888 1182 ιι

285 1225 430 1298 Respondit
443 1225 490 1280 itte
503 1222 581 1278 homo
593 1229 620 1275 et
637 1218 707 1272 dimit
721 1218 780 1272 eis:
797 1215 831 1271 lu
841 1215 890 1271 doc
902 1213 973 1271 enim
997 1215 1046 1269 ati·
1095 1213 1220 1269 dixerunt
1233 1215 1277 1269 ei:
1289 1213 1511 1287 Nuuquidetnor
1529 1215 1593 1272 caeei
1614 1220 1729 1274 sumus?
1752 1216 1832 1272 Dixit
1854 1221 1887 1274 cis

249 1321 335 1377 rutile
357 1329 407 1388 eut,
418 1319 481 1390 quio
495 1332 540 1371 uos
551 1313 658 1369 nescitis
668 1307 736 1364 uude
750 1309 796 1374 uit,
807 1317 833 1362 et
844 1307 1044 1377 aperuitocutot
1095 1304 1236 1364 JesuustSi
1250 1307 1314 1364 ceci
1323 1309 1427 1376 essetis,
1442 1325 1496 1364 non
1509 1307 1641 1364 traderetis
1650 1319 1801 1382 peccatum.
1815 1309 1888 1366 h'urc

249 1409 551 1468 mansuetudinem
565 1403 630 1475 quia
643 1406 794 1470 peccatores
804 1397 877 1452 Deua
891 1395 1044 1452 nouandit.
1095 1415 1154 1454 uero
1167 1399 1330 1472 dicitisquio
1343 1399 1473 1466 uidemus,
1488 1407 1624 1470 peecatum
1647 1409 1764 1456 nestrum
1793 1413 1885 1458 nmuet.

249 1501 302 1558 Sed
314 1501 406 1572 siquis
420 1498 470 1552 liei
483 1495 570 1550 cultor
579 1502 630 1560 eat,
651 1500 679 1547 et
701 1491 865 1546 uoluntatem
889 1489 948 1560 eiua
964 1489 1042 1559 fucit,
1130 1489 1353 1557 Sicoeciessetis,
1369 1490 1454 1548 idest
1477 1492 1502 1548 si
1524 1507 1575 1548 ros
1592 1507 1679 1548 caecos
1698 1492 1886 1558 adverteretis,

247 1590 316 1644 tuuc
329 1585 449 1644 exaudit.
1094 1590 1123 1640 ct
1134 1584 1167 1644 ad
1182 1584 1318 1640 medicum
1329 1585 1490 1650 curreretis,
1505 1601 1556 1640 uon
1578 1582 1711 1641 taonem
1735 1595 1886 1656 peccatum

280 1678 378 1734 Adhuc
387 1678 518 1732 inunctus
529 1673 661 1745 loquitur,
676 1678 782 1728 namet
796 1679 957 1742 peccatores
967 1669 1045 1727 audit
1094 1675 1159 1746 quin
1173 1676 1301 1748 agoreni
1315 1675 1424 1732 auterre
1438 1683 1593 1748 peccatum.
1609 1676 1663 1733 Sed
1681 1679 1731 1750 qui
1745 1693 1778 1736 se
1796 1686 1887 1750 putant

247 1771 330 1828 ιιεεε.
346 1769 462 1827 sienim
472 1783 529 1824 non
544 1766 660 1831 audiret,
675 1764 777 1821 trustra
791 1764 955 1834 publicanus
978 1779 1043 1834 pec·
1094 1766 1197 1835 videre,
1212 1776 1238 1824 et
1249 1783 1306 1824 nou
1320 1775 1448 1840 quaerunt
1461 1768 1608 1834 medicum,
1619 1769 1647 1826 in
1657 1777 1774 1842 peccato
1783 1785 1888 1842 puna·

246 1872 292 1920 tus
310 1862 487 1935 percutiendo
500 1859 620 1916 diceret:
634 1858 756 1922 Borrine,
767 1858 896 1928 propitius
906 1866 963 1912 esto
978 1855 1042 1911 ntihi
1058 1857 1169 1924 Bnent,
1181 1867 1209 1914 ει
1223 1858 1276 1914 hoo
1289 1868 1332 1916 est
1351 1858 1507 1931 qui-uident,
1523 1860 1586 1916 cuci
1595 1860 1672 1931 finnt.

245 1956 377 2028 peccatori
393 1953 470 2026 (Luc.
481 1953 571 2026 xviri).
586 1949 730 2025 [Adonem]
754 1949 845 2006 Nolite
866 1965 918 2020 pro
941 1963 1042 2020 magno
1120 1949 1227 2015 Amen,
1239 1966 1332 2016 uuteu,
1347 1949 1501 2015 dicooodiu,
1516 1951 1562 2022 qui
1574 1968 1628 2006 non
1641 1952 1783 2022 iutrutper
1793 1951 1887 2005 ostium

246 2050 348 2104 hahere
362 2047 397 2102 ad
412 2047 579 2103 voluntatem
593 2041 748 2100 exauditio
764 2041 831 2098 Deo.
851 2039 894 2094 Ad
916 2039 1042 2096 rohmta-
1091 2041 1119 2095 in
1138 2040 1204 2096 ouite
1219 2040 1305 2095 onium
1317 2040 1362 2097 red
1377 2041 1498 2098 ascendit
1517 2041 1635 2110 aliunde,
1660 2042 1706 2098 itte
1727 2042 1773 2113 [ur
1805 2051 1846 2098 ert
1863 2051 1887 2098 et

244 2147 301 2195 tem
314 2139 453 2194 daemones
467 2133 590 2192 exauditi
605 2141 681 2199 sunt,
696 2130 827 2203 permissi
839 2130 881 2186 ire
898 2129 928 2184 in
940 2144 1041 2201 porcos
1092 2132 1173 2190 iutro.

244 2231 343 2305 (ιιεεε.
354 2229 394 2302 u).
404 2227 447 2283 Ad
459 2228 629 2282 voluntatem
640 2225 770 2297 princeps
789 2238 886 2279 eorum
900 2221 1039 2288 diabolus,
1126 2223 1196 2293 Quia
1211 2223 1342 2282 Pharisaei
1354 2223 1535 2298 jactabantse
1554 2224 1656 2292 uidere,
1678 2215 1755 2298 quod
1776 2225 1884 2297 quidcu

243 2338 327 2395 aquo
336 2321 438 2393 petitus
447 2318 500 2376 Joh
513 2317 627 2384 tentari,
646 2323 758 2372 nonest
780 2321 897 2387 negatus
916 2312 988 2387 (iot.
1007 2314 1039 2388 r),
1090 2324 1214 2389 possent,
1230 2317 1255 2374 si
1265 2332 1331 2374 ores
1344 2317 1446 2374 Christi
1456 2323 1560 2383 essent,
1576 2315 1709 2372 ιιεειιεεε
1730 2325 1885 2372 contraeo-

242 2424 274 2471 ut
286 2422 360 2471 esset
377 2412 422 2467 hio
434 2411 577 2482 prohatus,
593 2407 790 2465 illceonlusus.
802 2405 957 2479 Aliquando
968 2405 1040 2464 Deus
1090 2425 1151 2466 rum
1166 2409 1351 2482 arrogantiam
1366 2408 1510 2482 proposuit
1523 2409 1594 2464 hanc
1605 2406 1828 2465 similitudinem.
1839 2405 1885 2464 Oa-

242 2505 323 2578 quasi
344 2506 431 2560 iratus
440 2502 487 2559 dat
496 2501 569 2573 quod
580 2499 660 2570 petis,
673 2506 702 2556 et
716 2499 853 2571 propitius
869 2505 952 2570 negat
965 2499 1040 2570 quod
1089 2502 1176 2559 tendit
1187 2502 1280 2574 itaque
1292 2503 1358 2574 quia
1371 2517 1423 2558 uec
1439 2501 1585 2574 sapientia,
1600 2515 1652 2558 nec
1673 2501 1835 2558 observatio
1848 2501 1880 2558 lo·

242 2595 555 2669 petis.Quandohonum
563 2590 1040 2664 petitis,incumbiteorationihusut
1089 2595 1142 2666 pis,
1156 2610 1207 2651 neo
1219 2596 1292 2651 bona
1306 2596 1364 2650 vita
1377 2596 1526 2666 quidquam
1548 2592 1630 2661 valet,
1655 2593 1711 2650 nisi
1735 2609 1788 2666 per
1815 2609 1882 2650 eum.

243 2690 370 2748 sumatis.
387 2686 458 2756 Quid
474 2685 562 2757 prosit
581 2692 609 2741 ει
632 2681 699 2755 quid
714 2698 783 2749 uon,
803 2682 928 2738 medicus
949 2683 1036 2738 norit.
1091 2685 1884 2758 SiueeuimJudaeusetiamPharisaeus,sivegentilisetiam

278 2778 302 2835 A
317 2777 415 2835 seculo
426 2793 478 2832 nou
489 2784 529 2830 eat
544 2772 667 2829 auditum
680 2772 743 2843 otia
756 2771 815 2842 otis
827 2771 932 2841 operuit
945 2771 1038 2826 oculor
1089 2779 1280 2851 philosophus,
1295 2779 1393 2836 doceat
1407 2778 1476 2834 hene
1486 2777 1590 2845 viuere,
1603 2778 1647 2834 uel
1669 2777 1822 2834 haereticus
1836 2777 1884 2832 suh

241 2871 305 2926 coect'
315 2869 383 2925 nati.
399 2865 543 2922 Νἱιίιιεει
561 2864 603 2919 llic
626 2879 643 2917 u
665 2861 721 2917 Ded
745 2879 798 2918 lton
820 2869 925 2932 poterat
950 2862 1039 2933 sacerd
1088 2872 1200 2928 nomine
1216 2869 1332 2937 Christi,
1359 2885 1410 2928 nee
1426 2877 1519 2927 tamen
1541 2869 1570 2925 in
1585 2865 1698 2928 Christo
1716 2864 1881 2942 pumicatis,

239 2963 397 3038 quidquam.
1088 2979 1184 3020 omues
1196 2963 1255 3019 sine
1267 2977 1301 3019 co
1310 2963 1420 3034 rapiunt
1433 2969 1461 3018 et
1474 2960 1615 3019 occidunt.
1630 2961 1710 3019 Oulle
1729 2970 1775 3020 est
1791 2961 1882 3018 Eccle-

278 3053 423 3132 [Aucusr.]
436 3051 535 3124 Spreta
544 3061 641 3106 eorum
653 3047 705 3113 ira,
715 3046 802 3104 libere
815 3048 957 3105 veritatem
969 3065 1037 3107 con·
1087 3055 1139 3112 sia.
1150 3053 1182 3110 ln
1196 3069 1279 3127 quam
1290 3057 1448 3126 quicunque
1460 3055 1518 3110 uult
1527 3054 1641 3120 intrare,
1667 3071 1718 3127 per
1741 3054 1881 3112 Christum

241 3150 342 3206 litetur.
356 3145 416 3202 lioc
433 3144 507 3201 enim
517 3137 790 3205 nonnisiallomiuo,
801 3140 1035 3214 necadiscipulis
1087 3147 1181 3214 intret,
1192 3146 1296 3203 Christi
1307 3146 1421 3219 gloriam
1434 3161 1569 3218 quaerens,
1585 3161 1642 3202 non
1652 3161 1743 3203 snam.
1767 3144 1881 3204 llumiliu

240 3243 327 3306 ltere,
338 3239 392 3296 nisi
406 3237 480 3294 Deus
489 3235 518 3291 in
527 3234 579 3290 eis.
1048 3209 1069 3266 C
1084 3241 1169 3312 ianua
1183 3239 1313 3298 Christus
1327 3247 1380 3297 εει.
1397 3238 1470 3313 Ergo
1480 3239 1528 3310 qui
1540 3239 1636 3305 intrat,
1650 3254 1681 3296 se
1695 3237 1836 3304 humiliet,
1850 3255 1881 3296 ne

274 3331 473 3404 Respoadmut
486 3323 707 3383 etdiaeruntei:
722 3321 756 3378 lu
769 3324 884 3393 peccatis
906 3333 986 3380 uatus
1006 3343 1034 3386 es
1086 3332 1240 3392 ascendens
1273 3349 1323 3405 per
1346 3333 1506 3398 maceriam,
1530 3331 1596 3388 dum
1618 3331 1767 3397 exaltatur,
1791 3332 1879 3390 cadat.

239 3435 321 3492 totus,
338 3432 364 3480 ει
378 3433 407 3478 tu
416 3421 494 3477 docet
509 3420 578 3474 nost
594 3414 630 3470 Et
644 3415 843 3485 ejeceruuteum
857 3415 944 3485 torua.
1085 3422 1203 3480 Aliunde
1218 3423 1312 3494 utique
1322 3421 1457 3488 ascendit,
1483 3421 1531 3492 qui
1555 3436 1667 3494 quoquo
1685 3421 1771 3478 modo
1784 3430 1880 3495 preter

273 3514 567 3588 Οιθᾱι-ῙιῑιιίὃὍιιιΙὶθ
581 3515 728 3574 natusest,
746 3509 1035 3582 dicantessepropcc-
1085 3515 1225 3573 Christum
1237 3515 1333 3581 intrat,
1344 3515 1387 3571 vel
1401 3529 1457 3572 non
1471 3514 1549 3571 deco
1568 3514 1638 3571 hene
1659 3513 1819 3580 sentiendo,
1841 3515 1880 3570 sel

237 3621 300 3670 cato
312 3617 466 3683 parentum.
481 3606 536 3662 Sed
546 3603 675 3661 Christus
689 3609 776 3657 totum
787 3611 867 3657 sanat
880 3608 1032 3657 extraocu·
1085 3606 1216 3678 nunejus
1232 3606 1358 3678 gloriam,
1371 3604 1419 3661 sed
1428 3619 1507 3662 suam
1521 3603 1679 3676 quaerendo.
1690 3603 1748 3662 Fur
1757 3615 1878 3680 ergoest.

237 3709 291 3772 los,
305 3711 334 3760 et
348 3704 424 3758 intus
434 3715 483 3756 cor
497 3697 594 3769 aperit.
606 3693 703 3750 Toties
717 3693 952 3764 interrogandum
963 3694 1035 3751 dice·
1085 3700 1151 3771 quia
1163 3700 1234 3754 male
1245 3699 1340 3764 intrat,
1352 3706 1380 3754 et
1393 3697 1468 3768 quod
1484 3695 1606 3754 alienum
1624 3705 1678 3764 est,
1698 3713 1782 3755 suum
1804 3700 1877 3762 diclt,

236 3805 288 3863 rel,
300 3795 463 3866 Μιῑιῑιιιιῐι
473 3790 605 3852 feceram,
614 3800 696 3857 quem
709 3783 959 3856 Ῑῦιιθῑῑῧθθθῦῑθιιι
969 3802 1035 3857 plo·
1084 3792 1112 3848 id
1126 3799 1179 3858 est,
1192 3807 1258 3848 oves
1271 3789 1320 3846 Dei
1333 3805 1398 3846 suas
1413 3788 1489 3846 lacit.
1500 3787 1585 3846 Latro
1597 3796 1651 3855 est,
1662 3788 1728 3860 quia
1751 3791 1826 3862 qnod
1839 3791 1878 3846 lu·

235 3887 379 3959 iecerum3
391 3884 439 3942 sed
453 3883 519 3955 quia
531 3879 663 3952 expulsus
686 3884 740 3943 est,
767 3875 855 3949 magis
878 3877 968 3934 lactus
989 3884 1034 3935 est
1083 3891 1215 3940 natusest
1228 3882 1339 3952 occidit,
1357 3880 1422 3937 dum
1440 3882 1514 3939 malo
1535 3883 1661 3955 exemplo
1680 3897 1729 3940 seu
1752 3899 1878 3954 pervorse

235 3978 423 4037 Christianus.
1082 3973 1207 4032 docendo
1218 3989 1284 4030 oves
1295 3972 1457 4044 cormmpit.

497 4063 614 4122 CAPUT
633 4061 779 4120 cxxxiii.
1118 4067 1171 4135 Qui
1181 4075 1269 4122 uuum
1277 4067 1361 4121 intrat
1370 4081 1418 4137 per
1428 4066 1536 4132 ortium,
1547 4075 1640 4136 partor
1650 4065 1800 4124 eutonium.
1811 4067 1876 4124 Huic

270 4159 381 4216 Audiuit
388 4158 468 4215 tem
482 4159 546 4229 quia
558 4168 691 4228 ejecerunt
703 4171 764 4210 eum
777 4154 864 4225 torua,
876 4163 901 4210 ει
916 4171 976 4210 cum
986 4156 1030 4210 iu-
1082 4161 1209 4217 oatiurius
1227 4161 1322 4230 operit,
1331 4167 1357 4214 et
1369 4176 1426 4216 ouer
1437 4175 1525 4214 uocem
1538 4158 1596 4230 ejus
1607 4159 1732 4218 uudiuut.

234 4254 347 4310 uuum
356 4267 417 4306 ettm
425 4250 495 4305 dixit
507 4249 552 4306 eit
566 4249 606 4304 Tu
620 4249 706 4302 credit
722 4253 750 4301 tu
762 4244 866 4300 Filium
881 4244 951 4302 Dei?
965 4244 1031 4300 Rea·
1117 4253 1146 4309 Ιῃ
1159 4267 1322 4325 quocunque
1333 4257 1412 4309 sonet
1428 4266 1482 4308 vox
1491 4251 1567 4308 verbi
1577 4251 1636 4318 Dei,
1647 4251 1874 4324 ppaedqstinqtiad

231 4345 328 4417 pendit
341 4343 387 4400 itte
395 4351 421 4399 et
430 4343 523 4396 dixit:
538 4341 606 4410 Qttt't
616 4350 667 4407 ert,
683 4339 807 4407 licuitne,
821 4349 852 4393 ut
874 4337 981 4393 credam
1002 4338 1031 4392 l'tt
1081 4345 1166 4402 uitam
1181 4343 1296 4401 audiunt
1310 4343 1473 4399 obediendo.
1498 4341 1532 4397 Et
1554 4342 1706 4400 notandum
1724 4345 1802 4416 quod
1821 4361 1873 4400 nou

234 4440 318 4494 euml
1080 4438 1170 4494 omnis
1182 4437 1229 4509 qui
1240 4435 1324 4492 intrat
1336 4451 1386 4507 per
1400 4435 1512 4501 ostium,
1529 4444 1624 4506 pastor
1630 4445 1690 4506 est;
1702 4438 1770 4508 quia
1778 4445 1872 4494 ειεεεε

267 4529 318 4586 ιιιε
328 4529 420 4586 rerhis
429 4528 550 4584 ostendit
561 4527 651 4582 adhuc
662 4527 803 4591 inunctus,
814 4541 844 4582 se
855 4524 913 4596 jam
923 4525 1027 4582 dudum
1043 4556 1066 4611 D
1079 4531 1193 4587 intrant.
1208 4513 1406 4585 Verumtamen
1414 4527 1507 4584 unitas
1521 4528 1711 4586 universitatis
1735 4527 1870 4594 Εεειεειε,

232 4635 283 4678 eor
295 4619 330 4675 td
349 4619 516 4675 cludendum
535 4628 662 4691 parmam
681 4619 821 4684 habuisse,
836 4617 885 4674 sed
900 4617 929 4673 in
942 4633 1025 4690 (luem
1076 4623 1195 4682 rcrhoet
1208 4617 1333 4690 exemplo
1346 4617 1470 4690 quotidie
1483 4619 1582 4689 pascit.
1595 4617 1786 4677 Ostiariusest
1797 4621 1871 4678 Chri-

232 4711 453 4769 crederedeheat
464 4712 615 4783 ignorasse.
1075 4726 1145 4782 stus,
1162 4713 1209 4784 εει
1222 4711 1343 4784 seipsum
1359 4711 1458 4783 aperit,
1475 4713 1517 4768 vel
1538 4710 1692 4783 Scriptura,
1719 4729 1783 4785 quae
1801 4714 1871 4770 ducit

240 4835 245 4844 ’
270 4803 306 4859 El
320 4804 422 4858 dtdffltl'
432 4801 512 4858 lem
524 4819 533 4856 ·'
545 4802 581 4858 Ει
595 4804 764 4868 uidistieunt,
787 4811 814 4858 01
837 4803 882 4874 qui
907 4800 1025 4872 Ῑθιῑιῑῐῑιι
1075 4811 1110 4866 ad
1127 4807 1280 4871 Christum,
1292 4805 1336 4860 uel
1345 4802 1466 4875 Spiritus
1477 4811 1600 4870 sanctus,
1615 4805 1665 4875 qui
1673 4803 1757 4863 docet
1766 4821 1869 4863 omnem

232 4909 328 4964 ιεειεε,
339 4900 395 4968 ipae
404 4905 454 4952 est.
468 4898 503 4951 At
515 4897 561 4955 ihu
574 4899 613 4952 uit
624 4911 633 4951 .·
643 4896 740 4962 Credo,
753 4895 877 4952 domiue.
886 4893 923 4948 lit
935 4895 1025 4963 proci·
1075 4899 1230 4959 veritatem.

231 4995 306 5054 dem,
322 4991 444 5044 adorauit
456 5005 526 5044 eum.
1110 4991 1145 5046 Et
1157 4988 1278 5060 proprius
1293 5002 1351 5042 oues
1363 4994 1438 5040 uocat
1449 4984 1617 5050 uonuiuutim,
1632 4993 1657 5042 et
1667 4984 1760 5041 educit
1769 5003 1824 5042 eoa.
1835 4985 1869 5040 Ει

266 5084 328 5140 iam
337 5082 471 5138 llominus
494 5083 568 5138 lauat
593 5082 707 5138 inuncto
730 5080 829 5137 laciem
842 5079 1023 5150 cordis,jam
1074 5076 1471 5152 cumpropriusoueremiserit,
1487 5085 1549 5132 onte
1563 5076 1704 5145 euruodit,
1724 5085 1750 5133 et
1771 5095 1826 5134 ones
1837 5079 1868 5130 il·

189 5169 194 5176 ’
231 5177 333 5232 nientis
345 5176 441 5232 oculos
454 5174 602 5239 illuminat,
618 5181 646 5230 et
662 5174 708 5229 ille
727 5172 875 5228 couhtetur
889 5185 946 5227 non
959 5178 1023 5226 tan·
1075 5175 1129 5230 tum
1139 5181 1292 5245 sequuntur,
1307 5171 1466 5242 quinceium
1480 5167 1647 5238 uocemejus.

230 5276 290 5323 tum
303 5267 390 5323 tilium
402 5265 534 5332 hominis,
546 5266 595 5322 sed
607 5264 691 5321 etiam
704 5263 763 5322 Dei.
1110 5263 1182 5323 Oves
1202 5270 1283 5320 vocat
1305 5261 1478 5326 nominatim,
1500 5261 1549 5333 qui
1573 5261 1613 5316 ait
1630 5261 1776 5334 discipulis
1793 5262 1864 5324 suis:

266 5359 303 5414 Et
315 5358 386 5414 dixit
397 5360 423 5415 ei
434 5357 534 5415 tuus:
550 5356 584 5413 ln
593 5355 727 5428 judicium
745 5370 793 5426 epo
811 5355 841 5409 iu
853 5353 923 5409 huuc
945 5369 1023 5407 mun·
1075 5357 1192 5414 Gaudete
1203 5356 1267 5427 quio
1277 5355 1387 5410 uomina
1397 5363 1484 5409 uestro
1496 5359 1597 5422 scriptu
1608 5363 1671 5408 auru
1679 5355 1708 5408 iu
1719 5353 1783 5410 cela
1791 5353 1862 5426 (tu.

230 5449 295 5506 dum
308 5446 784 5522 ueni,utquinouuideut,uideuut,·
810 5453 836 5501 el
852 5445 900 5516 qui
923 5444 1021 5510 uident,
1073 5448 1863 5523 11).Undealihi:Nouitliominuaquiauntep'us[Illius.

230 5544 293 5598 ceci
306 5544 385 5612 fiunt.
1075 5539 1117 5612 n).
1131 5537 1229 5594 Educit
1242 5554 1290 5594 eas
1303 5538 1368 5594 hino
1377 5538 1413 5594 ad
1430 5537 1513 5594 vitam
1535 5544 1679 5603 eternam,
1694 5539 1795 5594 emittit
1807 5553 1861 5602 eas,

264 5631 431 5689 0Dominet
446 5633 539 5688 lumen
551 5648 592 5698 es,
603 5631 664 5688 dies
677 5645 719 5696 es,
736 5638 764 5686 ct
779 5629 841 5686 ideo
854 5627 889 5685 de
901 5627 1022 5684 tenebris
1074 5632 1241 5688 absolvendo
1256 5646 1271 5687 a
1286 5631 1404 5688 uinculis
1414 5619 1600 5702 pcccatorum,
1621 5637 1648 5687 et
1662 5631 1793 5701 precedit
1806 5645 1860 5694 eas.

228 5725 329 5783 liberas
340 5724 468 5788 humiles,
482 5725 529 5796 qui
540 5741 571 5780 se
583 5739 639 5779 uon
650 5723 859 5792 ulderepntaut,
885 5727 914 5776 et
931 5735 980 5790 per
996 5727 1023 5776 te
1075 5738 1190 5795 surgens
1205 5738 1221 5776 a
1237 5722 1364 5779 mortuis.
1379 5721 1483 5778 Aliter:
1494 5721 1594 5778 Educit
1612 5737 1678 5778 oues
1696 5723 1732 5779 de
1746 5721 1860 5778 tenebris

227 5825 355 5892 quaemnt
369 5817 532 5875 arrideant.
550 5817 666 5889 Superbi
680 5833 746 5872 uero
759 5816 898 5886 sapientes
911 5814 976 5874 sihi.
991 5822 1023 5867 ut
1076 5815 1110 5870 ad
1125 5816 1212 5870 lucem
1228 5813 1370 5879 doctrinae,
1386 5819 1414 5874 ct
1423 5820 1486 5868 ante
1496 5827 1543 5868 eas
1555 5814 1596 5868 sic
1610 5811 1727 5884 emissas
1738 5813 1815 5886 quasi
1826 5813 1860 5868 du
