3967 6334
280 360 333 422 tlt
770 357 921 418 boecurt
939 357 1042 417 ebuli
1062 356 1092 415 S.
1112 357 1146 414 lt.
1165 355 1196 414 Ε,
1217 352 1424 416 caltuluahls
1857 351 1904 412 lto

278 486 310 534 ut
332 473 583 540 circumcisionem,
603 481 635 531 ut
658 480 755 532 contra
779 482 890 531 exteros
914 474 996 532 bella.
1021 473 1070 531 lllo
1083 477 1107 534 A
1121 481 1174 528 tum
1195 471 1299 543 potabis
1317 487 1361 527 cor
1384 467 1472 544 (Prot.
1496 482 1579 534 xxxv,
1594 464 1633 539 9).
1655 463 1763 538 Quippe
1780 461 1814 520 ad
1828 462 1906 522 mum

277 567 336 642 jugi
356 566 485 624 condictu
503 574 598 622 nostra
618 564 779 639 designatur
793 565 853 622 sine
868 565 1072 622 intermissione
1121 567 1257 639 Propheta
1279 579 1434 623 sermonem
1462 560 1566 632 dirigit,
1588 558 1755 631 Plerumque
1774 557 1908 618 minantur

278 661 352 717 lucta
366 667 464 721 contra
479 659 633 731 spiritualia
643 660 772 731 nequitiae
787 666 815 715 et
827 660 894 716 vitia
907 679 914 715 :
929 659 977 731 qui
989 659 1071 716 modo
1121 661 1291 733 gehennam
1314 665 1345 714 ut
1362 676 1368 712 :
1386 654 1461 713 Sicut
1482 669 1540 709 ores
1565 652 1593 706 irr
1614 651 1717 722 injcrrw
1738 651 1820 720 positi
1835 663 1907 714 sart:

279 755 397 810 victores
411 768 525 818 surmus,
540 753 607 808 dum
620 752 769 809 virtutibus
783 754 881 808 amnati
896 750 1001 808 lautore
1016 751 1072 808 beo
1122 769 1192 808 mors
1207 751 1327 823 deposcet
1341 765 1385 805 eos
1396 745 1485 820 (Psoi.
1498 759 1596 810 xxvnr,
1612 743 1666 814 lt).
1685 742 1853 799 Christianis
1865 758 1909 798 au-

278 853 376 903 oontra
393 854 583 918 oppugnantes
605 852 707 901 terram
729 843 966 914 repromissionis,
981 843 1073 916 regio-
1121 853 1176 903 tem
1190 861 1246 900 non
1268 844 1340 899 bona
1364 840 1412 898 sed
1434 839 1506 896 mala
1529 838 1727 910 promittuntur
1750 835 1833 892 modo
1852 852 1908 892 cum

278 951 341 991 uem
352 935 458 991 scilicet
472 935 609 1002 virorum,
620 934 679 990 veri
691 932 778 990 ludaei
789 932 869 992 nobis
879 931 1069 990 defendimus:
1121 937 1203 994 bonis
1216 936 1328 1002 lutaris,
1343 934 1451 990 dicente
1471 929 1607 986 Domino:
1632 927 1663 984 Si
1675 929 1735 1000 quis
1757 926 1814 983 rrrlt
1831 929 1908 984 perire

277 1027 361 1086 modo
376 1034 469 1083 autem
481 1027 548 1083 victi
564 1041 626 1083 cum
646 1025 718 1081 irato
738 1032 850 1097 propter
863 1025 930 1081 vitia
943 1024 1009 1091 Deo,
1024 1033 1073 1081 aut
1121 1035 1181 1098 post
1194 1041 1244 1092 me,
1260 1023 1367 1096 abneget
1386 1022 1552 1092 semtipsum
1574 1029 1600 1076 et
1620 1019 1697 1075 tollat
1714 1035 1820 1074 murra
1838 1035 1908 1074 m

278 1120 427 1176 tentationi
442 1118 670 1184 succumbimus,
697 1125 744 1174 aut
768 1119 849 1190 quasi
863 1118 1019 1190 agentibus
1043 1118 1071 1175 iu
1123 1117 1231 1193 (ιιαιιιι.
1247 1131 1304 1182 xvr,
1318 1113 1376 1188 ιι),
1387 1129 1452 1170 ecce
1465 1112 1537 1168 mala
1551 1111 1634 1182 hujus
1648 1109 1763 1166 seculi:
1789 1107 1839 1164 t'lr·
1856 1125 1908 1164 ιιι

278 1213 417 1279 exsilium,
444 1227 460 1267 a
486 1211 657 1268 daemonibus
681 1211 852 1283 captivamur
868 1210 897 1266 in
920 1209 1069 1267 internum.
1122 1226 1178 1282 ego,
1193 1207 1250 1264 illic
1262 1216 1288 1264 et
1299 1206 1419 1261 minister
1433 1219 1505 1260 meur
1524 1204 1575 1258 erit
1596 1199 1687 1276 (ioan.
1703 1199 1909 1272 xrr‚to);ecoe

278 1302 461 1359 circumcisio
468 1303 546 1373 107
552 1302 645 1372 januae
654 1316 709 1373 qua
718 1299 1022 1373 corruptaepropagatio
1029 1315 1073 1372 ge·
1122 1303 1194 1360 bona
1213 1301 1309 1358 luturi.
1328 1297 1402 1354 Dura
1423 1295 1524 1369 quippe
1543 1293 1700 1366 irrogantur
1713 1290 1861 1364 perlectis,
1879 1309 1910 1350 ne

278 1396 430 1453 ueratioais
454 1394 588 1466 procedit,
601 1403 699 1451 octavo
712 1394 756 1450 die
766 1394 918 1460 celebrata,
933 1393 962 1449 in
974 1399 1072 1450 octava
1122 1393 1194 1465 capti
1209 1391 1330 1456 caducis,
1346 1390 1438 1445 minus
1454 1393 1556 1442 aeterna
1572 1390 1710 1458 appetant.
1723 1381 1909 1439 incommodo-

278 1488 434 1544 communis
445 1487 658 1544 resurrectionis
679 1486 931 1544 circumcidendam
948 1504 1073 1559 prcenun·
1122 1499 1184 1540 rum
1193 1498 1258 1554 ergo
1269 1481 1360 1537 minas
1373 1477 1549 1551 praesentium
1563 1473 1778 1546 parvipendunt.
1789 1470 1867 1530 Unde
1878 1473 1910 1529 ti·

276 1581 328 1636 tiat
341 1595 451 1638 omnem
460 1580 555 1652 primae
566 1580 719 1636 nativitatis
732 1579 933 1651 contagionem.
944 1578 975 1634 ln
985 1580 1073 1637 sacri·
1121 1591 1198 1633 more
1214 1574 1353 1647 gehennae,
1370 1569 1418 1628 scd
1432 1569 1519 1642 magis
1536 1565 1646 1624 oliensae
1658 1565 1834 1636 quatiuntur.

278 1671 350 1729 ficiis
363 1673 445 1730 modo
461 1675 554 1745 passio
575 1673 665 1730 nostri
686 1670 878 1742 Redemptoris
901 1670 1071 1743 designatur,
1159 1665 1212 1724 Sed
1231 1671 1367 1738 praecepta
1384 1661 1471 1734 llogsi
1490 1660 1649 1731 recipimus.
1671 1657 1775 1716 Verum
1789 1659 1909 1730 quorun:

278 1770 310 1819 nt
332 1763 361 1820 in
385 1780 466 1837 agno,
490 1764 573 1821 utin
595 1764 772 1830 holocausto;
797 1763 880 1819 modo
898 1762 1071 1819 diversorum
1122 1760 1166 1816 lex
1191 1759 1329 1816 neminem
1356 1755 1435 1813 duxit
1461 1755 1495 1811 ad
1526 1751 1700 1830 perlectum,
1728 1753 1911 1824 supplementa

277 1857 455 1930 consumptio
477 1857 619 1926 vitiorum,
644 1855 719 1912 utin
739 1862 820 1910 tauro
842 1854 1016 1926 arrogantiae,
1042 1854 1071 1910 iu
1086 1823 1108 1880 B
1121 1851 1224 1908 Christi
1247 1865 1324 1906 more
1344 1847 1438 1906 debito
1453 1855 1616 1906 venerantes
1635 1847 1842 1918 amplexamur:
1860 1844 1907 1914 ipsc

277 1948 357 2005 hirco
370 1949 538 2020 petulantiae.
1121 1942 1195 1999 enim
1208 1965 1217 2008 ,·
1230 1939 1291 1996 Non
1299 1942 1368 1999 renit
1380 1943 1479 1998 soluere
1492 1942 1584 2013 legem,
1596 1939 1641 1995 sed
1652 1937 1799 2008 adimplere
1811 1933 1909 2007 (hard.

315 2037 380 2096 Scio
393 2047 485 2096 tamen
499 2039 612 2111 liguras,
625 2045 655 2094 ut
665 2037 810 2104 dictiones,
821 2037 889 2092 alias
899 2041 926 2092 et
936 2034 1005 2091 alias
1020 2034 1072 2090 ha·
1122 2051 1150 2101 v,
1168 2033 1224 2111 l'l).
1241 2032 1369 2094 Christus
1384 2049 1450 2106 ergo
1462 2033 1524 2090 linis
1538 2032 1607 2104 legis
1620 2039 1647 2088 et
1664 2031 1873 2103 prophetarum,
1887 2029 1911 2082 ix

277 2133 343 2189 bere
364 2133 616 2204 interpretationes.
638 2129 685 2188 Sic
698 2145 808 2203 quoque
829 2127 1002 2185 immunditia
1018 2127 1074 2188 cibi
1124 2126 1177 2186 line
1189 2145 1239 2187 suo
1253 2130 1340 2201 legem
1354 2143 1463 2200 quoque
1480 2126 1580 2193 linivit,
1598 2140 1631 2181 eo
1647 2133 1729 2196 pacto
1743 2132 1777 2180 ut
1797 2123 1909 2194 dguralia

277 2224 451 2296 prohibetur,
472 2233 503 2280 ut
525 2223 669 2280 delectatio
691 2222 798 2295 peccati
818 2220 948 2298 fugiatur.
974 2223 1075 2280 Sacra·
1124 2223 1153 2279 in
1168 2238 1251 2295 opere
1266 2228 1416 2286 cessarent,
1433 2221 1462 2276 in
1476 2219 1603 2275 doctrina
1617 2223 1818 2289 permaneant:
1841 2215 1912 2282 Qrc·

276 2324 371 2374 rncuta
390 2317 474 2392 igitur
497 2317 566 2392 legis
589 2315 682 2376 lutura
707 2317 912 2390 promittebant.
938 2315 993 2374 Sed
1016 2317 1075 2389 jam
1124 2314 1302 2387 conjecerim
1313 2313 1493 2384 scriptarum,
1514 2309 1549 2366 ad
1562 2317 1681 2365 nostrum
1691 2305 1912 2362 doctriaarasrri·

278 2421 387 2470 cessent
407 2413 606 2484 promissiones
620 2411 752 2485 quoniam
772 2410 988 2482 promissionum
1009 2425 1074 2467 suc·
1124 2415 1239 2478 prosunt
1256 2405 1343 2478 (Rom.
1360 2420 1414 2469 xv,
1430 2403 1469 2476 ι).
1490 2401 1630 2458 Promissa
1650 2415 1765 2472 quoque
1785 2414 1858 2454 nuuc
1875 2413 1912 2452 rc·

276 2504 365 2561 cessit
376 2521 432 2562 res.
448 2505 579 2561 lientitur
592 2506 640 2578 qui
660 2504 750 2561 adhuc
767 2504 921 2576 promittit,
944 2503 1075 2576 quoniam
1125 2506 1261 2570 spuuntur
1273 2496 1379 2569 legalia,
1388 2495 1516 2567 quoniam
1528 2493 1713 2566 praeleruntur
1722 2491 1859 2546 scelestia.
1871 2487 1913 2546 lc·

277 2595 446 2666 promissum
463 2595 522 2666 jam
537 2595 669 2666 implevit.
689 2593 750 2650 Non
769 2593 941 2665 judaizemus
964 2594 1042 2651 cibos
1059 2609 1075 2648 a
1125 2607 1185 2647 rum
1202 2590 1329 2647 mandata
1341 2593 1484 2646 servantur
1498 2586 1622 2650 moralia,
1639 2585 1694 2642 nisi
1706 2583 1785 2656 quod
1798 2582 1912 2654 quedam

277 2686 350 2743 cibis
366 2685 587 2758 distinguentes,
602 2686 733 2757 quoniam
751 2685 779 2741 in
795 2686 854 2758 lege
867 2685 989 2751 Christi,
1005 2694 1076 2743 teste
1125 2684 1259 2756 permissa
1277 2680 1379 2738 teneris
1396 2680 1572 2752 excipiuntur
1585 2676 1775 2745 Christianis;
1799 2675 1912 2748 qumdm

277 2775 431 2847 Apostolo,
449 2774 547 2831 Omnia
560 2773 661 2830 mondo
673 2773 779 2829 mundis
790 2774 855 2847 (Tit.
869 2791 889 2841 r,
904 2775 960 2849 l5).
982 2774 1075 2831 Potius
1125 2775 1238 2832 tacendo
1252 2772 1384 2846 parvulis,
1404 2777 1593 2843 proponuntur
1605 2770 1716 2826 adultis.

278 2876 310 2922 ut
322 2866 473 2924 Christiani
488 2883 537 2939 per
549 2867 743 2924 abstinentiam
757 2867 892 2940 castigare
907 2883 1008 2940 corpus
1025 2884 1075 2924 no-
1161 2867 1215 2923 Scd
1232 2867 1256 2924 si
1276 2866 1319 2922 les
1328 2875 1354 2921 et
1368 2863 1500 2936 prophctoe
1514 2879 1594 2935 usque
1605 2861 1639 2917 ad
1656 2859 1792 2916 Jocnncnr
1813 2857 1910 2932 (hlutri.

278 2967 368 3016 strum
383 2959 449 3015 etin
466 2959 627 3016 servitutem
641 2958 765 3030 redigere
778 2957 920 3016 debemus.
1125 2975 1164 3026 xr,
1179 2959 1235 3032 le),
1250 2957 1388 3029 quomodo
1398 2956 1474 3014 stetit
1485 2970 1572 3026 usque
1582 2953 1616 3010 ad
1624 2953 1731 3008 Domini
1746 2952 1912 3025 passionem!

314 3050 495 3107 circumcisio
518 3066 627 3123 quoque
650 3051 771 3108 carnalis
795 3052 921 3116 recedat,
944 3051 1074 3123 quoniam
1125 3053 1226 3128 quippe
1238 3067 1295 3107 non
1309 3059 1382 3116 ante,
1399 3049 1447 3106 sed
1466 3063 1481 3102 a
1501 3045 1605 3104 toanue
1629 3045 1673 3102 lex
1695 3045 1780 3117 plane
1803 3041 1911 3100 lahebrri

278 3155 344 3196 rera
355 3140 530 3197 circumcisio
544 3140 684 3197 interioris
699 3140 837 3206 hominis,
860 3156 893 3197 er
907 3141 978 3197 bona
997 3147 1075 3213 parte
1088 3173 1109 3232 c
1125 3145 1219 3216 coepit,
1230 3143 1278 3216 qui
1293 3150 1389 3199 contra
1403 3150 1544 3213 paternam
1558 3136 1733 3196 traditionem
1752 3137 1862 3209 pubbcc
1871 3152 1911 3191 no·

277 3246 329 3304 per
343 3231 576 3289 mortemChristi
589 3232 646 3303 jam
657 3239 757 3303 coepta,
774 3231 876 3303 inipso
887 3248 996 3304 quoquc
1008 3247 1075 3290 con·
1125 3253 1188 3294 vum
1199 3235 1306 3292 induxit
1317 3250 1418 3291 rnorem
1429 3232 1584 3304 baptizandi
1599 3232 1627 3287 in
1645 3230 1852 3303 poenitentiam.
1873 3227 1912 3282 Pr·
1975 3189 1976 3278 i

277 3331 426 3390 summata,
441 3339 475 3379 ac
488 3338 537 3394 per
547 3323 601 3379 hoc
614 3332 642 3381 et
656 3323 685 3379 in
695 3323 776 3381 nobis
786 3325 938 3382 certissime
949 3333 1075 3396 speratur
1126 3329 1228 3386 schalis
1248 3343 1356 3400 quoque
1371 3325 1434 3398 agni
1451 3324 1634 3390 sacrificium,
1651 3322 1725 3395 quod
1736 3323 1812 3378 inter
1827 3321 1911 3392 legalis
1974 3299 1975 3388 j

278 3413 505 3470 consummanda.
518 3413 656 3480 Quantum
672 3421 764 3471 autem
779 3415 962 3488 significantia
977 3416 1075 3488 displi-
1125 3422 1263 3478 obtinebat
1280 3421 1442 3492 primatum,
1470 3419 1550 3489 108
1570 3417 1683 3489 jamjam
1703 3413 1910 3478 temriuanduu,
1973 3415 1974 3498 )

278 3512 361 3562 ceant
375 3512 439 3578 post
456 3505 626 3579 significata,
652 3505 681 3562 in
694 3523 750 3564 uno
773 3507 894 3564 declarat
915 3507 1073 3580 Apostolus,
1124 3526 1213 3583 noque
1227 3525 1346 3582 unquam
1364 3509 1510 3565 sustulisse
1523 3514 1665 3580 peccatum
1681 3507 1849 3570 insinuans,
1862 3507 1910 3560 visa
1972 3519 1973 3608 )

278 3597 345 3653 dum
360 3597 446 3654 dicit:
464 3596 495 3655 Si
512 3597 755 3664 circumcidamini,
776 3598 898 3655 Christus
917 3600 989 3656 robis
1010 3600 1078 3656 nihii
1125 3601 1241 3658 llomiuo
1254 3601 1331 3664 lesu,
1347 3601 1407 3656 ait:
1431 3599 1498 3656 Ecce
1513 3599 1603 3672 lpum
1620 3599 1688 3667 Dei,
1707 3615 1768 3654 cccc
1787 3601 1835 3671 gxi
1853 3599 1910 3652 tali:
1971 3643 1972 3658 ,

277 3690 397 3760 proderit
411 3688 514 3763 (Galat.
526 3707 553 3758 v,
567 3690 608 3763 ι).
622 3689 653 3747 ln
664 3689 811 3747 Psalmista
824 3707 933 3763 quoque
943 3690 1075 3752 Dominus
1124 3705 1230 3766 peccata
1241 3694 1332 3750 mundi
1345 3692 1437 3766 (loon.
1451 3709 1470 3759 r,
1482 3693 1528 3766 ιιι)
1540 3713 1548 3762 ;
1562 3694 1642 3766 quasi
1656 3693 1780 3750 diceret:
1796 3691 1909 3748 Veterem
1971 3661 1972 3716 ι

278 3782 373 3836 omnia
387 3796 438 3855 par
447 3789 553 3854 partem
567 3795 701 3853 respuens
712 3783 848 3839 sacridcia
861 3783 918 3840 ait:
936 3783 999 3840 Non
1009 3786 1076 3840 occi-
1125 3803 1225 3859 agnum
1249 3801 1313 3842 cum
1334 3785 1448 3857 reliquis
1475 3785 1574 3841 hostiis
1596 3783 1693 3856 rugiae,
1716 3786 1849 3855 quoniam
1872 3783 1909 3854 qui

278 3873 395 3944 picride
407 3872 485 3929 domo
498 3883 546 3929 trra
560 3874 667 3943 vitulos,
682 3891 764 3948 neque
774 3874 806 3930 de
818 3874 938 3948 gregibus
950 3877 1002 3932 tuis
1019 3877 1075 3931 lrir·
1125 3880 1201 3936 solus
1215 3878 1371 3950 sequendus
1385 3886 1437 3942 est,
1453 3892 1510 3932 ecce
1524 3877 1613 3948 Agnos
1629 3875 1689 3932 liei.
1706 3874 1827 3932 Victima
1843 3885 1910 3932 retu
1969 3867 1970 3936 l

278 3984 324 4022 ror
339 3965 423 4038 (Prot
443 3983 518 4033 xcrx,
530 3967 569 4041 9).
1125 3971 1230 4044 peccati
1244 3971 1376 4026 mundum
1386 3969 1498 4042 expiare
1508 3969 1641 4041 nequiuit,
1654 3969 1798 4040 quoniam,
1810 3985 1911 4023 eccere·
1968 3977 1969 4046 j

315 4057 348 4113 Et
361 4057 472 4130 quidem
485 4059 589 4117 bellare
605 4075 669 4116 cum
685 4059 787 4118 iudeis
810 4061 835 4118 si
853 4061 924 4119 ratio
943 4065 1074 4136 postulat,
1125 4061 1532 4136 lurqritoiiitpcccrtomurrdi.
1546 4060 1601 4117 Nec
1616 4061 1719 4132 impetu
1734 4060 1908 4116 levitatishoc
1967 4079 1968 4154 )

278 4165 445 4223 possumus;
458 4151 601 4224 judaizare
614 4161 707 4210 autern
725 4155 800 4210 nulla
820 4155 927 4212 ratione
941 4156 997 4212 nisi
1012 4172 1074 4212 cum
1125 4155 1259 4212 creditum
1270 4156 1472 4222 eminuit,vox
1483 4155 1556 4211 enim
1575 4153 1666 4210 Patris
1678 4153 1852 4210 auditaest:
1868 4153 1909 4208 llic
1966 4189 1967 4198 .

280 4244 401 4318 periculo
413 4259 571 4317 possumus.
585 4243 647 4301 Nou
661 4246 735 4303 euim
748 4246 898 4318 Apostolus
913 4247 1072 4318 judaizavit,
1123 4256 1163 4303 cst
1177 4246 1481 4314 Filiusmcuadilectus,
1503 4248 1531 4304 in
1545 4245 1907 4318 ιιιιοιιιιιιιιειιιιειιιριιεει.Ι
1966 4201 1967 4264 ¹

279 4353 343 4394 cum
356 4336 492 4394 seditione
513 4337 689 4409 compulsus,
705 4337 871 4408 discipulum
890 4337 1073 4395 circumcidit.
1123 4339 1210 4408 ipsum
1224 4338 1313 4394 cadite
1328 4337 1438 4411 (ιιαιιιι.
1450 4354 1518 4404 rrrr,
1533 4337 1572 4412 5).

278 4427 348 4485 Nam
362 4429 465 4485 nullam
479 4427 553 4486 iacto
572 4428 733 4501 impendens
744 4431 933 4499 reverentiam,
953 4432 991 4487 ita
1005 4446 1075 4502 prae-
1160 4431 1196 4489 ιιι
1207 4448 1272 4506 ergo
1284 4435 1340 4490 veri
1356 4434 1525 4505 perpendant
1545 4432 1641 4499 ludaei,
1660 4435 1725 4507 quis
1746 4435 1795 4492 ille
1809 4437 1845 4491 sit
1857 4451 1909 4506 prr·

278 4522 386 4594 putium
400 4523 481 4593 quasi
497 4520 613 4594 digitum
631 4529 744 4594 propter
758 4536 853 4594 pacem
867 4523 1027 4594 amputavit.
1043 4521 1073 4578 ln
1088 4523 1222 4596 opheta,
1237 4541 1317 4596 quem
1336 4524 1370 4580 de
1392 4523 1524 4581 iratribus
1544 4531 1657 4590 natum,
1678 4525 1795 4580 mandat
1817 4527 1906 4597 tropei

279 4623 491 4672 tantumautem
510 4614 679 4685 judaismum
695 4617 829 4683 vitemus,
844 4624 915 4673 utet
933 4616 1072 4675 sabbatis·
1125 4613 1289 4670 audiendum
1302 4631 1310 4682 ;
1323 4629 1376 4669 vox
1385 4621 1497 4685 patema
1508 4613 1590 4669 modo
1604 4613 1698 4670 audita
1710 4615 1842 4676 intonuit,
1855 4615 1905 4670 dur

278 4718 354 4761 nrum
368 4721 532 4776 careamus3
547 4707 677 4778 quoniam
697 4723 780 4781 quam
794 4707 893 4780 ligurat
905 4708 1034 4781 quictem,
1056 4724 1072 4766 a
1124 4705 1197 4760 enim
1214 4705 1301 4776 iprum
1310 4704 1410 4771 rodite,
1427 4705 1548 4762 auditur.
1561 4704 1633 4763 ldem
1647 4713 1690 4762 est
1705 4721 1738 4762 ac
1753 4708 1779 4766 si
1794 4727 1801 4764 :
1823 4707 1906 4762 llirerr

277 4798 353 4855 ritiis
369 4803 416 4853 nul
426 4797 526 4854 anima:
539 4806 726 4870 postmortem
740 4800 920 4871 praeferimus.
1125 4813 1201 4870 quem
1211 4797 1316 4870 llopser
1332 4797 1485 4870 predicavit
1495 4797 1667 4862 audiendum,
1676 4799 1833 4856 audiretur.
1845 4799 1905 4854 l'rdr

312 4891 423 4964 chalia
435 4907 502 4963 crgo
518 4893 655 4949 sistuntur
669 4904 859 4962 sacramenta,
882 4911 998 4967 quorum
1012 4895 1074 4954 loco
1125 4902 1241 4966 uterque
1255 4897 1342 4968 iprum
1357 4893 1452 4950 audire
1466 4894 1605 4966 praecepit.
1627 4893 1682 4951 Lex
1698 4909 1769 4966 ergo
1789 4893 1904 4966 usrpred

274 4984 431 5042 succedunt
443 4991 491 5040 aut
507 4985 561 5042 alia
574 4987 654 5058 quasi
662 4987 776 5059 majoris
784 4989 875 5044 meriti
888 5000 1071 5058 sacramenta,
1125 4988 1268 5055 loannem,
1290 4989 1470 5045 nihilominus
1484 4995 1575 5044 tamen
1590 4997 1618 5045 et
1631 5004 1721 5060 usque
1741 4990 1779 5046 ad
1802 4987 1906 5044 boum-

277 5085 309 5132 ut
326 5091 376 5148 pro
389 5075 601 5134 circumcisione
617 5076 772 5151 baptisma,
792 5088 839 5135 aut
857 5079 1025 5153 signidcata,
1042 5091 1073 5139 ut
1125 5095 1186 5136 cam
1202 5080 1368 5154 passionem.
1394 5077 1471 5135 Unde
1483 5089 1510 5135 et
1528 5087 1591 5151 post
1604 5077 1740 5139 loannem
1760 5097 1824 5137 cun
1837 5080 1906 5136 disd-

277 5183 329 5242 pro
349 5170 509 5226 animalium
533 5169 696 5238 sacrillciis,
718 5172 886 5232 sacrificium
904 5151 1020 5246 justitia:
1044 5183 1072 5232 et
1125 5172 1348 5245 pulisllominus,
1361 5171 1520 5227 imminente
1533 5186 1626 5238 cruce,
1643 5173 1748 5242 pascha
1761 5182 1905 5229 retusum

277 5259 377 5319 laudis.
1123 5265 1252 5323 ducavit:
1274 5265 1304 5320 in
1325 5279 1380 5335 qua
1404 5278 1482 5320 omna
1498 5263 1569 5320 idem
1587 5263 1690 5335 pascha
1705 5281 1770 5320 cum
1786 5265 1904 5337 adjunctis

313 5353 462 5412 [exhabct
476 5355 624 5428 promissa,
640 5364 671 5412 ut
693 5357 771 5424 dixi,
786 5357 920 5414 bonorum
940 5374 1002 5430 quie
1017 5375 1072 5416 non
1121 5355 1279 5412 terminarit
1292 5355 1475 5420 ceremoniis,
1490 5354 1660 5412 substituens
1675 5370 1780 5411 novum
1798 5355 1903 5427 corporis

276 5453 353 5510 sunt,
365 5445 455 5502 minas
468 5463 578 5520 quoque
589 5449 723 5506 malorum
733 5451 918 5522 presentium.
929 5449 1074 5522 Prophetae
1123 5456 1151 5504 et
1164 5447 1305 5519 sanguinis
1321 5447 1364 5504 sui
1379 5463 1472 5504 usum.

270 5550 399 5607 ‚quoque
415 5537 463 5594 sed
477 5539 512 5594 ad
531 5554 583 5597 nos
595 5541 716 5598 maxime
726 5533 896 5613 spectantes,
912 5541 1074 5614 plerumque
1424 5535 1539 5594 CAPUT
1558 5535 1615 5594 xv.

277 5628 402 5685 tmlestia
418 5631 599 5701 promittunt:
613 5641 644 5688 ut
657 5631 824 5689 dubitabunt
842 5634 907 5690 recti
924 5651 987 5689 cum
999 5633 1073 5688 ralla
1248 5629 1286 5688 De
1297 5629 1363 5686 Filii
1378 5631 1543 5702 conceptione
1556 5638 1582 5685 et
1596 5631 1793 5690 nemim.

276 5725 325 5771 tro
344 5715 433 5789 (Psoi.
453 5734 566 5788 cxxxix,
581 5722 637 5797 ιι).
651 5721 685 5779 Et
698 5724 783 5781 item:
795 5723 1074 5795 Torrenteroiaptatir
1160 5723 1234 5798 (lot)
1249 5723 1322 5798 Ergo
1336 5723 1399 5798 agni
1414 5723 1566 5781 immolatio
1577 5723 1683 5781 veteris
1696 5724 1829 5792 remit,
1848 5721 1901 5782 tati

312 5835 390 5910 (idi)
407 5835 514 5910 liagist.
531 5856 573 5908 ιιι,
591 5841 664 5898 Seni.
681 5841 716 5897 ab
731 5841 819 5900 initio.
835 5843 917 5918 hug„
929 5841 1054 5912 enchir,
1071 5858 1096 5900 c.
1113 5843 1157 5900 tt.
