3967 6334
222 383 259 442 3¹)
703 382 890 442 zendatum
909 377 1219 441 CHRYSOPOlETle
1236 372 1392 437 nutscovl
1826 379 1864 436 db

224 499 385 558 Salomonis
399 501 561 566 enormitas,
574 501 636 572 ejus
647 500 702 556 imo
712 500 761 558 liei
772 501 800 558 in
810 515 843 556 eo
857 498 1021 572 sapientiam
1035 503 1058 556 Α
1073 494 1119 570 (ll
1129 495 1192 553 Cor.
1209 495 1280 567 xvv),
1295 497 1436 568 negligens
1448 509 1514 552 vero
1531 493 1681 557 nescietur,
1694 507 1812 564 nequam
1824 492 1865 549 si·

223 593 383 650 nullatenus
402 593 583 649 obnubilavit.
599 593 737 664 Exemplis
750 593 862 665 quidem
872 591 1020 664 quamplu-
1071 589 1191 644 mulator
1201 588 1369 661 impotentis
1379 587 1559 642 nihilominus
1568 585 1703 655 ejicietur.
1716 582 1786 640 tide
1796 598 1864 654 ergo

220 683 312 748 rimis,
329 699 385 739 non
403 683 577 755 repudiatum
591 683 626 738 iri
641 699 705 739 vero
719 699 770 758 pro
790 681 878 746 falsis,
894 682 1020 754 probatio
1070 696 1133 736 cum
1147 681 1281 752 propheta
1295 691 1413 751 quatuor
1427 678 1567 739 animalia,
1585 693 1635 748 per
1648 683 1737 732 totum
1761 689 1865 746 corpus

224 775 372 832 manilesta
384 783 436 832 est.
1069 772 1178 825 oculata
1193 769 1301 841 (Ezrcb.
1315 768 1428 842 ι).ουοά
1441 768 1488 822 uni
1500 767 1555 824 sint
1567 773 1686 838 quatuor
1699 764 1794 830 iacies,
1815 780 1862 822 ve·

259 864 300 923 hd
323 867 381 922 haec
396 875 474 940 pater
488 865 674 938 Hieronymus
691 865 719 921 in
744 865 856 921 homilia
870 865 905 921 de
927 863 1020 920 villico
1070 863 1110 917 iot
1124 863 1196 934 ignis
1209 865 1246 918 sit
1257 863 1356 917 horum
1372 861 1489 933 species,
1507 860 1560 915 hoc
1578 857 1697 929 explicat
1717 857 1777 913 brec
1789 873 1862 914 nova

223 957 379 1030 iniqnitatis
391 957 569 1014 introducens
580 956 724 1028 Theophili
739 956 935 1027 expositiones,
948 956 1020 1010 hanc
1070 954 1158 1010 series
1170 964 1230 1011 arte
1249 953 1394 1010 mirabile
1414 954 1568 1023 junguntur
1589 965 1686 1021 peunae
1706 950 1860 1022 mquabter,

221 1048 284 1118 ejus
298 1047 407 1103 laudem
423 1048 541 1118 abjecit:
560 1065 570 1098 v
589 1046 758 1118 Theophilus
770 1046 948 1101 Antiochense
967 1044 1021 1100 Ec·
1069 1053 1138 1102 rotae
1156 1063 1217 1103 sese
1233 1046 1349 1116 capiunt
1369 1044 1484 1115 pariter,
1504 1051 1533 1098 et
1551 1042 1698 1097 volvuntur
1712 1056 1767 1096 non
1780 1040 1863 1095 aliter

223 1139 316 1195 clesiae
333 1139 467 1210 septimus
481 1147 542 1210 post
562 1138 675 1195 Petrum
689 1140 843 1210 apostolum
859 1137 1018 1208 episcopus,
1069 1147 1129 1194 arte
1138 1139 1219 1193 mira.
1231 1137 1292 1204 Quo
1302 1138 1416 1209 spiritus
1426 1136 1507 1191 datur
1517 1133 1643 1200 directio,
1653 1134 1718 1190 illuc
1729 1139 1860 1203 pergunt,

226 1239 347 1303 quatuor
367 1231 597 1302 enragelistnrum
621 1232 648 1287 in
668 1247 751 1286 unum
768 1245 837 1301 opus
855 1230 928 1285 dicta
943 1245 1020 1286 com·
1068 1250 1120 1291 nec
1142 1234 1171 1289 m
1185 1235 1319 1298 reversio,
1335 1247 1409 1287 nunc
1422 1231 1583 1292 descensus,
1598 1244 1672 1284 nuuc
1687 1228 1804 1284 elevatio
1816 1235 1862 1284 est

223 1323 350 1395 pingens,
365 1323 468 1394 ingenii
487 1325 530 1378 sui
545 1323 624 1378 nobis
642 1323 810 1378 monimenta
828 1321 942 1378 dimisil·
961 1341 970 1372 t
1069 1329 1097 1383 in
1111 1327 1163 1383 eis.
1179 1324 1250 1380 Dant
1262 1324 1388 1380 scintillae
1405 1324 1540 1379 micantes
1555 1321 1660 1388 radios,
1681 1327 1710 1376 et
1730 1327 1863 1376 coruscat

259 1411 360 1470 beatus
370 1429 481 1484 quoque
493 1413 664 1484 Augustinus
675 1411 837 1470 in‘secundo
851 1411 889 1470 lle
903 1427 1020 1468 concor·
1069 1419 1161 1491 fulgur
1179 1420 1208 1473 in
1222 1418 1332 1489 impios,
1352 1424 1441 1474 terror
1454 1415 1490 1470 nd
1504 1415 1565 1480 hos,
1584 1413 1712 1485 splendor
1726 1413 1761 1468 ad
1777 1411 1860 1476 lilios,

222 1505 268 1560 dia
288 1507 531 1576 evangelistarum,
548 1508 637 1578 qrroad
654 1507 680 1564 ei
694 1508 784 1563 visum
798 1512 851 1574 est,
873 1521 907 1564 ex
928 1505 1021 1562 diver·
1068 1520 1111 1567 est
1125 1511 1154 1565 in
1166 1510 1217 1566 eis.
1238 1529 1249 1562 s

222 1609 317 1652 sorum
346 1595 428 1652 dietis
449 1611 532 1651 unam
557 1597 744 1652 narrationem
765 1597 879 1664 iaciens,
906 1597 1017 1669 inquit:
1105 1601 1140 1657 ur
1157 1615 1224 1672 ergo
1238 1601 1342 1673 absque
1363 1598 1495 1670 scrupulo
1517 1595 1634 1653 studiosi
1654 1611 1732 1651 mens
1749 1610 1860 1657 mcum,

225 1688 304 1745 «δοῦ
325 1689 449 1759 0¹⁸⁰¹1¹10
465 1687 523 1744 Sile
542 1695 602 1743 1¹2³
625 1705 668 1745 ¹¹¹0
687 1687 789 1744 fllium
809 1700 861 1753 esi.
885 1690 943 1745 Sile
965 1691 1020 1744 {¹15⁰
1067 1696 1159 1768 possit
1171 1695 1224 1749 hoc
1237 1693 1277 1748 uti
1291 1693 1439 1755 volumine,
1454 1690 1614 1754 sententies,
1629 1689 1861 1760 evangelistarum

221 1781 304 1836 modo
315 1780 489 1836 commodius
502 1779 561 1836 heri
576 1780 675 1850 possit,
688 1778 978 1852 videatunusqnisque
990 1789 1018 1836 et
1068 1801 1213 1859 personas,
1229 1785 1352 1841 numeris
1367 1800 1417 1856 per
1429 1785 1489 1840 loca
1500 1796 1620 1853 congrua
1636 1780 1731 1835 curavi
1745 1779 1860 1850 diligen-

221 1873 250 1929 in
265 1872 372 1928 caeteris
390 1871 458 1928 locis
471 1872 531 1928 lieri
549 1887 639 1944 posse.
657 1870 723 1942 Ejus
740 1873 825 1944 igitur
839 1873 964 1944 exemplo
985 1887 1018 1928 ac
1033 1859 1054 1914 Β
1068 1887 1111 1935 ter
1120 1879 1299 1950 distinguere.
1309 1877 1412 1932 llorum
1424 1877 1493 1931 alter
1503 1875 1589 1946 signis
1600 1873 1764 1945 quibusdam
1779 1874 1862 1945 (quas

221 1980 355 2036 persuasu
377 1965 501 2020 nonnulli
515 1965 632 2021 sortasse
646 1981 726 2020 unam
738 1982 772 2021 ex
788 1973 907 2036 quatuor
920 1981 1018 2021 narra·
1068 1972 1150 2044 vulgo
1169 1971 1252 2026 cifras
1271 1967 1419 2042 appellant)
1441 1981 1589 2038 expressus
1605 1964 1709 2020 indicat
1728 1979 1862 2020 numeros

221 2059 324 2113 tionem
338 2057 536 2127 perstrinxere.
549 2056 583 2110 st
599 2071 665 2112 vero
681 2057 763 2125 huius
777 2059 868 2128 operis
886 2058 949 2127 quis
965 2073 1016 2112 au·
1068 2063 1144 2135 ipsos
1159 2064 1186 2118 in
1202 2062 1354 2119 canonibus
1373 2059 1546 2116 Eusebianis.
1566 2059 1642 2115 hlter
1658 2058 1709 2114 sub
1731 2058 1784 2112 boc
1796 2058 1862 2128 pin-

220 2157 291 2216 ctor,
304 2149 360 2205 iuro
382 2150 525 2206 ordinator
538 2150 687 2213 exstiterit,
706 2150 776 2204 nihil
796 2151 913 2206 interest
938 2152 1017 2222 igno-
1068 2156 1220 2228 guiusrulis
1231 2154 1330 2210 litteris
1344 2151 1487 2224 effigiatus,
1503 2158 1531 2207 et
1542 2165 1629 2222 usque
1641 2149 1677 2205 ad
1689 2149 1783 2205 decem
1797 2155 1863 2203 tan·

220 2256 293 2296 rare.
314 2239 423 2297 Etenim
446 2248 502 2296 tarn
522 2242 606 2297 verba
629 2256 713 2312 quam
738 2243 882 2298 sententiae
903 2243 1016 2299 nonnisi
1067 2247 1208 2302 tummodo
1223 2246 1385 2319 procedens,
1407 2245 1435 2299 in
1448 2251 1533 2316 quoto
1547 2257 1652 2298 canone
1666 2243 1862 2313 superpositus
1958 2278 1959 2287 .

220 2331 450 2402 evangelistarum
465 2341 539 2387 sunt.
565 2331 683 2386 llatthaei
699 2348 818 2404 namque
837 2333 930 2398 dictis,
953 2335 1017 2389 reli·
1068 2354 1199 2395 numerus
1228 2339 1393 2402 inueniatur,
1418 2336 1548 2392 ostendit.
1573 2334 1700 2391 Numeris
1722 2334 1860 2405 siquidem

220 2441 339 2496 qnorum
348 2425 431 2479 trium
442 2431 570 2495 excerpta
581 2424 665 2496 (quod
676 2425 787 2480 cullibet
798 2425 965 2496 perquirenti
975 2425 1017 2480 la·
1068 2432 1237 2487 luceclarius
1246 2431 1377 2500 aperitur,
1385 2430 1451 2500 quid
1460 2428 1578 2499 proprie,
1589 2426 1655 2498 quid
1664 2426 1861 2493 communiter,

220 2521 273 2575 cile
288 2526 331 2574 est
344 2517 468 2590 cognitu)
493 2526 553 2573 arte
572 2518 642 2573 mira
656 2518 798 2590 magisque
813 2519 948 2575 brevitate
963 2521 1017 2575 mi·
1067 2537 1161 2593 quscve
1176 2521 1287 2585 similia,
1302 2519 1423 2576 dixerint
1447 2518 1630 2589 evangelistae.
1655 2517 1768 2572 Litteris
1787 2531 1861 2587 quo·

220 2609 308 2666 rande
330 2609 493 2682 junguntur.
519 2607 578 2664 lloe
598 2616 689 2665 autem
705 2609 930 2680 prenominatum
948 2610 1016 2666 dm·
1066 2630 1121 2686 qne
1134 2613 1245 2671 eosdem
1259 2611 1401 2668 brevitatis
1415 2625 1524 2666 necnon
1538 2609 1698 2665 differentiae
1715 2621 1799 2664 eausa
1812 2608 1861 2677 ju-

220 2701 346 2758 monium
358 2700 467 2765 iecisse,
482 2701 579 2757 scribit
590 2700 724 2757 Eusebius
742 2700 888 2772 Carpiano.
901 2701 1017 2772 Suscipe
1066 2707 1127 2763 dies
1141 2706 1240 2762 dehere
1253 2705 1385 2769 discerni,
1396 2706 1532 2769 videlieet,
1545 2703 1630 2776 peril
1653 2705 1770 2760 litteram
1785 2702 1861 2756 llar-
1958 2712 1959 2721 ¹

221 2805 298 2865 ergo,
311 2791 489 2857 christicola,
504 2792 533 2846 ln
544 2791 596 2846 hoc
607 2791 729 2846 naturali
739 2805 831 2862 opere,
844 2792 886 2846 vel
901 2792 925 2847 si
941 2806 1016 2848 coru·
1066 2814 1140 2864 eum,
1157 2813 1206 2869 per
1220 2797 1246 2851 ll
1270 2797 1436 2860 blattbaeum,
1460 2812 1510 2867 per
1530 2796 1553 2850 Α
1576 2796 1695 2867 aquilam
1718 2811 1859 2851 snnrnnnn
1958 2826 1959 2839 .

220 2887 329 2942 modius
344 2886 435 2956 possis
449 2885 477 2941 iu
493 2885 548 2940 alio
567 2883 680 2940 l'erbsm
694 2881 851 2948 breviatum,
871 2884 944 2954 quod
960 2883 1016 2938 Do·
1065 2889 1272 2961 evangelistam,
1294 2889 1378 2960 perL
1397 2906 1463 2946 vero
1483 2889 1595 2944 anarn.
1618 2887 1755 2944 Praeterea
1774 2903 1860 2944 nerno

220 2981 307 3034 reinna
327 2979 387 3048 [erit
413 2995 492 3048 super
515 2989 615 3033 terrum
635 2975 723 3049 (Rom.
758 2977 808 3049 tr).
830 2975 933 3048 Collige
948 2992 1016 3048 ergo
1065 2983 1167 3051 culpet,
1182 2981 1304 3037 historin
1316 2983 1468 3037 naturalem
1488 2981 1611 3036 ordinem
1626 2997 1680 3036 non
1695 2981 1739 3034 hic
1753 2995 1859 3051 usquc-

221 3071 422 3144 compendiose
440 3069 523 3126 Verbi
545 3069 682 3125 incarnati
697 3068 851 3133 historiam,
874 3068 1013 3152 mandata,
1065 3085 1174 3141 quaque
1186 3078 1325 3126 servatum
1339 3087 1411 3127 esse.
1426 3069 1532 3142 Singuli
1544 3085 1661 3141 namque
1675 3071 1861 3142 evangelista-

220 3165 369 3236 promissa.
385 3161 416 3219 ln
431 3165 475 3219 his
495 3164 589 3234 itaque
602 3162 702 3217 habeto
720 3161 803 3226 viam,
820 3161 963 3217 veritatem
985 3167 1047 3257 etC
1065 3175 1126 3215 rum
1141 3161 1320 3218 nihilominus
1338 3160 1487 3226 iuvencus,
1512 3160 1652 3226 Sedulius,
1675 3162 1776 3234 egregii
1798 3177 1861 3217 vera

220 3257 316 3312 vitam.
340 3255 443 3312 Christi
463 3255 548 3326 igitur
572 3255 698 3324 exemplo
713 3267 807 3320 nosce,
819 3253 867 3324 qui
889 3254 959 3310 bene
973 3253 1013 3306 vi·
1064 3251 1227 3317 sihcatores,
1238 3253 1312 3308 circa
1331 3253 1454 3310 eamdem
1469 3256 1611 3310 materiam
1624 3263 1777 3319 versantes,
1787 3269 1860 3326 pree·

220 3363 285 3406 vere
295 3348 381 3422 possit
392 3348 536 3420 praereptis
545 3353 573 3404 ct
581 3347 742 3419 promissls;
756 3347 826 3402 bene
836 3347 928 3403 vivere
938 3346 1012 3402 scias
1065 3353 1175 3417 postero
1191 3346 1286 3402 ordine
1306 3347 1423 3418 plurima
1438 3361 1595 3402 narravere.
1615 3345 1732 3402 Cautum
1746 3347 1783 3403 sit
1805 3347 1860 3401 ita-

220 3445 248 3494 et
261 3439 340 3503 velis,
356 3437 565 3509 adsignandum
579 3447 702 3506 superte,
717 3436 804 3506 magis
815 3436 956 3507 magisque
971 3437 1014 3490 lu·
1065 3441 1407 3512 qnepraeoccnpationiset
1418 3439 1655 3511 recapitulationis
1664 3440 1783 3511 regulas,
1794 3455 1860 3496 nee·

220 3547 280 3586 rnen
294 3530 381 3586 uultus
392 3529 500 3584 bomini
514 3529 602 3602 (Psoi.
613 3529 663 3600 vv).
679 3527 728 3584 llis
742 3529 837 3600 utique
855 3529 944 3585 tribus
961 3529 1014 3585 trin
1067 3548 1123 3588 non
1136 3533 1313 3604 quamplures
1328 3533 1408 3598 alias,
1423 3531 1565 3604 dequibus
1578 3531 1676 3587 doctor
1686 3531 1859 3604 Augustinus

220 3621 377 3695 propulsari
390 3635 504 3677 necesse
524 3627 577 3684 est,
592 3617 782 3688 impotentiam
805 3618 920 3682 scilicet,
937 3619 1014 3690 igno·
1067 3623 1095 3678 in
1109 3621 1256 3680 concordia
1270 3625 1500 3696 evangelistarum
1514 3623 1604 3689 docet,
1619 3622 1685 3680 buic
1697 3624 1773 3695 operi
1785 3639 1859 3696 steps

220 3712 351 3785 rentiam}
370 3712 564 3785 negligentiam
593 3710 725 3784 ignorans
750 3709 826 3766 enim
848 3711 1015 3783 ignorabitur
1067 3714 1204 3786 applicare
1217 3723 1354 3787 oportere.

221 3931 1854 3959 Q

707 4064 1055 4194 nnnrourmo
1091 4102 1373 4198 tucrum.

917 4317 1156 4332 -u———nd

257 4443 335 4503 Sicut
355 4461 389 4502 ex
406 4445 541 4503 creaturis
563 4441 676 4502 Creator
696 4446 882 4518 cognoscitur,
909 4452 937 4505 et
961 4458 1011 4520 per
1024 4449 1050 4514 D
1062 4449 1201 4511 hahentur
1214 4466 1248 4508 ex
1270 4448 1358 4506 veteri
1377 4445 1555 4511 bibliotheca,
1571 4437 1614 4501 rel
1627 4443 1662 4501 de
1673 4441 1856 4516 expositioni.

219 4553 314 4596 earum
329 4537 462 4594 inlinitam
474 4539 633 4594 varietatem
644 4539 930 4610 incomprehensibilis
949 4554 1011 4596 esse
1062 4548 1115 4623 hirs
1125 4553 1251 4618 sumptae.
1265 4542 1330 4600 llaec
1344 4549 1434 4598 antem
1450 4539 1556 4595 idcirco
1572 4543 1669 4594 notare
1682 4536 1854 4601 curavimus,

220 4629 437 4694 nondubiiliuh
457 4630 494 4683 ill
516 4643 602 4702 sm
625 4627 773 4701 Scriptum
788 4629 815 4686 5¹¹
836 4629 955 4703 idipsum
969 4630 1013 4686 di·
1062 4657 1097 4697 ne
1113 4637 1182 4695 iorte
1196 4639 1281 4710 quiet
1294 4643 1399 4692 textum
1414 4642 1442 4689 et
1456 4631 1655 4704 expositionem
1670 4629 1797 4703 legerint,
1812 4629 1855 4683 at·

220 4727 295 4776 recta
310 4719 353 4774 via
365 4729 439 4783 sunt,
452 4727 479 4774 et
491 4717 553 4776 ideo
563 4719 761 4790 multipliciter,
779 4720 844 4791 quin
858 4719 962 4776 ducunt
978 4718 1013 4774 ad
1062 4735 1151 4789 [erem
1166 4743 1215 4804 per
1227 4731 1344 4785 eperum
1355 4726 1493 4796 corrigere
1510 4723 1603 4779 relint.

205 4809 395 4866 inmensum.
405 4805 576 4864 Suntautem
585 4808 779 4866 exllebraeoin
788 4807 911 4866 Graecum
920 4816 1014 4866 trans·
1255 4835 1429 4898 cqpqmq
1443 4833 1535 4892 ΜΒΝ
1548 4825 1654 4889 pqqqp·

219 4899 336 4957 latioms
359 4907 480 4972 septem,
503 4901 650 4972 plurimum
669 4901 805 4959 distantes
829 4901 1011 4967 abinvicem,
1050 4943 1054 4953 .
1185 4957 1191 4970 ‚
1228 4955 1261 4968 ,,

219 5005 248 5055 et
261 4998 295 5056 de
308 4997 405 5055 Graeco
419 4999 446 5054 in
459 4991 588 5055 Latinum
603 4997 690 5052 multo
704 4997 807 5067 plures,
822 5010 854 5051 ao
870 4993 1012 5050 nihiloml·
1063 4954 1084 5013 Ι·
1097 4951 1488 5101 ἔῖεξῖῗᾘίιζίἑῗὲῃῗίζεῗω’
1509 4949 1579 5004 Dm
1600 4945 1670 5017 apud
1686 4943 1780 5011 »Μ’
1804 4959 1854 5016 W

218 5105 272 5147 nus
283 5089 356 5146 iuter
370 5089 575 5154 sedillerentes,
587 5096 669 5160 atque
680 5087 792 5158 insuper
805 5099 840 5142 eu
855 5084 969 5140 ltebraso
983 5083 1012 5139 in
1063 5087 1095 5155 n,
1109 5101 1148 5156 p,
1166 5099 1313 5154 „meme
1324 5095 1472 5152 mem-,g

219 5179 345 5238 Latinum
361 5197 415 5238 una
430 5180 588 5252 llicronyml
609 5180 644 5236 de
658 5179 742 5235 verba
756 5179 788 5232 in
801 5177 924 5233 verbum.
942 5174 1012 5232 Cnnr
1062 5169 1107 5227 lll.
1125 5171 1175 5226 liii
1184 5172 1292 5241 angelus
1304 5162 1411 5224 Gabriel
1421 5166 1456 5220 nd
1471 5163 1587 5222 diarium
1597 5159 1724 5229 toqalrsr.

219 5275 302 5345 igitur
315 5281 371 5328 tarn
391 5274 521 5346 perplexa
541 5269 691 5342 Scripturas
703 5269 822 5324 varietas
835 5267 863 5321 in
876 5265 953 5322 libris
970 5265 1014 5321 di·
1063 5232 1646 5382 lvy·WZJZss‘ff‘mZffi'zffJfflg'arm

218 5366 292 5424 vinis
306 5365 452 5422 maniiesttr
467 5365 515 5432 sit,
527 5377 663 5434 nusquam
675 5361 806 5416 nimirum
820 5375 856 5414 er
874 5358 1013 5414 industria
1062 5381 1107 5440 qq·
1131 5382 1180 5437 ωη-
1196 5383 1305 5451 0„qu
1315 5381 1439 5451 apparui,
1451 5377 1612 5450 pam-pp„

217 5460 367 5518 secundnm
379 5460 488 5514 diversa
503 5453 671 5527 exemplaria
686 5453 766 5508 aliern
781 5461 808 5507 et
822 5451 903 5506 aliam
918 5449 1013 5521 posui-
1062 5444 1119 5509 vu.
1134 5453 1185 5508 llos
1195 5452 1274 5509 irase
1290 5453 1387 5508 domus
1398 5461 1439 5507 ert
1449 5447 1628 5519 aparentibus
1639 5438 1850 5503 marrones&-

216 5563 279 5606 mus
294 5548 507 5616 litteram„dum
527 5543 667 5615 Evangelii
682 5540 858 5598 concordiam
879 5543 1013 5596 tractare·
1061 5535 1183 5652 unffi
1194 5594 1278 5667 maai,
1292 5596 1337 5670 qui
1350 5601 1474 5652 mmmm
1486 5591 1519 5646 ab
1530 5591 1639 5647 mem

207 5657 288 5699 mas.
300 5639 428 5699 Continet
441 5639 534 5710 ltaque
544 5643 636 5693 textus
647 5633 812 5706 expositioni
821 5632 1011 5738 interpositus,
1063 5667 1109 5724 u·
1128 5665 1178 5722 ,m
1188 5677 1227 5724 m
1240 5668 1348 5742 [mm
1367 5664 1446 5720 mm
1463 5671 1489 5719 a
1503 5671 1626 5733 mm
1641 5655 1700 5732 ‘qm
1712 5675 1742 5717 m
1763 5655 1850 5733 ἢν.

216 5733 470 5808 msimslltmrsm
485 5729 639 5789 secundum
653 5739 735 5787 nstuu
751 5725 947 5782 modernorum
959 5742 969 5792 ·,
982 5739 1012 5780 rn
1096 5748 1179 5810 m,

214 5832 372 5886 mltum
381 5823 621 5895 sivempositione
631 5821 769 5894 pleresque
780 5821 846 5874 rata
857 5815 1012 5887 positiones
1063 5809 1097 5866 E.
1112 5807 1162 5864 libr·
1179 5807 1297 5889 Hardea
1311 5805 1560 5890 interlabentem
