3967 6334
602 365 635 422 m
654 355 1003 435 uuuir'ax'uunruon
1020 355 1280 429 croun'auiiib's'

1715 367 1751 432 Bu

158 479 352 543 Cassiodorus,
364 481 469 550 psalmo
484 482 692 552 quadragesimo
704 486 833 554 septimo,
846 487 911 547 dicit
926 492 949 547 Α
962 488 1013 542 laci
1033 489 1067 544 de
1081 490 1131 545 hoc
1141 490 1205 560 quia
1217 503 1273 544 uon
1287 502 1366 552 suns,
1387 487 1414 542 iu
1427 494 1471 542 est
1481 486 1545 556 quia
1559 488 1659 541 mortui
1671 496 1750 553 sunt;

118 581 189 628 tunc
205 573 330 643 spiritum
347 572 532 630 uehementem
547 574 642 640 luisse,
654 578 763 648 quando
781 578 912 646 llerodes,

116 681 179 720 non
193 664 372 721 redeuntibus
392 665 425 720 ad
447 681 476 722 εε
495 670 592 740 magis,
615 669 701 726 iratus
724 670 788 727 iecit
811 671 916 730 conteri

116 769 210 811 nares
224 755 259 810 de
278 753 383 812 'lharso
399 755 512 823 Ciliciae,
525 759 624 829 quibus
642 761 715 831 magi
734 747 915 819 credebantur

116 847 230 902 occulte
249 845 373 903 rediisse.

157 938 195 994 Et
207 941 323 1005 mittens,
340 941 436 996 occidit
445 957 533 998 amaea
546 958 639 1013 pueros
654 945 698 1016 qui
712 956 787 1000 crant
797 947 825 1000 in
836 934 929 1002 aera:

118 1030 206 1086 lehem
220 1040 247 1086 et
258 1033 285 1086 in
304 1033 424 1087 omnibus
439 1034 535 1104 finibus
551 1037 619 1106 ejus,
637 1055 654 1092 a
672 1037 773 1092 bimatu
792 1047 817 1094 ct
837 1038 909 1108 inira

114 1119 266 1176 scandum
284 1131 384 1190 empus
395 1123 465 1194 quod
483 1127 642 1196 exquisierat
655 1145 672 1182 a
686 1129 780 1200 maqis.

155 1211 314 1271 Verisimile
335 1223 388 1281 est,
416 1232 479 1272 eum
500 1219 573 1290 magi
600 1220 668 1275 nihil
690 1219 792 1277 llerodi
814 1237 915 1278 renun-

116 1306 258 1372 tiassent,
288 1307 362 1380 quod
385 1311 532 1367 crediderit
553 1312 615 1369 illos
635 1313 742 1375 visione
762 1315 847 1372 stellae
866 1317 914 1372 de-

118 1405 230 1469 ceptos,
245 1407 273 1456 ει
288 1399 348 1456 ideo
363 1401 508 1460 erubuisse
524 1404 614 1460 redire
627 1405 660 1460 ad
674 1421 719 1474 se;
739 1407 817 1462 etita
837 1409 913 1479 quie-

117 1489 162 1544 vit
183 1503 199 1544 a
221 1489 301 1560 pueri
322 1490 509 1561 inquisitione.
528 1491 581 1549 Sed
601 1494 710 1560 iterum,
733 1512 794 1551 cum
808 1498 914 1554 audiret

117 1589 275 1652 quaegesta
288 1589 353 1638 sunt
367 1583 395 1638 in
410 1583 521 1655 templo,
540 1585 606 1656 quid
627 1585 737 1644 Simeon
756 1589 865 1654 dixerit,
886 1597 913 1646 et

116 1673 189 1744 quid
200 1671 279 1728 hnna
288 1674 502 1745 prophetaverit,
513 1678 599 1733 sensit
612 1693 641 1735 se
654 1678 763 1736 illusum
779 1695 794 1734 a
808 1682 911 1752 magis;

116 1773 148 1819 ct
167 1765 197 1820 in
209 1773 328 1822 mortem
341 1765 444 1823 Christi
454 1781 615 1841 properans,
627 1769 729 1828 oceidit
742 1787 837 1828 omncs
847 1788 913 1842 pue-

117 1871 169 1912 ros
183 1858 211 1912 in
225 1859 354 1914 omnibus
369 1857 468 1915 imihus
483 1859 650 1927 Bethlehem,
666 1878 681 1917 a
698 1861 752 1918 lilio
768 1863 850 1919 unius
865 1879 913 1918 no-

118 1949 272 2021 ctisusque
282 1949 316 2004 ad
324 1949 518 2007 iiliosduorum
528 1967 670 2009 annorum.
683 1953 804 2012 Bimatus
814 1956 914 2028 quippe

119 2042 244 2112 spatium
258 2049 300 2098 est
312 2041 429 2099 duorum
444 2059 590 2102 annorum.
607 2045 708 2103 imatos
721 2047 793 2104 enim
810 2046 912 2115 Cumae,

120 2149 217 2191 annus
231 2135 330 2190 dicitur
341 2133 447 2192 Latine.
471 2135 578 2211 [Brun]
599 2138 708 2196 Occisio
728 2142 912 2212 parvulorum,

120 2226 282 2296 passionem
296 2227 393 2299 ligarat
407 2228 529 2285 omniurn
547 2239 709 2304 martyrum,
729 2233 776 2305 qui
797 2233 913 2306 parvuli,

119 2315 151 2370 id
167 2325 211 2373 est
231 2317 348 2375 humiles
360 2329 388 2376 ει
407 2320 568 2378 innocentes
585 2321 669 2380 oe'cisi
684 2323 797 2380 suntab
812 2323 912 2397 impiis,

119 2425 194 2482 quos
206 2410 344 2483 significat
359 2411 490 2471 llerodes.
507 2413 585 2481 Quod
605 2416 711 2486 paruuli
731 2417 817 2472 occisi
839 2424 913 2482 suut,

119 2502 171 2558 sed
185 2502 316 2560 Christus
326 2505 423 2572 erasit,
439 2506 561 2562 insinuat
574 2522 689 2580 corpora
704 2523 784 2579 posse
797 2509 893 2580 perimi
905 2526 913 2576 ;

119 2593 172 2650 sed
185 2593 328 2652 Christum
341 2613 391 2668 pro
404 2613 459 2669 quo
473 2599 627 2670 persecutio
649 2600 735 2664 saerit,
759 2600 914 2656 nullatenus

119 2701 205 2758 posse
222 2687 348 2746 lidelibus
362 2689 475 2746 auferri.
487 2689 550 2748 Sive
562 2692 636 2748 enim
647 2691 773 2756 uiuimus,
789 2693 846 2748 sive
856 2707 914 2748 mo

119 2777 222 2843 rimur,
237 2777 345 2835 Domini
359 2795 464 2838 sumus.

158 2869 237 2925 Tunc
248 2870 421 2942 adimpletum
433 2874 551 2944 estquod
562 2872 662 2929 dictum
672 2883 710 2930 ert
719 2889 763 2944 per
772 2871 914 2930 ieremiam

118 2962 289 3032 prophetant,
302 2963 451 3019 dicentem:
469 2964 526 3020 l'oc
540 2967 566 3020 ia
580 2982 655 3020 rama
669 2965 761 3021 audita
779 2977 835 3031 ert,
854 2966 914 3036 plo-

967 580 1005 634 ita
1019 588 1049 635 ut
1063 580 1109 652 qui
1124 580 1253 637 saeculum
1269 586 1357 634 morte
1373 579 1507 643 uicerunt,
1530 593 1626 633 retusus
1645 579 1680 634 ad
1698 595 1751 634 sae-

966 671 1020 726 culi
1035 670 1191 726 contamina
1210 684 1302 726 secum
1317 668 1457 725 toleranda
1471 668 1588 724 redeant.

1266 759 1381 818 CAPUT
1406 759 1451 816 h'l.

1000 851 1131 922 Defuncto
1148 861 1235 906 autem
1246 849 1359 917 Herode,
1371 867 1428 906 ecce
1438 851 1561 921 apparuit
1573 852 1680 922 angeles
1695 851 1750 908 Do·

966 945 1031 999 mini
1044 945 1072 998 in
1091 945 1189 999 somnia
1201 941 1300 1013 loseph
1316 943 1343 997 ia
1363 940 1488 1015 AEquto,
1502 941 1591 999 dicens
1602 959 1612 997 .·
1623 942 1707 1016 Surge
1726 954 1754 1000 et

965 1037 1052 1104 accipe
1075 1050 1186 1105 pamm
1208 1043 1234 1090 et
1246 1042 1358 1090 matrem
1379 1035 1454 1105 ejas,
1477 1045 1502 1089 et
1522 1034 1634 1090 cadelo
1653 1047 1753 1091 terram

966 1128 1054 1184 lsrael
1066 1149 1072 1184 :
1084 1128 1202 1199 defuncti
1221 1137 1283 1184 runt
1302 1128 1372 1184 enim
1396 1128 1440 1199 qui
1462 1127 1613 1199 quarelam
1635 1129 1752 1184 animam

964 1225 1048 1294 pueri.

999 1316 1039 1370 Er
1058 1316 1110 1372 hoc
1127 1315 1190 1372 loeo
1206 1315 1399 1386 intelligimus,
1420 1313 1529 1369 scribas
1548 1321 1582 1370 et
1597 1312 1754 1370 sacerdotes

964 1423 1027 1463 cum
1047 1406 1152 1464 llerode
1165 1422 1261 1463 necem
1271 1406 1387 1472 ,Domini
1402 1403 1489 1462 luisse
1503 1404 1658 1463 meditatos.

1000 1499 1052 1566 Qui
1062 1514 1228 1569 consurgene,
1240 1499 1339 1567 accepit
1353 1513 1461 1571 puerum
1480 1504 1504 1550 ct
1523 1504 1633 1551 matrem
1645 1511 1713 1566 equa,
1725 1503 1753 1551 et

964 1593 1031 1646 uenit
1042 1592 1071 1646 in
1082 1600 1179 1646 terram
1191 1589 1287 1647 lsrael.
1302 1589 1418 1644 Audieris
1429 1597 1516 1642 autem
1528 1587 1597 1659 quad
1607 1586 1753 1642 Archelaus

964 1695 1084 1756 regnaret
1097 1681 1231 1739 iniudaa
1244 1699 1291 1754 pro
1307 1679 1411 1736 lierode
1424 1689 1499 1750 patre
1514 1696 1572 1747 auc,
1588 1679 1675 1734 circuit
1686 1678 1754 1734 illua

964 1778 1012 1842 irc,
1036 1787 1060 1831 et
1080 1777 1231 1846 admonitus
1250 1775 1278 1830 iu
1299 1774 1409 1839 romeu,
1432 1773 1537 1828 secessit
1552 1775 1580 1826 in
1594 1781 1685 1842 partes
1699 1769 1754 1826 Ga·
1778 1842 1782 1851 Ι

965 1869 1050 1924 lilaea.

1001 1959 1127 2032 [Binan]
1147 1959 1268 2016 Audiens
1282 1957 1318 2013 ab
1333 1959 1429 2029 angelo
1443 1957 1554 2029 loseph,
1569 1956 1637 2012 vade
1651 1957 1679 2011 in
1697 1962 1754 2010 ter-

965 2067 1024 2108 ram
1037 2052 1120 2109 lsrael
1133 2072 1140 2107 ι
1153 2051 1287 2108 intellexit
1299 2049 1421 2107 iudaeam
1434 2050 1527 2106 uocari
1542 2056 1643 2104 terram
1657 2046 1753 2111 lsrael,

964 2145 1115 2216 praesertim
1133 2159 1196 2198 cunr
1209 2142 1347 2199 rideretur
1359 2142 1384 2197 ei
1399 2142 1479 2197 talem
1506 2156 1621 2212 puerum
1633 2155 1688 2195 rron
1703 2140 1754 2194 aii-

965 2237 1029 2293 cubi
1051 2236 1150 2292 debere
1172 2233 1297 2290 habitare
1316 2233 1371 2289 nisi
1392 2234 1421 2288 in
1442 2231 1607 2301 Jerusalem,
1627 2232 1673 2287 uhi
1694 2243 1756 2288 erat

964 2328 1096 2398 templum
1110 2336 1138 2383 et
1153 2325 1301 2383 celebratio
1324 2325 1528 2396 prophetarum.
1555 2324 1640 2380 Poma
1664 2330 1755 2379 autern

965 2429 1109 2492 postquam
1123 2417 1256 2490 comperit
1271 2417 1328 2474 illic
1339 2432 1454 2489 regnare
1473 2417 1646 2483 Archelaum,
1667 2416 1757 2474 noluit

965 2513 1085 2583 obiicere
1104 2527 1134 2568 se
1157 2510 1197 2564 illi
1219 2509 1358 2582 periculo,
1382 2524 1445 2565 cum
1466 2514 1559 2579 posset
1579 2516 1653 2562 terra
1671 2504 1756 2563 lsrael

964 2605 1048 2661 etiam
1063 2605 1104 2661 sic
1116 2601 1243 2674 intelligi,
1262 2610 1293 2658 ut
1310 2609 1338 2658 ει
1356 2599 1467 2656 Galilaea
1488 2601 1545 2658 iilic
1564 2601 1755 2671 deputaretur,

965 2696 1031 2768 quia
1044 2702 1072 2751 ει
1086 2696 1173 2765 ipsam
1187 2695 1304 2766 populus
1316 2691 1400 2749 lsrael
1418 2692 1563 2748 incolebat.
1578 2691 1644 2747 Bura
1663 2699 1756 2747 autem

966 2795 1031 2845 suat
1042 2784 1169 2853 Galilaea,
1190 2801 1245 2842 una
1264 2786 1354 2841 uicina
1373 2782 1473 2857 Tyriis,
1491 2784 1525 2839 de
1547 2799 1603 2854 qua
1621 2784 1757 2853 scriptum

965 2885 1008 2936 est
1020 2897 1027 2933 :
1040 2876 1158 2932 Galilaea
1172 2876 1285 2947 gentium
1300 2874 1369 2947 (lca.
1384 2873 1438 2948 rx);
1451 2876 1538 2930 altera
1550 2875 1624 2930 eirca
1636 2872 1757 2929 'liberia-

965 2971 1027 3028 dcm
1041 2977 1068 3026 ει
1082 2977 1207 3040 stagnum
1221 2967 1398 3024 Genesareth.

119 3064 200 3109 ratus
213 3065 238 3110 ει
251 3055 370 3110 ululatur
384 3055 493 3111 multus.
515 3055 612 3113 Rachel
625 3058 732 3128 plorans
752 3058 823 3129 filios
841 3075 913 3124 auor,
1002 3061 1037 3117 Et
1048 3064 1151 3118 ueniens
1165 3061 1293 3116 habitauit
1304 3062 1332 3115 ia
1347 3060 1461 3123 ciuitate,
1472 3075 1530 3130 qua·
1540 3068 1648 3114 uocatur
1661 3057 1757 3112 llaea·

119 3157 146 3203 ct
158 3148 249 3203 noluit
260 3147 393 3203 consolari
402 3151 465 3220 quie
475 3167 527 3205 nou
541 3160 601 3206 aaut
614 3150 680 3224 (ier.
694 3151 780 3224 nunu).
928 3175 949 3232 (χ
967 3155 1034 3221 reth,
1054 3164 1084 3208 ut
1102 3153 1289 3222 adimpleretur
1301 3151 1369 3224 quod
1387 3151 1487 3206 dietum
1500 3159 1539 3206 ert
1548 3166 1595 3221 per
1604 3149 1755 3221 praelectas,

156 3239 300 3308 Quaeritur
314 3241 453 3313 quomodo
468 3241 570 3300 Baehel
588 3245 712 3316 plorasse
725 3245 826 3302 dicitur
845 3245 915 3300 lilios
965 3247 1090 3318 quoniam
1105 3243 1244 3299 Nouercae
1259 3241 1402 3298 uocabitur.

119 3348 203 3398 suos,
219 3349 283 3389 eum
298 3335 388 3390 tribus
402 3332 472 3390 iuda
486 3351 547 3407 quae
560 3335 716 3394 Bethlehem
730 3339 847 3404 tenebat,
860 3354 915 3395 non
1003 3335 1143 3407 [Brauon]
1165 3335 1224 3390 Non
1244 3335 1348 3391 diceret
1361 3333 1514 3404 pluraliter,
1529 3349 1578 3403 per
1595 3331 1763 3404 prophetas,

119 3425 155 3482 de
173 3441 219 3490 ea,
236 3425 333 3483 sedda
352 3443 447 3484 sorore
462 3443 512 3485 sua
531 3428 580 3484 hia
602 3428 683 3485 luerit
702 3438 773 3488 orta.
798 3429 914 3488 Salutio.
966 3430 988 3485 si
1006 3429 1089 3483 lixum
1112 3428 1147 3482 de
1169 3425 1318 3496 scripturis
1338 3430 1476 3496 posuisset
1498 3425 1662 3496 exemplum.
1685 3424 1759 3498 Ergo

119 3513 186 3572 Nun
201 3521 307 3570 tantum
320 3515 348 3571 iu
362 3515 530 3584 Bethlehem,
546 3533 638 3574 rerum
655 3520 736 3576 etiam
747 3520 776 3575 in
789 3521 916 3577 omnibus
967 3534 1079 3576 sensum
1094 3516 1198 3588 accepit
1209 3517 1244 3572 de
1257 3514 1419 3587 Scripturis,
1440 3531 1496 3572 non
1510 3515 1605 3572 rerba.
1618 3515 1758 3573 Nazareus

119 3606 229 3662 linibus
238 3605 299 3676 ejus
313 3607 392 3676 pueri
407 3615 470 3664 suut
479 3609 618 3665 tmcidati.
634 3607 732 3668 Tribus
746 3619 836 3667 autem
846 3612 917 3668 Ben-
967 3611 1041 3666 enim
1051 3617 1157 3664 canctus
1166 3608 1371 3678 interpretatur,
1383 3614 1410 3664 ει
1420 3605 1565 3663 Bominum
1575 3623 1670 3665 omnes
1682 3607 1760 3664 Scri·

118 3699 212 3770 iamin
225 3713 287 3769 quae
301 3698 335 3755 de
348 3697 450 3757 Rachel
472 3708 531 3756 orta
551 3710 603 3768 εει,
619 3703 742 3775 proxima
763 3703 816 3760 luit
832 3705 917 3762 tribui
967 3712 1055 3776 pturae
1077 3711 1202 3760 sanctum
1221 3701 1333 3766 dieunt,
1352 3701 1395 3756 rel
1414 3701 1566 3758 secundum
1582 3697 1681 3756 isaiam
1702 3701 1760 3758 dici

119 3791 215 3847 iudae.
230 3789 308 3846 llndc
321 3792 419 3848 merito
433 3794 508 3850 credi
522 3795 603 3852 debet
614 3798 716 3852 multos
731 3796 917 3868 deBcnjamin
968 3801 1058 3866 1'⁰test
1081 3792 1236 3848 dicentem:
1257 3789 1335 3845 Exiet
1360 3791 1433 3861 uirga
1450 3788 1482 3844 de
1504 3787 1593 3845 radice
1616 3787 1707 3855 lesse,
1732 3797 1760 3844 et

122 3886 215 3956 stirpe
228 3882 314 3940 nasse
328 3885 447 3950 occisos,
462 3903 532 3957 quos
546 3889 690 3959 progenies
703 3887 807 3944 Baehel
827 3889 918 3959 plora·
969 3884 1041 3959 [qioa]
1066 3883 1206 3939 Nazareua
1220 3883 1252 3938 de
1266 3882 1355 3938 radice
1367 3882 1424 3952 ejus
1439 3882 1594 3938 conscendet
1607 3881 1688 3954 (lsai.
1705 3881 1758 3954 xl).

122 3981 175 4036 uit.
194 3982 242 4040 let
255 3988 321 4060 quia
339 3981 442 4037 Rachel
460 3982 540 4052 juxta
562 3980 717 4037 Bethlehem
737 3981 843 4052 sepulta
862 3987 916 4045 est,
967 3977 1037 4035 Pars
1050 3976 1151 4034 ludum
1164 3977 1193 4032 in
1206 3993 1262 4048 qua
1276 3977 1407 4049 regnabat
1420 3976 1581 4043 Archelaus,
1596 3975 1761 4032 Antichristi

123 4076 231 4135 dieitur
243 4078 400 4151 prophetico
414 4073 561 4129 locutionis
576 4071 657 4126 nouo
669 4073 758 4143 egisse
771 4087 803 4128 ca
817 4087 877 4142 que
889 4071 919 4126 in
969 4087 1100 4144 sequaces
1113 4069 1244 4128 ostendit.
1256 4069 1344 4127 Porro
1353 4068 1488 4128 Nazareth
1499 4068 1625 4134 Galilaea,
1638 4083 1694 4140 quo
1704 4067 1760 4126 Bo·

125 4169 190 4226 loeo
213 4169 308 4226 eedem
332 4168 492 4238 agebantur.
509 4165 594 4222 Banna
614 4179 670 4218 non
692 4171 735 4219 est
753 4163 798 4218 hic
818 4177 918 4220 nomen
968 4166 1060 4222 minus
1075 4163 1252 4228 transfertur,
1269 4173 1388 4234 gentem,
1403 4178 1464 4234 quae
1477 4168 1543 4217 tuuc
1556 4160 1687 4232 temporis
1709 4175 1760 4231 per

126 4260 194 4324 loci,
210 4263 257 4334 qui
268 4273 309 4318 est
320 4267 399 4332 Juxta
414 4256 515 4325 Cabaa,
531 4255 578 4312 sed
589 4256 653 4327 quia
667 4270 743 4310 rama
758 4256 919 4327 interpreta—
969 4259 1050 4316 tidem
1068 4257 1207 4314 Christum
1229 4263 1272 4313 est
1289 4261 1470 4326 susceptura,
1491 4251 1625 4324 designat.
1649 4247 1759 4324 [Brun]

127 4360 175 4409 tur
188 4353 332 4417 excelsum,
347 4351 410 4406 talis
428 4357 470 4406 est
488 4363 585 4405 sensus
598 4367 605 4404 ι
618 4346 677 4405 llos
698 4347 726 4403 in
745 4348 853 4404 excelso
871 4363 919 4403 au·
971 4351 1118 4408 sciendum
1131 4358 1174 4408 esi
1187 4350 1260 4422 quod
1275 4363 1347 4403 anno
1360 4345 1502 4403 Octaviani
1517 4344 1634 4401 Caesaris
1642 4342 1761 4415 Augusti

126 4445 186 4501 dita
200 4452 254 4508 est,
267 4444 296 4499 id
309 4451 362 4509 εει,
378 4443 458 4513 longe
473 4441 578 4510 lateque
592 4437 724 4511 dispersa.
740 4439 860 4496 Plorauit
874 4455 920 4494 au·
970 4446 1181 4519 quadragesimo
1202 4445 1334 4506 secundo,
1350 4441 1398 4512 qui
1419 4439 1557 4498 secundus
1570 4436 1760 4493 Romanorum

126 4543 185 4592 tem
210 4535 281 4593 lilios
304 4535 449 4607 progenies
471 4531 584 4596 llachel,
610 4539 637 4586 et
660 4533 747 4587 noluit
771 4532 917 4594 consolari,
934 4522 956 4576 ὓ
971 4555 1019 4596 rex
1031 4538 1154 4612 regnavit
1168 4537 1248 4593 annis
1261 4533 1460 4607 quinquaginta
1470 4548 1517 4590 sex
1528 4539 1556 4590 et
1570 4531 1663 4596 semis,
1679 4528 1762 4587 iesus

127 4627 457 4700 lll³¹¹⁰¹¹²l³¹¹lvide⁵²
479 4622 917 4696 sulfllh⁰cl⁰⁰dm⁰rlss¹0t²¹¹i
969 4633 1099 4690 Christus
1127 4632 1175 4705 (ut
1201 4632 1230 4686 in
1258 4631 1413 4703 priscorum
1441 4624 1581 4685 chronicis
1604 4624 1760 4696 reperitur)

129 4719 273 4795 [limace]
290 4720 392 4776 Rachel
406 4721 435 4775 iu
448 4717 545 4776 Genesi
564 4719 692 4776 Ecclesiae
712 4727 804 4790 typum
818 4725 919 4788 praetu-
970 4733 1073 4780 sextam
1089 4723 1184 4780 mundi
1196 4729 1304 4779 meatem
1318 4737 1368 4778 suo
1381 4719 1553 4776 consecravit
1564 4718 1693 4787 adventu,
1717 4732 1761 4774 as·

128 4816 171 4878 lit,
191 4815 273 4886 eujus
293 4831 346 4872 ros
366 4822 393 4870 et
406 4815 528 4886 ploratus
545 4811 664 4869 auditur.
685 4811 806 4866 Ecclesia
829 4814 918 4866 autem
970 4814 1103 4870 sumendo
1117 4828 1240 4879 earnem,
1253 4820 1281 4870 et
1292 4812 1369 4884 regni
1383 4811 1444 4882 eius
1460 4808 1760 4882 quadragesimoquin-

129 4907 222 4978 plorat
244 4906 325 4972 iiiios,
350 4921 404 4960 noo
427 4904 528 4961 ideireo
545 4905 609 4975 quia
627 4909 780 4978 perscriptos
804 4900 916 4963 doleret,
971 4914 1009 4961 ιο,
1029 4906 1147 4962 Herode,
1160 4903 1255 4960 00chst
1268 4920 1363 4975 pum,
1378 4921 1395 4957 q
1410 4901 1546 4957 armaten
1562 4900 1645 4970 ipssa,
1666 4916 1760 4955 m.

129 4999 180 5055 sed
195 4999 259 5070 quia
275 4999 363 5054 abbis
376 4997 587 5069 perimebantur,
603 5013 672 5068 quos
686 4997 801 5068 primurn
814 4994 918 5064 genitos
970 4997 1033 5051 darn
1044 5007 1145 5068 tempus
1154 4994 1223 5067 quod
1233 4995 1418 5066 eaquuurara
1431 4994 1525 5061 magia.
1542 4990 1667 5048 Tradunt
1676 4991 1760 5046 ctiam

131 5091 250 5146 retinere
263 5089 360 5145 voluit.
375 5087 428 5144 Sed
442 5088 559 5160 danique
570 5104 600 5144 se
613 5087 746 5144 consolari
761 5085 848 5142 uoluit
859 5100 919 5155 quae
970 5089 1091 5145 historiae
1106 5088 1196 5158 ipsum
1208 5085 1343 5143 llerodem
1354 5084 1451 5142 morbo
1473 5083 1616 5138 intercutis
1638 5096 1715 5152 aquae
1731 5087 1762 5138 ει

132 5180 251 5236 lolehat.
267 5179 327 5236 Non
340 5181 412 5234 enim
427 5187 504 5236 erant
519 5179 586 5252 [non
600 5177 688 5250 erant]
705 5179 733 5232 hi
744 5177 808 5248 quia
818 5176 919 5232 mortui
971 5179 1140 5236 scatentibus
1159 5184 1218 5232 toto
1237 5188 1361 5248 corpore·
1370 5174 1507 5231 vermibus
1525 5170 1628 5228 obiisse
1641 5171 1760 5227 misera·

131 5274 309 5346 putabantur.
325 5272 353 5329 ln
368 5273 528 5329 aternitatis
546 5272 619 5328 enlm
633 5270 783 5343 proiectum
793 5287 841 5341 per
851 5286 919 5324 mar·
971 5271 1072 5335 biliter,
1085 5287 1157 5327 anno
1167 5269 1274 5341 imperii
1285 5267 1401 5340 hurgusti
1412 5263 1620 5338 quadragesimo
1630 5263 1763 5333 septimo,

129 5367 195 5438 tyrii
220 5367 335 5439 gloriam
358 5366 548 5423 efferebantur.
577 5363 733 5420 Consolatio
760 5370 850 5418 auitam
880 5361 918 5416 rei
971 5363 999 5418 id
1023 5371 1066 5422 est
1081 5379 1152 5419 anuo
1165 5363 1286 5420 secundo
1303 5369 1367 5433 post
1378 5357 1567 5414 innocentium
1580 5357 1761 5412 occisionem,

131 5456 242 5513 amissae
255 5468 315 5513 erat
328 5458 492 5528 praestanda,
508 5471 563 5512 non
578 5463 673 5510 aucta.
688 5453 780 5509 Noluit
793 5469 857 5524 ergo
869 5468 919 5507 nec
970 5456 1025 5512 Pro
1041 5472 1096 5527 quo
1114 5455 1279 5512 suhstitutus
1298 5454 1334 5508 ab
1351 5452 1474 5524 augusto
1488 5450 1559 5505 lilius
1577 5450 1637 5519 ejus
1655 5443 1763 5502 Arche«

131 5549 222 5622 potuit
243 5549 392 5614 consolari,
417 5550 552 5621 quianon
571 5555 646 5612 sunt,
669 5547 765 5610 idest,
790 5561 871 5616 super
893 5545 919 5600 id
971 5551 1042 5614 laus,
1062 5547 1184 5620 regnavit
1204 5546 1284 5603 annis
1305 5560 1413 5610 norem,
1433 5542 1461 5599 id
1481 5550 1538 5608 est,
1561 5555 1648 5611 usque
1667 5538 1703 5593 ad
1717 5539 1761 5609 ip-

130 5641 206 5712 quod
217 5657 271 5698 non
285 5643 349 5707 sint,
359 5642 405 5698 sed
415 5643 514 5714 gaudet
525 5642 589 5713 quia
601 5639 715 5696 feliciter
725 5647 797 5695 suunt.
812 5635 918 5710 [Boon]
972 5643 1031 5698 sius
1043 5639 1158 5711 Augusti
1170 5637 1261 5694 finem.
1273 5635 1350 5691 'lime
1364 5632 1465 5691 ludaeis
1477 5629 1671 5689 accusantibus
1684 5627 1761 5683 illius

132 5731 184 5788 llcl
198 5733 277 5790 aliter
289 5753 296 5790 :
307 5732 429 5790 Bcclesia
446 5733 566 5806 quotidie
581 5734 834 5805 ploratsanetorum
849 5731 921 5787 abia·
973 5735 1141 5790 ferocitatem
1156 5731 1227 5803 apud
1242 5729 1390 5792 Romanos,
1404 5742 1503 5798 passus
1524 5733 1567 5781 est
1585 5722 1711 5780 exsilium
1730 5719 1760 5778 ia

132 5823 239 5884 tionem
255 5825 289 5884 de
304 5827 357 5886 hoc
372 5827 482 5896 seculo,
499 5825 545 5885 sed
563 5833 667 5905 tamen¹
680 5841 733 5884 non
746 5826 802 5882 vult
819 5841 920 5884 conso·
974 5828 1080 5888 liienna
1099 5825 1165 5883 urhe
1185 5823 1287 5882 Calliae.
1306 5819 1408 5878 lieinde
1425 5817 1551 5886 Romani,
1563 5823 1594 5872 ut
1610 5813 1687 5887 regui
1705 5810 1757 5870 lus
