3967 6334
147 365 203 423 toa

147 458 225 535 laem
238 480 356 551 quotidie
369 483 426 537 stne
436 482 540 538 uulnere
553 485 731 553 sacrificatur.

146 570 233 626 Panis
247 572 276 626 in
289 573 381 639 altari,
393 571 466 628 Deus
480 574 508 629 in
520 590 596 628 cruce
609 574 648 629 nii
660 574 794 629 dubitetur

125 661 214 716 'an
230 661 307 717 serio
323 664 382 717 aitte
394 665 454 733 fieri
466 667 519 719 nita
534 666 592 734 ipsa
605 666 715 735 latetur,

145 754 214 820 Qutu
229 765 326 825 repetet
340 766 461 820 mentem,
474 758 526 811 nisi
541 757 663 814 llltristus
677 759 768 818 inania
781 761 880 825 sancit,

146 841 181 897 ln
195 842 297 899 Christi
312 863 417 901 carnem
428 848 504 916 panis
518 847 668 903 substantia
681 852 787 905 transit.

145 933 215 989 une
228 937 257 990 in
272 954 351 992 carne
364 939 430 993 niltil
443 940 559 1004 carnale,
576 941 671 995 niltilse
685 950 831 996 cruentum.

143 1024 263 1095 Spiritus
276 1028 319 1082 ltic
332 1032 426 1100 tanpit,
443 1030 522 1099 uidet,
539 1032 633 1100 accipit
647 1031 682 1086 ad
696 1042 892 1088 monumentum

145 1117 220 1173 Drtlo
234 1136 320 1186 sacer,
336 1123 404 1175 tona
418 1123 537 1188 traditio,
552 1126 597 1193 pia
612 1124 716 1179 uictima
729 1128 815 1194 punis.

146 1208 223 1265 Unde
233 1212 327 1279 procul
338 1213 452 1282 facinus,
465 1217 556 1284 procui
571 1216 665 1270 horror
675 1211 701 1270 et
714 1233 779 1271 usus
792 1218 890 1272 inanis.

142 1300 282 1357 Secretum
295 1304 371 1373 (elic,
386 1323 457 1359 nona
470 1307 563 1372 uirtus,
577 1309 642 1363 utile
655 1324 772 1373 sacrum,

142 1392 204 1459 Quo
217 1395 306 1464 sactus
319 1398 428 1467 sanquis
443 1398 528 1467 liquor
540 1408 579 1451 est
592 1399 620 1453 in
636 1400 687 1453 tale
702 1399 847 1455 lavacrum.

142 1484 219 1540 Nam
232 1489 295 1558 quia
308 1498 442 1557 peccantes
457 1489 587 1544 medicina
601 1506 701 1560 semper
714 1508 827 1562 spernus,

141 1576 223 1633 lianc
235 1596 283 1649 pra
295 1582 409 1648 percutis
424 1581 580 1637 medicinam
594 1600 694 1653 semper
705 1583 840 1640 habemus.

141 1668 210 1724 llaec
225 1670 306 1726 datur
321 1672 355 1727 ad
368 1674 459 1739 uitam,
476 1673 520 1728 sed
534 1676 558 1730 ti
573 1692 632 1730 reus
645 1675 714 1729 dunc
723 1677 846 1742 verearis,

141 1760 197 1825 Qui
207 1761 299 1817 Patris
309 1765 344 1818 ad
354 1764 475 1820 dextram
486 1764 568 1831 sedet,
580 1775 606 1821 et
616 1777 749 1821 mactatur
760 1769 788 1822 in
799 1770 865 1837 aris,

139 1851 211 1909 Ecce
225 1856 295 1911 eides
308 1858 335 1910 in
350 1857 405 1929 lepe
419 1868 491 1929 typos
504 1869 530 1913 et
543 1861 619 1930 siqna
631 1861 742 1929 perisse,

139 1944 185 1999 Aa
195 1950 380 2021 propriamque
394 1958 471 2019 caput
489 1952 542 2005 tria
554 1960 723 2007 sacramenta
736 1950 844 2007 redisse.

472 2084 507 2173 L
562 2066 607 2114 275

514 2146 527 2170 0
577 2142 593 2177 1

174 2205 222 2259 Ait
236 2216 324 2261 autem
337 2207 467 2265 Dominus
482 2209 608 2266 Simoni:
623 2210 725 2276 Simon,
740 2229 797 2267 ecce
811 2210 927 2268 Satanas

136 2299 261 2366 expetivit
277 2316 331 2362 nos.
347 2311 377 2355 ut
391 2302 518 2358 crilrraret
536 2305 604 2358 sicut
624 2306 751 2361 triticum.
769 2305 824 2379 Epo
839 2316 927 2360 autem

137 2395 231 2463 rapaci
240 2410 290 2462 pro
301 2404 334 2457 te,
345 2407 375 2450 ut
386 2414 438 2451 non
449 2395 556 2467 deficiat
565 2398 630 2467 fides
642 2408 698 2454 tua.

175 2482 285 2561 [Danu]
306 2488 389 2545 Docet
402 2490 541 2560 ,Dominus
561 2492 663 2547 nullius
682 2491 761 2547 tidem
782 2507 797 2546 a
818 2492 927 2549 diabolo

135 2578 251 2641 tentari,
264 2579 318 2634 nisi
332 2578 388 2635 Deo
401 2583 582 2651 permittente.
598 2580 714 2637 Satanas
727 2583 829 2651 expetit
839 2583 926 2639 honos

135 2667 171 2721 ad
186 2669 376 2737 cribrandum,
393 2672 445 2727 hoc
459 2680 511 2737 est,
522 2674 631 2728 aulrelat
646 2673 679 2728 ad
694 2673 865 2730 allliotionem
879 2691 926 2731 eo·

134 2773 211 2814 rum.
226 2757 360 2817 Dominus
374 2769 451 2833 rogat
468 2779 519 2834 pro
537 2762 627 2828 Petro,
648 2778 704 2817 non
725 2769 824 2817 utnon
840 2770 926 2819 tente-

134 2857 192 2915 tur,
209 2853 257 2908 sed
275 2862 304 2908 ut
317 2859 380 2924 post
400 2855 506 2924 lapsum
528 2856 681 2926 negationis
702 2855 737 2909 ad
751 2863 852 2911 statum
869 2857 926 2926 pri-

134 2943 243 2999 stinum
261 2946 394 3016 resurgat.
416 2946 465 3002 Est
483 2947 555 3002 enim
575 2948 679 3003 sanctis
699 2948 777 3010 utile,
800 2949 926 3002 tentatio·

133 3036 220 3092 niDus
232 3038 393 3101 examinari,
409 3047 440 3093 ut
453 3039 493 3095 rel
507 3039 607 3094 tentari
621 3054 702 3110 qtram
719 3039 802 3096 lortes
814 3038 923 3105 luerint,

134 3136 297 3200 appareant,
313 3130 356 3185 vel
371 3131 479 3200 cognita
493 3146 542 3200 per
555 3131 732 3185 tentationem
747 3146 796 3187 sua
811 3131 926 3191 infirmi·

134 3228 202 3285 tate,
219 3221 348 3277 tortiores
362 3221 420 3276 lieri
434 3221 552 3289 diseunt,
574 3223 654 3279 etsie
668 3238 731 3279 cum
744 3225 852 3295 probuti
866 3227 926 3286 iue-

134 3312 203 3378 rint,
218 3314 355 3385 accipiant
367 3328 497 3369 coronam
509 3314 582 3370 ritae.

472 3426 519 3475 274
551 3445 584 3537 Α
640 3427 687 3480 229

423 3508 436 3532 ο
481 3502 505 3539 lx
592 3512 604 3535 ο

172 3572 208 3631 Et
219 3583 249 3631 itt
259 3574 403 3650 nttqarndo
414 3591 563 3645 conuersus,
575 3582 703 3651 confirma
714 3583 810 3652 iratres
824 3591 892 3638 tuos.

169 3667 301 3743 Exemplo
313 3679 367 3726 tuae
378 3673 544 3743 poeniteutiae
558 3671 689 3727 conlrrma
705 3672 804 3730 iratres
815 3682 877 3730 tuos
889 3690 924 3730 ue

131 3762 293 3833 desperent,
306 3771 369 3835 post
379 3772 523 3835 peccatum
535 3764 662 3820 conversi
673 3765 771 3821 adme.

462 3896 495 3985 Α
552 3877 599 3930 125

503 3959 517 3986 θ
567 3957 584 3992 1

167 4047 193 4099 F
193 4046 275 4113 ilioli,
287 4046 373 4102 adduc
384 4046 516 4102 modicum
526 4046 659 4103 nobiscnm
669 4064 738 4104 surn.

164 4139 321 4211 Antequam
335 4140 449 4205 moriar,
469 4140 498 4193 in
521 4140 573 4196 hac
595 4140 754 4196 infirmitate
768 4141 860 4197 carnis
872 4158 921 4197 ro-

128 4230 238 4285 hiscum
262 4231 399 4287 modicum
423 4248 489 4297 ero,
521 4248 584 4287 nam
606 4241 668 4304 post
691 4236 919 4291 resurrectionem

128 4337 187 4377 non
199 4338 249 4379 ero
262 4324 402 4381 vobiscum
414 4325 443 4379 in
457 4327 597 4380 consortio
608 4326 773 4383 infirmitatis
783 4327 917 4385 humanae.

166 4414 300 4482 Quaeretis
314 4432 364 4480 me,
379 4423 405 4469 et
419 4416 487 4469 sicut
500 4415 557 4470 disi
570 4415 683 4483 Iudeis
704 4435 755 4489 quo
773 4436 819 4490 epo
840 4420 916 4488 oudo,

129 4524 173 4567 trs
189 4528 242 4565 non
255 4512 363 4579 potestis
376 4512 472 4576 uenire,
487 4519 512 4564 et
525 4510 595 4565 uoltis
606 4510 664 4567 dico
676 4512 762 4568 modo.

163 4601 224 4659 lloo
243 4610 301 4669 est,
313 4603 396 4661 modo
414 4621 471 4660 non
489 4605 614 4675 potestis.
637 4603 739 4660 ludaeis
754 4612 920 4662 autemeam

127 4697 244 4761 diceret,
260 4714 315 4754 nou
328 4697 441 4769 addidit,
455 4701 547 4755 modo.
562 4699 598 4755 Ut
610 4706 701 4755 autern
716 4700 862 4771 aliquando
877 4717 921 4757 me

128 4791 295 4861 sequamini,
306 4791 447 4848 moriendo
457 4807 507 4863 pro
515 4793 632 4863 iustitia,
644 4792 779 4850 veniendo
788 4792 821 4848 ad
836 4792 919 4848 vitam

129 4881 325 4947 immortalem,
340 4897 452 4938 versare
462 4884 600 4939 mandata.

162 4972 324 5029 llandatum
340 4991 436 5031 nonum
457 4975 491 5030 do
506 4977 588 5040 uoltis,
604 4986 635 5030 ut
654 4976 773 5048 diligatis
794 4976 916 5041 inuicem,

126 5072 197 5124 siem
209 5070 295 5124 dilexi
307 5087 364 5135 aas,
379 5078 409 5123 ut
420 5079 446 5125 et
460 5087 504 5125 aas
514 5069 634 5141 diliqatis
644 5070 763 5124 inuicem.

160 5163 260 5219 Nonne
272 5163 301 5218 iu
316 5162 400 5219 reteri
415 5163 474 5233 lege
487 5170 555 5226 erat,
571 5160 665 5232 diiipes
673 5160 825 5229 proximum
844 5168 918 5213 tuum

603 366 637 425 tu
657 368 756 426 uultu
774 368 821 424 ml
839 366 1133 442 Ι011111110111111111
1153 366 1328 435 QUARTUS.

947 485 972 543 A
985 480 1149 537 haberemus
1163 482 1246 537 eum?
1260 479 1333 535 Nihil
1345 480 1433 551 diligit
1447 480 1571 537 medicus
1584 480 1613 536 in
1626 484 1706 553 aegris
1719 486 1772 542 nisi

918 625 920 628 .
985 572 1101 628 salutem
1114 588 1195 643 quiam
1206 572 1281 643 cupit
1297 587 1433 628 revocare.

1717 370 1770 427 tto

1022 662 1055 716 ln
1069 664 1117 717 ltoc
1128 672 1281 735 copnoscent
1294 680 1381 719 omnes
1395 664 1457 735 auia
1471 664 1522 718 mei
1532 662 1656 733 discipuli
1665 665 1737 730 estis,
1749 666 1774 720 si

984 754 1148 810 dilectionem
1162 756 1304 810 traditoritis
1321 757 1355 809 ad
1369 756 1488 813 inanem.

1020 845 1046 917 (l
1065 844 1127 903 Cor.
1143 858 1218 917 rur.)
1230 846 1289 900 Alia
1306 861 1419 901 munera
1430 860 1489 901 rnen
1504 846 1604 901 habent
1617 845 1699 901 etiam
1717 862 1773 901 nou

982 938 1047 1005 mei,
1068 947 1194 994 naturam
1217 939 1351 1002 uidelicet,
1367 939 1460 1002 vitum,
1481 953 1603 1003 sensum,
1626 939 1771 1003 rationem,

983 1030 1079 1100 tidem3
1093 1032 1138 1087 sed
1152 1031 1278 1102 quoidam
1294 1032 1454 1086 charitatem
1466 1048 1520 1087 non
1532 1031 1642 1094 habent,
1657 1039 1687 1085 ut
1697 1046 1772 1103 cynt-

982 1123 1045 1178 bala
1060 1130 1236 1194 curtcrepaut,
1245 1132 1271 1178 et
1281 1124 1349 1177 nihil
1361 1124 1400 1178 eis
1412 1122 1535 1194 prodest.
1546 1120 1596 1177 llic
1607 1121 1730 1188 cstlnus,
1743 1122 1772 1179 in

982 1230 1038 1285 quo
1054 1216 1159 1271 alicnus
1174 1230 1229 1269 uon
1242 1215 1434 1271 communicat.

1053 1325 1108 1413 Α.
1144 1307 1190 1416 1116
1221 1326 1286 1416 Μ.
1321 1306 1367 1356 189
1404 1327 1457 1412 Β.
1494 1305 1539 1355 170
1573 1324 1627 1413 ι·
1660 1304 1708 1354 trs

1017 1475 1089 1531 Dicit
1098 1474 1221 1531 eiSirnon
1230 1473 1342 1529 Petrus:
1354 1472 1474 1539 Domine,
1485 1490 1535 1545 qua
1546 1471 1642 1528 uadis?
1653 1469 1770 1541 Respon-

980 1569 1020 1623 dit
1033 1570 1058 1625 ei
1070 1568 1149 1624 lesus
1162 1585 1170 1621 .·
1185 1569 1298 1638 Quoepo
1311 1565 1389 1633 uado,
1398 1584 1449 1621 non
1459 1574 1532 1637 potes
1543 1581 1583 1619 me
1595 1560 1769 1632 madorequi,·

980 1662 1096 1733 sequeris
1109 1669 1197 1714 autem
1207 1669 1307 1729 postea.

1017 1752 1115 1807 Audita
1126 1750 1280 1806 dilectionis
1289 1750 1344 1813 uia,
1353 1763 1406 1819 qua
1415 1745 1570 1818 sequendus
1577 1752 1619 1802 est
1628 1742 1768 1804 Dominus,

943 1841 965 1895 B
979 1845 1045 1899 dicit
1059 1844 1157 1899 Petrus
1173 1851 1201 1897 ut
1216 1842 1292 1913 sequi
1314 1848 1445 1911 paratus:
1462 1838 1588 1903 Domine,
1600 1853 1650 1909 quo
1672 1832 1771 1888 uadis?

981 1936 1035 1993 Sed
1049 1938 1094 2007 qui
1108 1944 1196 1990 totum
1216 1935 1307 1999 novit,
1320 1934 1399 1989 docet
1413 1946 1475 1987 eum
1486 1947 1520 1986 ne
1534 1936 1690 2001 praesumat,
1705 1924 1770 1995 quia

978 2029 1099 2084 noudum
1110 2036 1154 2084 est
1164 2026 1275 2083 indutus
1290 2026 1390 2080 virtute
1402 2040 1435 2079 er
1446 2024 1512 2079 alto.

1134 2138 1197 2225 M·
1234 2118 1279 2232 lliv'l
1318 2138 1372 2223 R·
1407 2115 1453 2165 l68
1486 2132 1540 2221 Α.
1576 2111 1621 2161 ll!

1015 2288 1087 2343 Tunc
1102 2286 1165 2341 dicit
1180 2286 1233 2340 illis
1244 2284 1332 2340 lesus.
1348 2284 1442 2340 Ontnes
1455 2299 1498 2337 uos
1514 2278 1669 2335 scandalum
1688 2276 1770 2345 patia-

977 2380 1043 2435 mini
1057 2381 1085 2434 in
1100 2396 1140 2433 nte
1154 2380 1181 2433 in
1197 2378 1249 2433 istu
1264 2386 1348 2432 nocte.

1011 2472 1140 2527 Praedicit
1154 2469 1225 2542 quod
1241 2468 1350 2539 passuri
1365 2466 1431 2535 sint,
1447 2473 1477 2519 ut
1491 2480 1554 2519 cum
1568 2463 1641 2534 passi
1656 2460 1766 2524 luerint,

976 2579 1032 2621 non
1044 2565 1198 2635 desperent:
1213 2560 1358 2633 signanter
1368 2558 1483 2621 addidit,
1495 2558 1524 2611 io.
1536 2557 1588 2611 ista
1599 2562 1690 2615 noctes
1703 2553 1768 2623 quia

977 2657 1004 2712 in
1028 2658 1148 2712 tenebris
1163 2653 1340 2711 scandalizati
1363 2658 1427 2709 snm
1441 2652 1513 2708 sicut
1531 2646 1681 2705 ebullias
1702 2658 1768 2701 uero

976 2748 1119 2803 dicamus:
1139 2744 1201 2800 Nau
1211 2744 1362 2816 precessit,
1378 2742 1434 2797 diet
1448 2750 1536 2795 autem
1551 2734 1769 2810 appropinquavit

976 2838 1154 2914 (licuntur).
1214 2924 1240 3014 Ν
1311 2906 1426 3011 WB
1483 2902 1528 2953 ¹69

1264 2988 1276 3012 ι
1322 2981 1345 3017 rr
1434 2986 1446 3010 ι

1012 3076 1146 3152 Scriptum
1155 3083 1195 3135 ost
1209 3076 1277 3133 enim
1289 3090 1297 3127 :
1310 3073 1462 3133 Pecuniam
1474 3086 1617 3147 pastorem,
1631 3080 1657 3127 et
1668 3071 1768 3141 disper·

938 3190 959 3246 (2
975 3185 1068 3248 penttrr
1081 3191 1139 3229 oues
1152 3174 1247 3244 pranis.
1262 3171 1407 3244 Postquam
1415 3180 1502 3227 autem
1513 3182 1661 3232 surrexero,
1672 3178 1767 3235 prute-

975 3269 1038 3323 dam
1052 3285 1096 3323 ons
1111 3268 1137 3321 in
1152 3266 1302 3322 Gallinam.

1013 3358 1151 3435 [Hieron]
1167 3358 1196 3414 ln
1212 3358 1344 3414 Zacharia
1365 3355 1497 3428 propheta
1512 3353 1644 3425 scriptum
1667 3354 1711 3405 est
1731 3362 1767 3403 ex

974 3468 1092 3523 persona
1118 3452 1256 3523 prophetae
1281 3450 1315 3506 ad
1347 3450 1460 3505 Deum:
1490 3446 1600 3501 Percote
1633 3450 1765 3515 pastorem

975 3540 1068 3613 (laci.
1083 3542 1156 3613 riti).
1177 3540 1302 3613 Postulat
1321 3537 1478 3609 passionem
1488 3533 1606 3588 Domini.
1619 3530 1700 3585 Patet
1721 3543 1765 3583 re·

974 3635 1109 3705 aporrdet:
1133 3633 1284 3688 Pereutiam
1298 3640 1440 3701 pastorem.
1462 3626 1592 3683 Precilius
1614 3624 1686 3679 euim
1701 3636 1766 3677 sau·

973 3734 1080 3783 storum
1096 3724 1182 3782 Filius
1198 3741 1212 3780 a
1227 3724 1308 3780 Patre
1323 3724 1439 3779 mittitur
1452 3727 1480 3778 et
1494 3718 1655 3791 percutitur,
1670 3711 1762 3775 idest,

972 3820 1141 3883 incarnatur,
1162 3825 1189 3873 et
1200 3818 1312 3888 patitur,
1323 3823 1350 3872 et
1360 3815 1556 3884 disperguntur
1571 3822 1646 3871 ores,
1656 3812 1765 3876 pastore

972 3922 1062 3986 capto.
1079 3913 1253 3969 Resurrectio
1267 3912 1445 3984 promittitur,
1460 3916 1491 3962 ut
1508 3920 1571 3976 spes
1585 3917 1641 3959 non
1659 3899 1765 3956 exstin-

971 4014 1081 4079 guatur.
1094 4006 1253 4063 Consolatio
1264 4005 1335 4061 enim
1347 4002 1515 4075 praedicitur,
1527 3997 1573 4052 ubi
1584 3992 1764 4051 claritlcatum

970 4100 1173 4156 resurrectione
1193 4098 1335 4161 videbunt,
1345 4095 1394 4167 qui
1408 4092 1500 4149 moesti
1514 4090 1604 4144 locum
1624 4082 1763 4157 passionis

971 4193 1126 4248 audierant.

1045 4280 1107 4369 Μ.
1144 4260 1189 4369 28¹⁹
1223 4279 1277 4366 R·
1313 4255 1359 4307 tto
1392 4274 1445 4360 L·
1480 4254 1527 4303 275
1558 4268 1612 4356 A·
1648 4245 1695 4296 125

1004 4425 1173 4496 Respondeas
1196 4432 1284 4479 autern
1304 4420 1416 4484 Petrus,
1432 4418 1471 4473 ait
1492 4416 1553 4472 ilii:
1576 4412 1650 4469 Etsi
1671 4427 1761 4466 omnes

936 4528 959 4582 l)
973 4519 1150 4577 scandalizati
1161 4517 1258 4587 fuerint
1268 4515 1295 4569 in
1306 4524 1339 4580 te,
1350 4530 1396 4584 epo
1404 4527 1538 4582 nunquam
1546 4501 1760 4566 scandalizabor,

970 4610 1003 4669 L.
1018 4614 1063 4684 qui
1075 4620 1158 4666 tecum
1172 4618 1282 4679 paratus
1294 4624 1352 4662 tutu
1363 4614 1387 4660 et
1398 4606 1563 4659 incarcerem
1573 4609 1598 4656 et
1612 4600 1640 4654 in
1650 4604 1760 4675 mortem

947 4753 949 4756 .
970 4704 1019 4759 ire.
1034 4703 1068 4758 rt.
1086 4703 1210 4757 Aninram
1226 4716 1310 4755 meam
1324 4715 1371 4770 pro
1388 4708 1412 4753 te
1422 4713 1529 4769 ponam.

1007 4794 1146 4868 {Diaron}
1170 4793 1231 4850 Non
1254 4800 1296 4849 est
1315 4792 1455 4847 temeritas
1477 4786 1562 4853 Petri,
1588 4784 1643 4861 sed,
1660 4782 1758 4838 ardens

970 4888 1083 4944 allectus
1097 4902 1163 4958 erga
1177 4884 1356 4940 Salvatorem.
1638 4949 1642 4957 ι
1714 4954 1718 4961 .

1005 4977 1147 5049 Despondit
1169 4976 1247 5031 lesus
1269 4992 1278 5030 :
1297 4974 1421 5030 Animam
1443 4980 1515 5027 tuam
1530 4986 1577 5041 pro
1601 4984 1641 5022 me
1660 4964 1759 5035 pones?

969 5070 1009 5127 ll.
1024 5070 1056 5127 ll.
1072 5068 1103 5125 t..
1120 5066 1155 5123 Α.
1169 5067 1252 5122 Amen
1267 5066 1326 5120 dieo
1342 5065 1399 5129 tilri,
1414 5064 1477 5137 quia
1491 5064 1519 5115 in
1534 5060 1582 5114 ltnc
1597 5065 1670 5112 nacte
1683 5063 1759 5109 unte-

968 5158 1143 5232 quampailus
1158 5166 1255 5223 cantet,
1271 5166 1309 5212 tar
1321 5174 1360 5213 nte
1374 5155 1491 5226 nepotis.

126 5270 253 5329 inaquam
263 5260 394 5327 teipsum?
407 5257 463 5313 Cur
477 5272 542 5329 ergo
552 5274 646 5313 nouum
659 5257 704 5311 hic
715 5256 835 5311 dicitur?
848 5254 918 5322 Quia
1004 5246 1148 5321 [dacusa]
1161 5245 1334 5302 volumtatem
1345 5260 1422 5302 suam
1432 5242 1552 5313 jactabat
1562 5239 1696 5305 intumus,
1708 5234 1756 5291 sed

125 5350 241 5405 innovat
267 5346 440 5407 obedientem
455 5350 521 5405 -ista
547 5348 677 5412 dilectio,
713 5363 794 5419 uuam
822 5346 916 5403 Domi·
968 5339 1117 5411 aspiciebat
1128 5338 1309 5394 valetudinem
1320 5332 1539 5393 medicus.'l1·ina
1550 5332 1623 5389 Petri
1635 5328 1756 5400 negatio.

125 5437 917 5513 nusjntaearnattuiteeuoneutstinguerenaudiuit:sicut
967 5433 991 5488 si
1017 5440 1080 5503 post
1109 5432 1226 5502 primurn
1259 5429 1322 5500 galli
1350 5436 1459 5484 cantum
1484 5426 1626 5496 inciperet,
1656 5421 1756 5476 laisum

123 5536 207 5592 dilexi
221 5553 277 5592 uas.
293 5534 363 5590 lllud
375 5536 464 5606 majus
478 5534 652 5598 mandatum,
669 5547 723 5603 quo
742 5530 917 5602 praecipimur
966 5526 1070 5583 dixisse
1084 5525 1242 5580 riderentur
1265 5522 1418 5589 Matthaeus,
1438 5519 1538 5586 Lucas,
1559 5518 1687 5579 ioannes,
1708 5512 1757 5603 qui

122 5631 238 5702 diligere
257 5629 345 5686 Deum
364 5645 398 5685 ex
416 5628 591 5692 totocorde,
609 5626 717 5683 ridetur
735 5624 782 5679 hic
802 5630 915 5695 prseter-
945 5671 947 5674 .
966 5618 1093 5675 dixerunt
1102 5618 1175 5690 quod
1187 5627 1332 5687 antequam
1343 5616 1430 5687 gallus
1443 5619 1575 5669 cantaret.
1587 5622 1651 5667 eum
1659 5607 1757 5664 Petrus

122 5723 251 5778 missum.
264 5720 318 5776 Sed
328 5715 916 5790 beneintelligentibusutrumqueinrenitur
966 5719 1039 5769 esset
1049 5720 1206 5783 negaturus.
1217 5710 1336 5775 Rursus,
1352 5710 1375 5766 si
1389 5710 1490 5765 tristam
1509 5705 1680 5778 negationem
1695 5716 1758 5773 per·

123 5816 151 5871 in
161 5812 290 5884 singulis.
307 5810 378 5878 Quid
389 5811 462 5885 enim
474 5793 549 5867 Deus⁴
560 5810 654 5867 dilexit
669 5808 697 5864 iu
711 5806 801 5875 uobis,
817 5806 871 5862 uisi
885 5813 915 5862 ut
966 5804 1077 5877 egisset,
1087 5812 1230 5877 autequam
1243 5804 1329 5877 gallus
1344 5808 1454 5867 caritate
1469 5792 1761 5875 inciperet,snporlluo
