3967 6334
794 306 1060 373 eroxxtottxlts.

395 716 878 834 SCHOLIASTES
919 717 1014 832 lu
1057 718 1460 838 LECTOREM.

146 1044 257 1100 lindum
268 1043 477 1111 estbonvole,
499 1045 574 1116 guod
588 1045 761 1102 eruditorum
774 1046 847 1101 sotis
864 1045 905 1102 le·
918 1050 1009 1116 Aque
1023 1044 1241 1117 Compendium,¹
1250 1045 1296 1101 ubi
1321 1045 1522 1118 philosophiam
1542 1050 1651 1119 publiea
1668 1065 1744 1109 sam·

115 1138 302 1202 oissemsatis,
314 1135 508 1207 huiusPoliini
526 1137 598 1195 letus
611 1138 730 1194 natalem
752 1138 904 1209 efflagitans
954 1154 1000 1193 ma
1015 1145 1057 1195 cst
1071 1153 1134 1194 cum
1158 1138 1238 1194 lande
1262 1138 1414 1211 prolessus,
1427 1140 1583 1211 gratissimo
1607 1143 1659 1199 sibi
1683 1158 1745 1199 mu-

113 1231 192 1295 tium,
204 1230 262 1285 nisi
284 1236 378 1286 certus
391 1246 426 1286 cx
440 1232 592 1287 amicornm
615 1230 749 1287 relatione
770 1230 904 1302 quasdam
954 1247 1022 1288 nere
1036 1232 1148 1304 defungi
1159 1248 1219 1288 non
1229 1234 1327 1304 potnit.

113 1324 181 1381 alias
202 1323 327 1381 auctoris
334 1324 558 1380 elucubrationes
573 1323 734 1383 delitescere
752 1325 781 1380 in
794 1324 903 1396 Anglia,
991 1323 1133 1397 Urgebant
1145 1326 1255 1383 interim
1272 1326 1356 1398 hujus
1375 1329 1466 1400 operis
1478 1328 1626 1386 editionem
1641 1328 1744 1389 doetis-

113 1429 193 1470 uuam
211 1415 241 1469 in
265 1413 375 1484 Suecio,
391 1417 559 1473 studuissem
577 1418 666 1489 prins,
676 1418 831 1489 oppidoque
850 1418 904 1473 im·
954 1419 1018 1477 sirni
1035 1420 1146 1491 quique,
1165 1420 1332 1477 parisiensis
1346 1421 1499 1493 prasertim
1522 1422 1686 1489 Academia,
1709 1424 1745 1481 ad

113 1511 236 1581 pensius,
253 1511 361 1566 nnllum
374 1526 432 1569 non
449 1525 559 1567 movere
570 1510 688 1582 lapidem
699 1517 759 1567 toto
772 1510 903 1577 triennio,
955 1524 1026 1581 quos
1037 1516 1169 1581 tanquam
1182 1508 1331 1567 adsolares
1348 1509 1441 1568 radios
1460 1510 1568 1567 Pullum
1583 1512 1657 1569 hunc
1680 1526 1749 1586 pro--

113 1602 138 1658 si
150 1602 190 1657 rel
204 1617 291 1657 unam
304 1618 339 1659 cx
352 1602 407 1659 illis
420 1604 544 1661 nancisci
558 1618 679 1674 possem,
694 1618 750 1674 qua
762 1603 791 1658 in
799 1602 904 1673 justam
954 1602 1089 1668 bandum,
1103 1602 1265 1675 aquilarum,
1276 1602 1375 1669 instar,
1391 1602 1543 1661 adduxerat
1553 1602 1746 1662 nosterbuoas

115 1694 260 1750 uoluminis
285 1695 493 1766 amplitudinem
516 1711 587 1767 opos
605 1701 787 1752 excresceret.
802 1694 905 1752 Urebat
955 1692 1126 1763 liacherius;
1146 1709 1263 1767 quorum
1286 1695 1414 1767 precibus
1435 1710 1532 1768 parcre
1551 1696 1666 1768 iussus,
1686 1712 1746 1757 rem

114 1786 232 1841 animum
243 1787 287 1843 rei
298 1787 437 1843 litterariae
448 1788 521 1843 beno
530 1786 731 1845 deditissimum
742 1788 840 1860 ingens
856 1788 906 1845 de·
956 1804 1103 1860 aggressus
1118 1804 1179 1845 sum
1193 1786 1300 1845 uiribus
1315 1788 1541 1859 meisimparent.
1555 1795 1594 1853 ct,
1609 1790 1637 1845 nl
1653 1788 1745 1854 lailor,

114 1876 243 1933 siderium
269 1879 434 1936 restituendi
453 1879 539 1937 llosis
558 1879 711 1951 Apollinem
732 1896 831 1948 soum;
853 1895 905 1936 ncc
955 1894 1052 1938 eorum
1068 1880 1141 1936 votis
1154 1880 1304 1951 indignam.
1316 1878 1389 1947 Quid
1408 1886 1500 1937 tamen
1515 1896 1589 1937 curas
1607 1882 1746 1955 smdiiqus

114 1972 223 2028 inutiles
237 1972 322 2028 rebar
338 1988 441 2039 moras,
456 1973 582 2044 quanvis
606 1973 722 2045 ingratae
742 1973 833 2030 iurent
846 1973 906 2043 ple·
955 1972 1146 2043 impenderim,
1163 1972 1260 2044 paucis
1269 1972 1392 2029 enuntio.
1706 2026 1708 2031 .

114 2065 213 2137 risque,
230 2065 255 2120 si
266 2065 364 2122 saitem
379 2080 557 2137 provocarem
571 2065 607 2122 ad
620 2067 775 2137 exemplum
789 2065 906 2137 diligen·
990 2064 1094 2122 Primo.
1109 2064 1221 2122 Veritus
1236 2065 1264 2121 in
1279 2072 1392 2123 anctore
1402 2081 1458 2122 non
1473 2074 1571 2139 sponte
1582 2066 1666 2135 iacili,
1678 2069 1747 2126 alio·

113 2156 177 2209 tiam
187 2154 354 2226 Anglornm,
375 2156 505 2228 aquibus
518 2157 658 2228 repulsam
673 2173 782 2229 passus,
797 2158 825 2213 id
842 2157 906 2213 nni·
954 2157 1004 2228 grui
1020 2156 1268 2222 christianissimo,
1288 2156 1422 2227 quosdam
1437 2157 1530 2215 obices
1551 2158 1599 2229 qui
1621 2160 1747 2215 incautos

115 2262 172 2303 cum
188 2254 355 2318 extorquere
368 2247 445 2319 potui
459 2262 546 2319 spem,
558 2262 607 2305 cos
616 2262 729 2319 operam
742 2249 857 2306 daturos
869 2264 906 2307 nc
955 2257 1068 2321 possent
1081 2248 1233 2317 remorari;
1247 2254 1275 2305 et
1289 2247 1440 2320 pracsertim
1456 2248 1485 2304 in
1497 2247 1656 2304 difficillima
1671 2264 1748 2321 qua-

115 2340 213 2395 diotius
223 2338 274 2394 vili
286 2339 397 2396 silentio
415 2340 487 2411 apud
500 2355 566 2397 suos
578 2340 696 2397 intereat
710 2340 752 2397 vir
762 2341 833 2412 apud
845 2356 905 2397 om·
955 2341 1045 2398 stione
1062 2340 1096 2397 de
1105 2340 1202 2398 ordine
1214 2340 1412 2411 assumptionis
1420 2340 1540 2413 partium
1556 2340 1747 2408 humanitatis,

114 2448 160 2489 nes
173 2431 394 2488 immortalitatis
406 2432 501 2489 laurea
513 2432 699 2491 coronandus
918 2414 941 2471 Β
955 2433 1054 2489 anima
1067 2432 1172 2491 scilicet
1187 2439 1215 2490 et
1228 2432 1366 2505 corporis,
1383 2446 1399 2487 a
1420 2429 1513 2489 Verbo
1535 2430 1639 2499 diuino,
1653 2433 1749 2504 suspi-

147 2521 196 2577 Par
216 2520 273 2578 init
290 2523 319 2578 io
337 2522 443 2579 Succos
455 2531 584 2581 conatus.
609 2540 659 2597 par
672 2526 755 2583 ctiam
777 2534 905 2582 votorum
955 2532 1035 2584 catos
1046 2524 1106 2595 ejus
1118 2526 1284 2582 sententiam
1298 2539 1426 2598 prorsus,
1441 2524 1608 2597 singularem
1623 2540 1675 2583 nec
1687 2524 1751 2583 lora

113 2616 403 2683 rneorumexcidium
419 2616 484 2673 licet
502 2616 658 2673 eruditione
679 2616 732 2674 riri
752 2619 787 2674 cl.
804 2617 906 2677 valesii
955 2623 1043 2673 tutam
1058 2618 1130 2688 apud
1141 2632 1189 2674 eos
1203 2618 1250 2689 qui
1265 2618 1348 2674 verbo
1364 2626 1445 2673 tenos
1465 2616 1527 2674 lidei
1548 2616 1675 2691 dogmata
1697 2632 1748 2675 oo-

114 2708 220 2773 tratres,
234 2724 357 2780 quorum
372 2708 537 2766 humanitati
554 2712 634 2782 ptura
644 2711 741 2777 debeo,
752 2727 809 2767 non
822 2712 906 2769 semel
956 2714 1032 2773 runt,
1048 2706 1103 2763 nisi
1118 2706 1204 2763 lacem
1215 2706 1278 2779 quis
1293 2706 1434 2781 praelerret
1449 2706 1579 2773 elittore,
1594 2714 1750 2783 cunctaque

114 2799 321 2857 sollicitaverint
329 2801 403 2872 apud
412 2800 487 2855 illam
502 2808 610 2873 gentem
623 2802 678 2859 sibi
691 2804 863 2869 notissimos,
874 2809 906 2859 ut
955 2797 1155 2855 reducerentur
1167 2797 1203 2853 ad
1216 2796 1289 2867 iuris
1308 2798 1411 2871 apices,
1427 2805 1492 2869 puta
1512 2798 1547 2855 id
1568 2814 1653 2856 ⁸³0¹ae
1672 2796 1748 2855 Seri*

114 2906 162 2947 ms.
179 2893 318 2959 codicem,
332 2894 381 2965 qui
394 2890 508 2950 Robcrti
522 2894 612 2951 nostri
628 2910 770 2953 sermones
784 2896 907 2952 continet
955 2899 1045 2963 ptura
1059 2900 1170 2948 sensum
1192 2890 1227 2947 ab
1240 2890 1369 2957 Ecclesia,
1383 2897 1431 2947 aut
1442 2892 1566 2948 unanimi
1585 2893 1698 2948 Patrnm
1714 2908 1748 2950 ax

116 2984 169 3053 (aut
183 2984 257 3042 illius
284 2986 382 3042 saltem
396 2986 597 3059 apographum)
622 2986 719 3043 inritis
741 2986 807 3042 olim
817 2986 907 3043 domi·
956 2985 1083 3057 proiesso
1098 2984 1277 3043 scribentium
1292 3000 1431 3043 consensu
1447 2986 1584 3041 llrmatum
1597 3006 1605 3055 ;
1618 2987 1652 3043 ad
1671 3002 1748 3046 mou·

114 3076 165 3141 ais,
179 3091 281 3149 nempe
294 3075 518 3135 floriacensibus
531 3077 688 3145 caenobitis,
707 3084 831 3150 ereptum
842 3094 906 3135 com
955 3077 1127 3135 menioorum
1140 3076 1320 3156 conciliorum
1335 3092 1455 3134 canones
1467 3094 1475 3145 ;
1489 3084 1517 3133 et
1527 3077 1562 3133 ad
1577 3092 1748 3134 sunrmorum

115 3170 234 3241 pluribus
249 3172 325 3238 attis,
336 3173 441 3231 nemius
455 3180 595 3230 curarem,
956 3162 1120 3235 pontilisum
1137 3161 1269 3231 decreta;
1293 3177 1354 3233 quae
1367 3162 1421 3218 tria
1438 3160 1591 3219 funiculum
1612 3163 1748 3235 triplicem

146 3262 240 3321 lstbaec
272 3265 364 3321 obiter
384 3273 601 3323 commemorata
626 3265 711 3333 volui,
739 3273 771 3321 nt
799 3265 904 3332 scires.
956 3262 1080 3322 ὓθθῑῑῑῦῑ,
1096 3264 1177 3326 lui>lu
1197 3252 1356 3329 didiciiem:
1375 3262 1523 3326 millium
1547 3254 1640 3325 plures
1658 3254 1749 3311 ⁸5¹¹*

116 3355 217 3422 loemr,
241 3372 295 3413 cnr
321 3358 419 3414 tandin
441 3357 544 3415 ditatus
568 3359 660 3429 operis
688 3358 770 3417 istiu,
790 3363 905 3430 partu„
957 3350 1075 3406 sissima
1089 3348 1167 3404 lama
1188 3347 1330 3419 theologos
1349 3361 1413 3403 oum
1439 3345 1675 3411 eminentissimae,
1697 3346 1748 3403 do-

116 3448 182 3519 quod
194 3448 252 3519 jam
270 3448 306 3503 ab
314 3462 389 3504 anno
402 3447 549 3506 millesimo
559 3448 758 3506 sexcentesimo
770 3449 907 3522 quinqua·
957 3456 1030 3506 mus,
1047 3449 1104 3497 illm
1126 3439 1207 3511 ‘085ae
1226 3436 1356 3495 Nilffl'ae
1372 3436 1477 3508 illidii>
1491 3451 1525 3493 ²⁰
1539 3451 1606 3493 *⁰⁰⁰
1619 3436 1761 3503 “imnis

116 3540 214 3611 gesimo
227 3541 321 3611 primo
335 3556 398 3597 cnm
419 3541 523 3598 nostris
543 3540 573 3597 in
586 3540 654 3598 illud
667 3540 906 3599 observationibus
958 3533 1059 3604 (luiblss
1071 3532 1141 3589 nihil
1150 3531 1262 3603 “linum
1274 3530 1353 3587 ⁰b0¹⁰
1365 3529 1455 3587 iilum
1470 3536 1524 3597 0⁵¹·
1540 3543 1635 3585 eifum
1644 3537 1750 3586 ,umen

115 3630 280 3701 excepisses,
301 3630 357 3686 nisi
381 3630 551 3687 tantumdem
571 3630 706 3701 temporis
724 3631 906 3687 destinassem
957 3625 1058 3683 ductus
1076 3623 1211 3689 consiliis,
1232 3630 1315 3679 notas
1339 3620 1473 3693 quasdam
1494 3628 1522 3679 et
1542 3620 1751 3687 obseruationes

116 3732 293 3781 revocaturus
301 3725 336 3780 ab
343 3725 443 3782 exsilio
456 3724 579 3781 codicem
593 3725 670 3781 illum
679 3725 812 3800 praecipiti
822 3740 906 3781 manu
919 3766 943 3831 c
958 3716 1058 3789 adieci,
1071 3716 1171 3788 (litibus
1186 3730 1248 3787 (1¹1ae
1261 3713 1391 3777 difficili&
1405 3714 1605 3784 0¹P¹³¹¹²¹¹²¹¹fi
1620 3728 1681 3784 (Ιυὲ
1696 3713 1749 3771 ⁰¹³·

116 3817 285 3875 mulctatum.
958 3825 1052 3879 scura,
1075 3809 1272 3875 revolvuntur,
1292 3805 1448 3863 delibantur
1473 3805 1547 3869 alia:
1570 3812 1670 3861 caetera
1687 3805 1750 3863 lliu-

148 3905 195 3964 ilis
210 3907 298 3980 igitur
308 3908 414 3966 trustra
429 3908 591 3981 perfunctus
610 3912 697 3977 curig,
711 3917 742 3967 nt
756 3910 818 3967 aliis
833 3924 905 3981 μω.
957 3910 1099 3971 strantnr;
1116 3901 1162 3957 ubi
1176 3899 1350 3973 potissimum
1375 3898 1448 3954 sacri
1464 3896 1518 3954 lori
1539 3897 1701 3955 methodum
1722 3905 1751 3954 et

117 4000 277 4057 stantissimi
291 4000 393 4073 ingenii
404 4001 517 4069 letibus,
535 4019 587 4060 nec
596 4003 689 4060 minus
699 4003 787 4060 lucem
801 4003 906 4059 arenti·
956 3996 1066 4070 praxim
1077 3993 1174 4050 Pullus
1188 3989 1329 4063 expendit.

118 4088 167 4147 bos
181 4106 294 4162 possem
308 4094 485 4151 obstetricari
497 4113 505 4163 3
517 4110 601 4151 unam
615 4096 704 4153 solnm
718 4096 780 4161 tibi,
808 4095 905 4162 lector,
993 4087 1129 4147 &cundo
1147 4084 1312 4143 Sanctorum
1327 4082 1457 4141 Ecclesia
1467 4081 1581 4138 Patrum
1596 4081 1748 4139 auctorita·

119 4181 208 4249 odero,
232 4190 264 4239 at
287 4185 489 4243 nobilissimam
511 4185 588 4243 illios
610 4185 763 4243 studiorum
783 4192 906 4257 partem,
957 4192 1010 4251 tes,
1023 4188 1050 4241 et
1073 4181 1252 4237 inhaerentem
1273 4191 1369 4235 eorum
1389 4174 1468 4231 scitis
1488 4179 1608 4229 ruentem
1628 4174 1751 4231 auctoris

119 4290 195 4345 qnam
206 4286 321 4334 secutos
333 4278 394 4349 ipse
415 4279 458 4335 sui
473 4278 566 4335 amomi
582 4276 679 4345 latum,
695 4277 845 4335 Sententiae
864 4278 908 4334 in·
956 4288 1156 4345 nonnunquam
1170 4270 1353 4343 produximus
1364 4268 1394 4323 in
1410 4267 1499 4335 notis,
1514 4265 1640 4337 adjectis,
1660 4266 1751 4325 erodi·

120 4368 239 4439 scripsit.
254 4368 387 4426 Codicem
402 4370 550 4428 habuimus
572 4371 609 4426 ab
622 4372 799 4429 celeberrima
812 4378 908 4427 nostra
956 4369 1043 4424 tionis
1055 4367 1155 4440 gratia,
1170 4366 1235 4421 dum
1245 4362 1334 4428 libuit,
1346 4361 1466 4433 plurium
1477 4362 1594 4418 aliorum
1605 4362 1751 4419 sententiis

122 4455 210 4513 Sancti
234 4458 356 4533 Remigii
376 4460 522 4519 blemensis
542 4461 670 4529 abbatia,
698 4464 803 4535 optima
824 4478 908 4518 manu
958 4460 992 4516 ad
1007 4457 1169 4530 quasctiam
1189 4456 1279 4529 potuit
1293 4451 1462 4511 intendisse:
1483 4453 1566 4526 idque
1579 4452 1751 4525 frequentius

121 4558 269 4619 exaratum,
291 4560 319 4608 et
336 4552 444 4609 calamo
461 4554 514 4626 ipsi
529 4554 636 4610 auctori
659 4555 703 4612 uei
726 4554 842 4612 dictanti
866 4554 909 4610 uei
958 4550 988 4606 in
1006 4549 1123 4621 gratiam
1137 4545 1295 4619 Augustini,
1309 4546 1389 4617 cujus
1401 4544 1542 4618 tdoctrinae
1560 4544 1751 4604 deditissimus

121 4642 259 4709 scribenti,
275 4659 378 4701 coaeuo.
957 4641 1003 4698 rix
1018 4640 1146 4713 paginam
1159 4640 1242 4696 habet
1252 4638 1300 4695 ubi
1311 4652 1367 4694 non
1381 4637 1503 4695 collimet
1515 4638 1620 4710 adeius
1634 4636 1748 4695 dictata.

152 4732 280 4792 Felicitas
291 4730 427 4793 inciderat
442 4737 471 4793 in
485 4738 676 4795 manusuetus
690 4753 726 4795 ex
737 4736 851 4800 nostris,
862 4750 908 4792 re-
959 4732 1024 4803 Sed,
1045 4732 1159 4805 nequid
1179 4730 1299 4788 lictionis
1320 4730 1435 4803 obrepat
1456 4737 1504 4786 aut
1522 4730 1622 4803 ingrati
1637 4731 1749 4798 silentii,

121 4826 228 4881 serendi
250 4826 344 4885 Patris
361 4826 393 4884 l).
408 4827 498 4885 Alexii
520 4829 658 4897 lidouard,
685 4828 762 4902 lycaei
782 4828 861 4899 apice
882 4834 910 4883 et
959 4826 1046 4883 multo
1059 4830 1135 4882 certe
1150 4824 1245 4897 plures
1259 4822 1496 4896 pretermisimus,
1521 4823 1588 4879 huic
1603 4823 1754 4897 diligentias

122 4918 282 4976 emditionis
300 4921 384 4977 uariae
406 4919 479 4977 lama
497 4938 564 4979 suos
577 4922 650 4978 inter
662 4920 846 4994 percelebris;
861 4920 910 4991 qui
959 4920 1079 4989 impares
1095 4925 1123 4973 et
1133 4917 1239 4984 labori,
1255 4914 1297 4972 rel
1310 4914 1382 4987 good
1397 4915 1535 4973 destinata
1550 4915 1628 4987 prius
1648 4915 1765 4980 studia,

123 5012 273 5069 exassidua
286 5014 406 5071 lectione
421 5014 531 5086 genium
555 5017 677 5073 auctoris
687 5020 841 5079 assecutus,
856 5013 910 5068 mi·
959 5009 1108 5067 identidem
1128 5008 1182 5064 alio
1196 5016 1369 5065 revocarent.
1384 5006 1471 5080 Cujus
1481 5007 1587 5081 peccati
1600 5006 1666 5079 (nisi
1682 5022 1770 5079 proc·-

124 5110 250 5175 ratusque
262 5105 404 5163 liberalem
416 5107 445 5161 in
457 5122 491 5163 eo
506 5107 645 5169 scribendi
658 5107 789 5175 indolem,
807 5106 910 5177 ubique
924 5123 948 5178 p
962 5110 1017 5161 stet
1036 5097 1190 5173 ignoscere)
1206 5100 1351 5157 nobiscnm
1374 5101 1449 5158 luent
1463 5114 1560 5173 poenas
1578 5100 1626 5171 qui
1637 5100 1764 5171 Juuenltl

125 5196 210 5264 operis
229 5213 326 5268 sparsa
337 5197 435 5253 vividae
445 5198 561 5255 rationis
571 5200 686 5265 lumina,
704 5198 910 5256 Sententiarum
960 5196 1069 5252 calamo
1087 5207 1199 5264 operam
1223 5192 1367 5265 injunxere
1390 5194 1501 5251 nonnisi
1521 5192 1628 5249 viribus
1651 5192 1758 5249 adultis.

126 5287 237 5357 paudus,
250 5291 399 5363 jugemque
420 5307 455 5348 ex
469 5290 520 5348 SS.
545 5291 658 5349 Patrum
671 5293 791 5363 placitis,
814 5290 909 5362 Angu-
961 5288 1097 5345 idoneam.

126 5380 184 5435 stiui
194 5384 524 5452 potissimnm,texturam
537 5404 545 5454 ;
560 5385 649 5442 doluit
659 5384 764 5441 invisos
775 5385 911 5440 hactenus
998 5378 1101 5437 Tertio.
1125 5377 1193 5434 Cum
1214 5377 1240 5433 id
1257 5376 1335 5433 Pullo
1352 5375 1431 5432 cedat
1452 5377 1480 5433 in
1501 5376 1642 5433 cumulum
1663 5373 1761 5431 luridis

126 5472 236 5539 publicae
249 5475 303 5531 luci
317 5476 388 5531 tanti
407 5475 508 5534 sideris
522 5478 634 5541 radios,
653 5492 723 5548 quos
737 5483 767 5532 nt
788 5475 910 5547 explica·
961 5472 1036 5545 quod
1049 5471 1126 5546 prius
1144 5469 1308 5541 theologiam
1322 5468 1499 5539 evulgaverit,
1512 5484 1593 5540 quarn
1611 5466 1764 5537 scripserit

127 5570 174 5626 ret,
184 5565 239 5635 jam
253 5569 365 5641 propria
374 5584 457 5625 manu
466 5568 589 5626 codicem
603 5569 798 5641 exscripserat,
810 5574 910 5623 catera
964 5577 1042 5619 saram
1068 5559 1196 5632 blagistcr
1212 5556 1414 5613 Sententiarum
1426 5574 1435 5625 ;
1449 5557 1488 5612 uti
1507 5566 1606 5628 preter
1620 5555 1689 5611 aiios
1704 5552 1755 5609 ad-

127 5654 205 5713 dubio
217 5664 312 5731 procul
328 5662 356 5718 in
381 5662 461 5718 inem
476 5663 568 5733 operis
581 5662 706 5733 gnaviter
716 5663 908 5733 impensurus:
964 5654 1071 5712 notavit
1079 5652 1110 5711 P.
1126 5651 1212 5710 Jacob
1225 5666 1241 5706 a
1253 5648 1283 5707 S.
1295 5649 1395 5708 carolo
1409 5650 1437 5707 in
1450 5650 1573 5722 ejusdcm
1586 5648 1658 5705 Pulli
1670 5662 1755 5720 pane-

127 5748 171 5805 tcd
186 5749 218 5806 ad
236 5768 342 5815 sacrum
358 5756 491 5831 prrlpitnm
512 5754 655 5814 corbeiam
674 5760 815 5820 euocatus,
830 5752 909 5811 indo-
967 5745 1197 5824 strictlllwllli·
1222 5756 1312 5815 illm
1326 5742 1515 5839 pretiumideo
1537 5740 1666 5802 dulim!
1680 5738 1774 5813 Olli·-
