3967 6334
255 399 325 464 {lid
756 390 898 462 tostum
918 389 1191 454 SUESSlONSNSlS
1208 391 1364 452 remcort
1820 393 1891 456 m

254 521 329 568 tuum
343 527 377 567 cc
397 512 494 577 adure,
506 519 532 567 et
547 510 585 566 ili
599 506 755 565 recordatur
770 509 853 580 {neme
872 507 941 580 gued
960 509 1045 581 [mter
1059 513 1083 572 Α
1096 523 1203 580 possea,
1217 508 1308 580 prima
1318 516 1407 566 ruorte
1422 516 1598 568 mortuuses.
1613 507 1772 566 Verendum
1788 524 1837 568 cst
1855 529 1889 570 ne

255 601 519 674 usitatumque
539 601 680 657 adeersum
695 612 738 669 te,
760 600 878 672 retiaque
890 600 928 660 tlt
949 617 1046 658 munuc
1095 599 1125 656 ln
1138 599 1288 656 secundam
1299 599 1402 675 operis,
1412 608 1441 660 et
1452 600 1481 656 iu
1492 601 1601 656 tertiam
1613 617 1731 674 proruas
1738 613 1890 660 manau-

254 703 330 752 tuum
342 702 403 750 cute
414 693 509 760 ultore,
524 703 549 749 et
559 693 706 766 radeprius
716 693 884 749 reconciliari
893 692 974 764 {ratri
987 702 1046 760 too,
1096 691 1173 751 dinis
1182 691 1233 764 ll).
1248 690 1315 750 Orat
1330 707 1397 764 ergo
1408 699 1440 750 ut
1451 707 1508 749 uon
1521 692 1633 750 inducat
1643 709 1695 750 noa
1705 692 1781 751 Deus
1795 695 1827 750 in
1841 695 1890 750 ali·

253 787 465 844 utaneoeuieua
482 786 577 858 olferes
592 803 687 842 munus
703 795 778 842 tcum
800 785 913 860 (Uetti.
930 805 961 853 r,
983 787 1042 860 23).
1094 783 1169 862 quod
1186 792 1349 861 peceatum:
1369 784 1416 844 sed
1437 785 1502 858 quia
1517 785 1577 842 sine
1590 785 1650 858 ipso
1671 795 1820 858 apeccnto
1840 801 1889 844 noa

252 876 451 949 Debituposcit
464 878 578 936 remitti.
591 877 707 934 Peccata
721 878 783 935 ideo
797 879 932 950 appellari
947 879 1046 936 riden-
1096 877 1234 933 abstinere
1247 892 1304 933 nou
1314 892 1472 948 possumus,
1488 877 1617 936 inducere
1635 878 1664 938 in
1683 880 1840 938 tentatione
1851 882 1889 938 ri·

252 977 299 1026 tor
312 970 415 1037 debita,
430 971 496 1043 quia
517 985 568 1042 pro
587 970 629 1027 eis
652 969 768 1026 debetur
791 970 954 1036 satisfactio,
968 971 1045 1044 quia,
1096 969 1186 1036 detur,
1202 985 1266 1026 cum
1276 985 1328 1026 nos
1338 985 1394 1026 non
1408 968 1548 1036 defendit,
1561 977 1591 1026 et
1603 971 1720 1042 gratiam
1735 986 1793 1026 non
1806 971 1889 1046 largi·

252 1062 326 1119 sicut
343 1063 452 1120 nullum
476 1063 580 1120 donum
604 1063 846 1130 irremuneratum,
875 1065 914 1121 ita
938 1065 1046 1121 nullum
1096 1069 1141 1118 tur
1155 1081 1163 1118 z
1177 1077 1260 1135 quam
1276 1070 1367 1118 tamen
1387 1061 1504 1134 gratiam
1525 1061 1657 1117 nonnisi
1679 1062 1770 1133 gratis
1787 1063 1888 1132 donat,

251 1156 356 1212 malum
369 1155 546 1228 impunitum.
557 1155 673 1214 Videtur
689 1172 755 1228 ergo
765 1164 874 1233 petere,
890 1166 921 1214 ut
932 1165 1046 1230 peccata
1095 1154 1226 1226 quianon
1236 1168 1296 1210 eam
1307 1153 1524 1226 promeruimus,
1543 1151 1599 1212 imo
1611 1153 1687 1224 juste
1706 1153 1886 1226 perdidimna.

251 1248 449 1318 penitentibus
462 1249 541 1305 noeis
553 1248 667 1306 omnino
680 1251 868 1314 recurrantur.
887 1258 915 1307 et
935 1251 1047 1308 satisla-
1095 1243 1565 1318 mnusqucumumposmtatnou
1578 1243 1884 1306 inductiucoosensuu

252 1337 309 1392 ctio
322 1337 505 1409 propeccatis
520 1337 610 1394 lenior
634 1337 692 1406 tlat,
709 1346 738 1396 et
752 1340 836 1397 eitius
859 1339 1044 1413 indulgeatur.
1096 1351 1189 1408 prauae
1207 1336 1378 1404 tentationis,
1400 1351 1481 1393 omue
1503 1351 1590 1408 genus
1608 1338 1715 1408 peccati
1738 1345 1804 1393 ont
1827 1352 1888 1392 ase

251 1425 322 1482 Nam
335 1427 654 1486 etbenedelonetorum
677 1430 792 1499 auimae,
809 1431 910 1502 quibus
929 1433 1045 1489 remissa
1095 1429 1177 1502 longe
1191 1428 1260 1499 lieri,
1274 1430 1406 1501 quoniam
1421 1429 1469 1502 qui
1493 1444 1549 1486 non
1568 1429 1706 1490 consentit
1720 1445 1780 1485 non
1795 1445 1887 1502 open·

251 1525 318 1574 sunt
331 1527 445 1589 peccata
459 1519 488 1575 io
509 1521 709 1591 ponitentiaet
731 1522 914 1588 cortiessione,
935 1523 965 1583 iu
980 1540 1046 1595 pum
1097 1527 1151 1586 tur,
1167 1522 1215 1592 qui
1229 1536 1285 1580 noo
1306 1529 1438 1593 operatur
1452 1536 1507 1577 nou
1526 1522 1697 1592 consuescit..
1713 1521 1749 1580 tt
1772 1521 1888 1579 haut

251 1609 368 1681 gaturiis
385 1611 455 1667 locis
468 1623 631 1685 purgantur,
643 1614 667 1670 si
681 1629 738 1670 nou
753 1615 862 1687 plenam
876 1615 1045 1673 satisfactio-
1096 1619 1154 1670 tres
1167 1621 1271 1672 mortes
1283 1613 1393 1678 animae,
1408 1613 1518 1683 inques
1531 1621 1729 1684 precaturnou
1746 1613 1853 1670 induci.

250 1717 314 1758 nem
326 1701 443 1759 iecerint
456 1702 485 1758 in
499 1704 629 1777 praesenti
638 1707 705 1770 rita,
718 1719 769 1777 pro
777 1705 879 1778 quibus
888 1707 971 1763 ctiam
982 1714 1046 1780 post
1373 1703 1491 1774 Septima
1507 1705 1607 1776 petitio.

249 1800 368 1850 mortem
383 1795 686 1869 sacrificiumcorporis
703 1805 732 1854 et
745 1797 889 1871 sanguinis
902 1798 950 1855 lici
963 1799 1041 1856 oiler-
1131 1795 1188 1854 ru.
1205 1797 1327 1869 Septima
1341 1803 1385 1854 est
1401 1816 1409 1852 t
1425 1794 1476 1852 Sed
1500 1795 1584 1850 litere
1608 1811 1655 1850 uos
1678 1813 1697 1850 o
1718 1793 1805 1850 ιιιιιΙο.
1831 1793 1889 1848 itta

249 1890 312 1950 tor,
326 1893 355 1941 et
367 1886 547 1960 eleemosnyae
560 1888 640 1953 liunt,
664 1897 695 1946 ut
720 1905 801 1962 poena
817 1905 871 1962 qua
893 1899 1045 1963 purgantur
1060 1879 1082 1940 B
1096 1904 1218 1962 praescns
1232 1889 1294 1944 sine
1312 1902 1478 1961 quocunque
1492 1896 1606 1960 peccato
1623 1902 1680 1965 non
1702 1887 1835 1943 subsistit
1848 1904 1888 1944 se·

248 1977 292 2035 eis
304 1978 399 2036 mitior
412 1979 470 2046 ilat,
485 1989 513 2038 et
519 1980 605 2038 citius
615 1980 737 2039 finiatur.
752 1982 846 2040 Credit
867 1982 967 2054 aliquis
988 1981 1045 2039 ira·
1094 1980 1215 2046 cundum
1226 1979 1360 2036 ioannem
1378 2000 1385 2036 :
1402 1979 1433 2036 st
1450 1978 1599 2056 dixerimus
1610 1981 1672 2052 quic
1685 1990 1826 2050 μιαιιιιιιι
1840 1996 1888 2036 arn

249 2071 288 2126 tri
309 2086 363 2130 tue
376 2072 467 2144 egenti
482 2073 626 2146 pecuniam
641 2074 684 2131 uel
697 2075 848 2148 quamlibet
862 2076 1045 2132 substantiam
1094 2072 1231 2140 dolemus,
1244 2073 1295 2143 ipsi
1310 2087 1357 2127 nor
1372 2071 1522 2128 marineus
1534 2071 1560 2144 (1
1566 2069 1648 2128 doun.
1663 2086 1686 2138 r,
1698 2071 1740 2144 8).
1752 2069 1810 2128 Sed
1823 2071 1888 2128 teria

249 2176 330 2220 suam
340 2163 402 2222 aine
412 2163 527 2234 foenore,
544 2165 642 2224 melius
652 2165 774 2233 lecisset,
787 2167 811 2223 si
821 2167 961 2236 dedisset;
974 2177 1046 2224 atta-
1095 2171 1160 2222 sunt
1171 2171 1199 2222 et
1208 2179 1270 2240 qum
1284 2163 1375 2239 laci-le,
1390 2163 1414 2220 si
1429 2169 1536 2223 tantum
1549 2179 1601 2221 nos
1618 2163 1767 2236 peniteat,
1782 2163 1888 2220 reniam

249 2267 315 2310 men
334 2254 439 2312 honum
458 2254 543 2323 tacit,
571 2257 595 2313 si
615 2258 772 2332 praestando
791 2259 882 2331 egeuti
904 2260 1043 2317 subvenit.
1095 2267 1313 2330 consequuntur,
1329 2266 1357 2315 et
1372 2257 1400 2313 in
1413 2257 1564 2322 communi,
1579 2254 1716 2320 Confiteor
1729 2255 1789 2314 ltro
1807 2254 1887 2312 demi·

248 2341 456 2418 Numquidnam
468 2347 588 2411 dimittet
600 2349 626 2406 ei
649 2348 740 2416 Deus,
763 2351 788 2407 si
801 2359 830 2406 et
853 2350 899 2406 hie
920 2351 1044 2409 debitum
1095 2349 1256 2408 creduntur.
1272 2348 1345 2405 Petit
1362 2363 1429 2420 crgo
1442 2347 1553 2404 liberari
1567 2353 1595 2404 et
1607 2346 1643 2402 alt
1657 2347 1703 2404 laia
1718 2345 1818 2412 malis,
1833 2347 1890 2404 ἐκ

248 2453 307 2494 non
319 2437 476 2498 dimiserit?
489 2439 584 2500 Absit!
596 2440 802 2508 Verumtamen,
819 2443 844 2500 si
859 2445 927 2501 adeo
941 2459 1045 2518 pauper
1095 2443 1198 2516 quitus
1210 2443 1267 2500 rita
1283 2455 1407 2515 presens
1421 2455 1456 2510 ex
1469 2438 1616 2511 fragilitate
1629 2439 1726 2496 cantis
1744 2454 1802 2494 non
1820 2440 1889 2510 geri-

249 2529 298 2595 sit,
310 2529 384 2602 quod
396 2531 579 2594 redderentur
592 2533 694 2605 possit,
711 2534 811 2592 melius
830 2541 874 2592 est
886 2535 1043 2602 dimittere,
1095 2541 1153 2592 tur.
1167 2533 1254 2590 Aliter
1269 2551 1278 2589 ι
1294 2531 1391 2606 didere
1412 2547 1490 2586 noso
1514 2530 1596 2598 mule,
1620 2531 1649 2587 id
1668 2539 1714 2587 est
1734 2545 1753 2585 a
1770 2529 1888 2586 diabolo.

249 2640 333 2695 quam
349 2625 503 2697 angariare,
521 2626 602 2696 juxta
615 2628 684 2684 illud
700 2648 707 2684 ε
723 2628 802 2686 Serae
822 2645 952 2702 regnem,
968 2645 1045 2686 omne
1095 2620 1227 2680 Diabolus
1241 2621 1314 2679 enim
1329 2621 1467 2697 Ρῐθῡίρΰθ
1477 2619 1577 2678 dicim!
1594 2621 1697 2686 malus,
1712 2619 1789 2678 5⁰¹²
1802 2635 1889 2676 θωῦ-

248 2715 467 2775 deliturrdimiai
481 2717 540 2784 titi,
551 2720 786 2792 qttinrcgcatime.
803 2719 899 2778 Nouae
907 2730 1000 2793 ergoet
1017 2729 1045 2778 to
1097 2716 1194 2783 trario,
1210 2731 1287 2772 neme
1309 2714 1460 2770 donatrici
1480 2713 1552 2770 solua
1571 2713 1645 2769 oeus
1666 2712 1765 2786 (Herc.
1783 2729 1816 2778 x,
1834 2713 1889 2784 18).

249 2806 366 2863 deluisti
382 2809 595 2866 mirericordiam
607 2827 731 2871 conuerte
746 2819 803 2876 tuo,
819 2813 889 2868 sicut
902 2821 928 2866 et
937 2827 985 2883 epo
1005 2813 1045 2866 tui
1096 2808 1166 2880 Quia
1179 2823 1244 2882 crgo
1254 2807 1382 2864 diabolus
1393 2805 1440 2862 dni
1451 2813 1547 2862 nostro
1558 2805 1718 2870 insidiatur,
1729 2812 1756 2861 et
1767 2819 1826 2860 nou
1839 2819 1892 2859 cu-

248 2897 736 2975 mimtuasumi(dorthmusii.)
749 2901 896 2976 Sequitur:
911 2903 987 2959 Etuc
997 2919 1045 2960 uos
1095 2907 1139 2958 rat
1161 2901 1258 2973 quales
1280 2898 1425 2966 fuerimus,
1440 2898 1489 2956 sed
1507 2897 1607 2971 quales
1627 2897 1704 2954 circa
1727 2899 1810 2953 linem
1830 2896 1890 2950 riae

248 2991 362 3047 iudaeus
372 2992 400 3047 iu
415 2994 597 3050 tertationem.
1095 2995 1260 3060 existamus,
1273 2993 1302 3048 in
1315 3007 1349 3049 eo
1362 2992 1480 3049 articulo
1487 2991 1554 3063 petit
1563 2989 1677 3047 liberari
1686 2988 1833 3054 adiabolo,
1845 2989 1889 3042 uhi

543 3082 627 3140 Sento
646 3087 748 3155 petitio.
1096 3092 1123 3142 et
1138 3086 1168 3142 lt.
1185 3085 1303 3141 Martiae
1316 3093 1408 3143 astare
1422 3083 1648 3156 praesumpsitut
1659 3083 1688 3138 in
1698 3099 1735 3138 eo
1746 3089 1813 3138 tunc
1826 3081 1888 3136 nali

283 3173 330 3232 xl.
347 3172 429 3231 Serta
441 3175 537 3248 petitio
543 3175 578 3232 de
591 3176 766 3233 removendis
781 3176 881 3234 tuturis
895 3180 976 3238 malis
989 3189 1043 3238 est.
1096 3176 1166 3233 nihil
1177 3177 1312 3248 reperiat,
1330 3176 1403 3233 siout
1417 3175 1445 3230 ln
1462 3175 1543 3230 beato
1556 3173 1675 3229 liertino
1688 3173 1762 3228 nihil
1779 3175 1887 3244 reperit.

247 3263 309 3321 Nou
318 3267 392 3323 enim
401 3265 501 3323 sufficit
514 3268 629 3326 dimissa
643 3269 724 3325 nobis
735 3284 798 3346 esse
807 3270 880 3325 mala
893 3273 1043 3341 praeterita,
1057 3265 1079 3326 G
1131 3265 1200 3323 Xlll.
1214 3267 1308 3324 Amen.
1320 3265 1408 3324 Amen
1419 3265 1500 3339 quasi
1516 3265 1635 3336 sigillum
1645 3273 1691 3322 est
1704 3263 1889 3320 confimatio-

143 3419 146 3423 ,
248 3357 304 3415 nisi
319 3365 410 3415 servet
427 3373 481 3418 uos
495 3358 568 3417 ileon
578 3360 613 3417 de
626 3361 672 3420 his
681 3360 710 3415 iu
723 3360 826 3437 quibus
839 3362 963 3419 nondum
973 3362 1044 3420 ioci·
1096 3359 1151 3428 nis,
1164 3367 1195 3416 ut
1208 3360 1232 3416 si
1243 3359 1359 3416 tideliter
1377 3357 1515 3430 postulat,
1529 3357 1669 3428 repulsam
1689 3371 1750 3412 non
1763 3356 1888 3428 patiatur.

247 3451 352 3508 dimus.
363 3451 398 3511 Et
411 3451 465 3510 hoe
478 3452 517 3513 ita
527 3452 614 3511 dicit:
631 3451 673 3509 Ne
686 3453 799 3512 induens
813 3470 872 3521 uos,
894 3461 949 3512 etc.
968 3455 1042 3512 'len-
1097 3453 1206 3528 Septem
1221 3457 1290 3514 istas
1303 3457 1450 3528 petitiones
1471 3458 1561 3518 Lucas
1576 3457 1604 3514 in
1622 3457 1751 3528 quinque
1770 3467 1890 3525 compe

248 3541 303 3596 tari
315 3557 370 3610 non
389 3549 433 3601 est
442 3550 603 3618 peccatum,
620 3543 670 3602 sed
683 3559 817 3600 coronam
833 3552 956 3617 generat.
980 3544 1042 3602 Non
1097 3549 1201 3609 heridit.
1223 3549 1292 3608 llam
1307 3548 1371 3608 Fiat
1392 3551 1516 3610 columae
1530 3562 1577 3606 tec
1601 3553 1672 3605 rictu
1695 3551 1726 3603 iu
1748 3547 1889 3602 alcuin

248 3633 429 3701 coronabitur,
440 3636 544 3708 nisiqui
554 3635 669 3709 legitime
679 3637 817 3695 certauerit
826 3636 870 3709 (ΙΙ
883 3637 951 3692 Tim.
961 3654 993 3706 u,
1003 3639 1041 3712 5).
1097 3652 1168 3698 terra
1180 3642 1350 3714 praeteriens,
1367 3643 1397 3702 in
1406 3645 1514 3702 duobus
1528 3637 1889 3721 precedentibnarontineri

247 3725 361 3798 Legitur
373 3746 381 3782 t
395 3727 515 3788 Teutooit
529 3727 601 3783 [leus
621 3728 758 3784 iltrudem
775 3727 851 3802 (Gerr.
865 3745 933 3796 ιιιιι,
949 3731 994 3797 il,
1017 3739 1044 3787 et
1095 3733 1234 3808 intelligit.
1247 3733 1378 3796 Ultimum
1391 3735 1462 3793 :Sed
1473 3736 1556 3792 tidem
1566 3733 1736 3798 nmnmslo,
1745 3746 1888 3802 nonappo-

249 3829 334 3876 teutct
348 3836 393 3876 oca
405 3819 536 3877 Dominus
549 3821 621 3879 oeus
643 3832 727 3880 mater
739 3821 830 3896 (Dent.
845 3837 912 3890 nur,
928 3823 966 3897 i).
985 3823 1046 3882 Nisi
1094 3828 1145 3894 nit,
1161 3829 1241 3901 quasi
1255 3829 1285 3886 in
1301 3829 1469 3904 praecedenti
1483 3828 1661 3884 contineatur
1676 3844 1684 3882 ι
1701 3823 1739 3880 Et
1749 3840 1781 3878 ιιι
1791 3839 1837 3876 nor
1849 3822 1887 3874 in·

248 3926 417 3970 consensum
430 3914 555 3986 prebeas
568 3929 705 3984 perversae
721 3915 883 3982 tertiatioui,
899 3931 982 3987 qoam
1002 3917 1045 3974 vel
1094 3919 1196 3986 ducam
1214 3918 1351 3982 undeuon
1370 3920 1517 3992 apponitur
1532 3917 1567 3972 Ει
1582 3919 1669 3974 litera
1689 3933 1758 3982 ros,
1773 3915 1829 3970 imo
1841 3912 1887 3968 sd

249 4017 316 4059 caro
330 4002 439 4076 intigit,
464 4020 527 4076 quae
544 4006 718 4077 concupiscit
738 4005 871 4063 adversus
896 4007 1043 4078 spiritum,
1096 4008 1191 4076 litera,
1205 4017 1236 4068 ut
1253 4025 1310 4065 nou
1325 4025 1373 4084 per
1392 4025 1422 4067 se
1441 4011 1479 4067 sit
1497 4009 1604 4082 petitio,
1624 4007 1674 4066 sed
1697 4007 1735 4064 de
1759 4004 1888 4077 snpmiori

247 4096 293 4151 vel
303 4095 426 4156 immittit
442 4098 579 4170 malignus
595 4098 720 4176 spiritus,
733 4097 813 4169 juxta
827 4097 916 4154 illud:
933 4098 1045 4157 immic-
1097 4099 1230 4172 pendens.
1252 4099 1385 4166 Nituutur
1402 4102 1514 4174 quidam
1529 4101 1573 4158 his
1588 4109 1697 4172 septem
1716 4097 1890 4173 petitionibu

248 4188 390 4259 riouerper
404 4190 707 4263 petasunculum.
723 4207 829 4257 ιιιιιι,
839 4191 898 4265 ta),
911 4208 966 4249 non
976 4207 1043 4264 pec·
1097 4201 1202 4266 septem
1213 4195 1286 4252 dona
1301 4193 1422 4266 Spiritus
1431 4195 1521 4252 saneti
1531 4201 1559 4250 et
1569 4202 1633 4250 octo
1645 4191 1835 4249 beatitudines
1845 4203 1889 4258 ap·

247 4295 308 4346 eas,
323 4281 374 4338 sed
385 4290 414 4340 te
431 4283 461 4343 in
476 4283 575 4342 melium
594 4299 750 4357 promoves.
766 4281 848 4352 Quod
868 4283 892 4339 si
916 4283 944 4338 in
963 4284 1043 4355 plena
1097 4285 1282 4358 plicare3sed,
1291 4288 1421 4359 quoniam
1430 4287 1464 4344 ad
1471 4286 1654 4344 eruditionem
1661 4283 1891 4354 siroplicinmncn

248 4373 389 4433 voluntate
402 4374 489 4433 hahes
501 4391 585 4448 opere
604 4376 755 4447 complere,
776 4374 851 4432 unde
866 4376 1002 4443 tentaris,
1019 4377 1042 4434 sl
1097 4379 1214 4438 multum
1233 4381 1366 4454 prodesse
1376 4377 1656 4454 ridentur,s‹·ienter
1675 4373 1889 4448 preteririmna

285 4463 324 4537 (Ξ)
349 4464 378 4522 S.
407 4467 591 4540 Augustinus,
618 4467 774 4539 Serm.,98,
801 4467 839 4523 De
853 4467 938 4526 retiis
952 4467 1032 4534 Luc„
1048 4483 1109 4540 cap.
1121 4486 1159 4528 rt.

249 4579 1889 4626 mm

694 4679 946 4774 rosioni
990 4659 1458 4775 sonssrounusrs

674 4851 817 4910 cuturn
841 4852 911 4910 etto
938 4848 1164 4912 monumento
1194 4850 1307 4915 SlLVAE
1337 4847 1504 4910 liliolus.

801 4994 942 5064 (linurin,
958 4993 1059 5053 Arraei,
1074 4991 1186 5058 eumd,
1201 4991 1247 5060 Vi,
1264 4991 1340 5063 ool.)

255 5182 258 5186 ·
284 5163 314 5221 io
325 5168 437 5226 nomlrm
450 5167 550 5236 Patris,
566 5179 596 5233 et
609 5169 688 5240 riui,
704 5182 732 5229 et
747 5173 868 5246 Spiritus
879 5176 967 5232 sancti
977 5218 984 5242 ,
996 5174 1041 5241 G.,
1059 5187 1081 5241 p
1096 5169 1148 5228 sibi
1178 5170 1388 5230 commissarum
1415 5171 1507 5226 orium
1533 5167 1729 5226 rorationibus
1757 5187 1898 5244 opponere

186 5278 191 5285 ι
248 5255 298 5314 Ilei
318 5258 451 5332 patientia
471 5258 637 5318 Suesecrum
660 5271 776 5320 vocatus
798 5265 964 5338 episcopus,
990 5263 1041 5330 Ρ..
1098 5277 1129 5319 se
1148 5262 1255 5326 debeat,
1276 5276 1426 5335 earumque
1439 5259 1557 5331 injurias
1579 5259 1730 5331 suiipsius
1748 5259 1898 5334 interpam

248 5349 373 5420 ejusdem
404 5352 492 5424 gratia
519 5353 670 5412 venerabili
701 5357 795 5414 abbati
824 5358 984 5416 monasterii
1010 5357 1044 5413 de
1098 5355 1174 5412 tione
1187 5353 1329 5420 refellere,
1343 5353 1468 5411 divinum
1484 5361 1526 5410 est
1541 5353 1704 5422 oraculum;
1718 5352 1898 5412 bonosenin

249 5438 325 5498 Silva
336 5439 444 5513 Haloti,
461 5445 645 5519 omnibusque
662 5447 874 5509 suecessoribus
886 5449 948 5519 ejus
959 5463 1044 5504 cano-
1097 5457 1193 5530 pastor
1207 5447 1336 5505 Christus
1354 5455 1381 5506 et
1392 5447 1511 5518 animam
1527 5461 1607 5503 suam
1624 5446 1719 5518 posuit
1731 5462 1787 5519 pm
1800 5449 1897 5504 oribus

247 5530 311 5588 nice
324 5531 524 5593 substituendis
540 5536 569 5594 in
587 5547 760 5612 perpetuum.
1098 5540 1167 5598 suis
1181 5537 1342 5614 Eapropter,
1359 5536 1445 5593 frater
1462 5535 1491 5592 iu
1510 5529 1624 5593 Christo
1650 5535 1829 5602 charissime,
1856 5539 1895 5592 in

221 5633 224 5638 ·
283 5621 432 5689 Cathedra,
448 5628 494 5682 cui
507 5625 689 5688 Beoaootore
698 5631 1046 5704 presidemusmlussolll⁴
1094 5629 1377 5703 juriosrererationi,
1391 5625 1631 5700 quallayoaudtu
1650 5641 1748 5683 rentes
1770 5623 1897 5684 Suasio

250 5711 381 5770 titudinis
404 5719 475 5787 gerit
496 5735 579 5790 quam
602 5723 714 5791 quietis,
735 5724 797 5795 plus
821 5724 924 5779 laboris
949 5739 1044 5780 secum
1096 5721 1191 5779 nensis
1205 5721 1372 5780 monasterio
1384 5717 1412 5775 S.
1428 5719 1518 5784 Pauli,
1534 5718 1695 5790 quodjuris
1709 5723 1753 5776 est
1769 5719 1893 5779 anniam

251 5799 339 5930 trahit
351 5817 434 5878 quam
444 5809 663 5880 tranquillitatis.
679 5811 758 5882 Quod
772 5813 844 5871 enirn
853 5815 943 5872 bonus
952 5824 1046 5888 pastor
1098 5829 1181 5886 super
1193 5813 1277 5870 altare
1287 5812 1321 5868 de
1334 5809 1417 5870 Terni
1430 5809 1557 5878 iaciebat,
1568 5811 1689 5886 qualiter
1699 5813 1892 5874 restiterimus,
