3967 6334
110 391 155 458 sn
550 339 589 441 'tn
609 381 706 440 unua
725 383 770 438 nx
789 382 957 451 oonruon
975 383 1077 440 mem
1096 384 1256 445 rmrtus

1667 391 1721 447 att

142 509 220 568 Vocat
233 507 314 563 Deus.
324 505 434 576 artando
445 503 542 559 incutit
554 503 679 567 timorem
689 510 797 557 aeterncc
808 501 885 557 dam·
899 509 923 564 Α
936 503 970 562 ad
984 501 1044 571 ejus
1064 510 1228 576 preceptum
1248 502 1568 566 misericordesluerrut.
1585 502 1663 570 Uutle
1676 521 1722 576 se-

109 602 227 662 nationis.
243 597 339 653 Reddit
353 596 435 652 homo
453 595 604 661 rationem,
626 594 649 650 si
669 594 792 664 cogitans
812 593 883 648 villi-

110 694 234 751 cationem
248 701 308 744 eum
323 687 375 742 ista
390 687 445 740 vita
459 685 622 750 finiendam,
638 684 723 753 magis
738 682 772 738 de
788 683 884 754 aequi-

109 783 193 840 rendis
202 778 296 834 amicis
307 791 389 846 ouem
399 775 433 830 de
446 772 644 844 congregandis
656 773 760 826 divitiis
773 777 880 828 tractat.

138 873 181 926 Ait
193 879 278 924 autem
289 867 390 922 villicus
402 867 473 920 intro
487 880 534 918 se:
548 862 618 930 Quid
632 863 740 933 sociarat,
753 864 814 933 quio
829 862 884 916 llo-

109 967 188 1021 ruinttr
201 977 271 1014 meus
288 957 406 1027 auferto
429 973 469 1011 me
490 954 696 1010 villicationem?
714 953 816 1008 l'odere
832 969 884 1007 non

108 1057 187 1120 rabo,
198 1050 345 1108 mendicare
359 1048 491 1104 erubesco.
505 1047 565 1104 Scio
575 1045 637 1116 quid
650 1047 766 1117 sociam,
782 1053 811 1099 att
824 1061 883 1100 eum

109 1154 203 1202 rantur
216 1143 289 1213 suero
305 1157 321 1194 α
340 1137 513 1201 villicatione,
536 1137 663 1206 recipient
682 1151 722 1189 me
744 1136 771 1190 in
791 1133 883 1189 domos

107 1253 173 1293 euos.

139 1321 243 1398 [Brun]
256 1321 353 1376 Ablata
369 1319 553 1384 villicatione,
569 1319 662 1374 indere
676 1334 730 1374 non
744 1319 883 1385 ualemus;

104 1417 163 1486 quia
177 1423 234 1484 post
249 1413 321 1466 banc
334 1412 418 1466 uitam
433 1427 487 1465 non
502 1412 565 1466 licet
581 1411 661 1466 nobis
675 1411 812 1481 inquirere
827 1410 884 1464 lru·

107 1519 173 1562 ctum
193 1505 267 1558 bonae
285 1503 506 1558 conversationis
524 1503 613 1572 ligone
632 1503 736 1558 derotae
749 1517 885 1572 compun-

106 1595 206 1653 ctionis.
230 1593 385 1648 ilendicare
408 1593 580 1648 confusionis
593 1599 653 1655 est,
675 1607 708 1646 eo
730 1592 811 1647 modo
829 1607 884 1662 quo

109 1687 179 1742 latus
199 1685 320 1755 virgines
346 1684 548 1740 mendicabant.
580 1682 681 1738 Domus
706 1691 882 1750 sanctorum,

107 1779 195 1849 quibus
212 1784 335 1846 ternpore
359 1775 440 1844 lurtjus
466 1774 644 1830 villicationis
667 1775 882 1829 miscricordiam

933 594 1047 664 quitur:

968 685 1004 740 Et
1027 703 1072 756 epo
1093 686 1164 744 nobis
1178 684 1235 740 dico
1255 701 1265 740 :
1286 684 1378 745 Facite
1391 685 1461 744 uobis
1474 687 1573 740 amicos
1586 684 1620 745 de
1633 703 1721 739 nrum«

933 795 1013 832 mono
1035 778 1201 848 iniqnitatis,
1222 784 1251 829 ot
1272 793 1331 830 curn
1355 776 1512 847 defeceritis,
1528 777 1656 848 recipiam
1675 793 1720 832 oea

933 869 960 922 t'rt
975 876 1074 922 oeterno
1090 867 1270 922 tabernacula.

969 956 1110 1032 [liranum]
1126 958 1278 1014 ilammona
1290 956 1421 1030 Syrorum
1434 960 1524 1030 lingua
1541 960 1717 1017 diritiaenun·

933 1059 1107 1122 enpantur,et
1121 1051 1275 1121 iniquitatis
1287 1050 1409 1106 additum
1425 1053 1556 1123 est‚quod
1570 1054 1604 1109 de
1619 1055 1722 1125 iniqui·

932 1149 988 1198 tate
1011 1143 1130 1198 collecta
1147 1143 1212 1197 sint.
1231 1141 1308 1198 Unde
1329 1143 1438 1213 vulgata
1458 1146 1592 1200 sententia
1607 1145 1719 1207 dicitur,

933 1236 997 1307 quia
1016 1235 1091 1291 dives
1107 1242 1153 1289 ant
1170 1241 1212 1290 est
1229 1235 1350 1305 iniquus,
1364 1243 1412 1290 ant
1426 1235 1513 1292 hares
1524 1237 1620 1306 iniqui.
1636 1235 1721 1300 Docet

933 1342 999 1396 ergo
1018 1324 1167 1380 dedititiis
1180 1325 1333 1395 iniqnitatis
1348 1325 1450 1380 amieos
1465 1325 1554 1381 lacere
1566 1342 1621 1381 non
1633 1342 1719 1397 quos-

933 1417 1000 1473 libet
1021 1432 1164 1487 pauperes,
1187 1417 1294 1472 sedeas
1307 1417 1354 1486 orti
1370 1431 1420 1472 nos
1435 1418 1542 1485 possint
1554 1419 1675 1488 recipere
1692 1419 1720 1472 in

934 1507 1059 1562 coelestes
1082 1507 1238 1562 mansiones
1259 1505 1411 1579 [sturnus]
1431 1505 1479 1562 Vel
1494 1509 1531 1561 ita
1550 1527 1556 1562 :
1576 1505 1720 1562 Faciamus

934 1599 1038 1653 amicos
1059 1597 1093 1652 de
1107 1598 1200 1667 iniquo
1214 1614 1378 1662 rurammona,
1394 1608 1422 1653 ut
1442 1598 1583 1668 largiendo
1593 1600 1722 1669 pauperis

934 1687 1004 1750 bus,
1031 1687 1192 1757 angelorum
1218 1688 1298 1742 nobis
1319 1694 1534 1759 caeterorumque
1562 1696 1721 1754 sanctorum

935 1775 1050 1846 gratiam
1075 1791 1274 1846 comparemus.
1292 1774 1436 1850 [Coacon]
1452 1776 1509 1831 lloc
1526 1777 1637 1847 quidam
1651 1777 1723 1832 male

108 1867 293 1940 impendimus,
310 1867 436 1922 coelestes
452 1865 608 1922 mansiones
623 1865 728 1920 suntin
743 1865 823 1921 domo
834 1864 885 1920 Pa·
901 1866 922 1921 li
936 1866 1122 1936 intelligendo,
1139 1867 1259 1936 rapiunt,
1277 1875 1306 1920 ut
1317 1868 1396 1938 quasi
1411 1869 1479 1923 bene
1493 1869 1661 1940 dispensent,
1673 1869 1723 1936 sed

108 1963 151 2016 tris
167 1959 272 2030 (liuttb.
288 1959 370 2030 nur).

135 2070 282 2126 Cortuorotis
300 2071 387 2138 itaque
401 2067 512 2138 riopulis
527 2067 688 2120 debitoribus
709 2066 809 2120 donnini
824 2067 881 2130 aui,

107 2161 197 2216 dicebat
209 2161 295 2228 primo
308 2174 317 2213 .·
330 2159 465 2226 Quantam
479 2158 554 2212 debes
569 2157 676 2210 domino
697 2160 774 2212 oreo?
790 2155 823 2210 Αι
839 2156 884 2210 iile

106 2251 166 2304 dicit
178 2265 186 2302 :
200 2247 311 2305 Centum
325 2250 405 2304 codor
419 2249 479 2302 olei.
498 2247 622 2318 Dicitque
636 2247 694 2300 itti:
708 2247 802 2315 Accipe
820 2263 884 2302 cau·

108 2344 192 2397 tionem
224 2350 300 2394 tuum
324 2351 351 2394 et
384 2338 444 2394 sede
469 2339 535 2402 cito,
566 2337 650 2393 scribe
682 2339 882 2408 quinquaqinta.

109 2432 253 2488 bendecar·
266 2431 357 2486 dicit:
374 2432 413 2486 lu
428 2447 487 2486 sero
501 2440 628 2502 quantum
643 2429 744 2485 delen
760 2429 812 2496 Qui
825 2431 883 2484 uit:

105 2523 205 2580 Centum
219 2541 294 2578 coros
316 2524 408 2578 tritici.
427 2523 471 2576 Ait
490 2523 551 2575 itti:
572 2521 666 2590 Accipe
680 2520 785 2575 litterar
805 2530 882 2585 tuus,

105 2623 128 2669 et
142 2615 217 2670 scole
229 2615 375 2686 octoginta.

137 2729 228 2797 Accipe
243 2727 362 2794 litteras,
378 2727 510 2782 suba-udis
524 2725 551 2780 in
567 2724 666 2796 quibus
679 2726 801 2782 debitum
817 2727 885 2782 scri-

108 2831 202 2888 pseras.
221 2817 322 2873 Cautio
335 2824 394 2881 est,
411 2818 593 2888 undecunque
607 2825 720 2872 caretur
733 2823 829 2872 eontra
843 2817 885 2873 in-

106 2909 243 2978 justitiam,
259 2920 291 2964 ut
314 2909 425 2979 justitia
447 2915 582 2964 teneatur.
597 2907 688 2964 Cadus
701 2906 811 2974 Graece,
828 2923 885 2964 am·

109 2999 184 3068 piore
196 3007 236 3055 est
247 3001 396 3056 continens
416 3017 499 3056 urnas
518 3008 575 3056 tres
587 3018 595 3068 3
612 3016 693 3058 corus
707 3017 772 3057 uero
787 3001 886 3058 modiis

107 3089 207 3158 triginta
221 3090 471 3161 completur.Quod
483 3101 572 3147 autem
587 3092 635 3146 uni
651 3092 794 3158 medietas,
807 3090 885 3146 alteri

109 3180 193 3248 qrrinta
207 3197 268 3250 pars
291 3181 461 3238 dimittitur:
478 3184 639 3255 sirnpliciter
659 3192 817 3255 acceptum,
835 3185 921 3274 (ιο-6

108 3279 145 3325 cet
158 3272 216 3340 quia
232 3273 325 3328 omnis
339 3275 385 3343 qui
402 3273 578 3344 indigentiam
595 3275 742 3345 ctrjuslibct
757 3290 885 3346 pauperis
989 3311 991 3317 ,

109 3369 254 3418 sanctirum
268 3364 315 3419 rel
329 3379 363 3419 ex
378 3364 510 3428 dimidia,
525 3366 567 3420 rel
582 3380 614 3420 cr
633 3365 728 3436 quinta
746 3375 823 3436 parte
842 3381 886 3420 re·

108 3451 241 3523 lerarerit,
258 3462 337 3512 certa
357 3454 553 3513 misericordia·
572 3471 627 3512 suae
642 3455 767 3510 mercede
781 3454 886 3510 donan-

108 3549 153 3602 dus
165 3550 206 3605 sit.
221 3547 270 3605 Vel
292 3549 334 3606 sic
353 3551 513 3620 accipiatur,
529 3555 560 3604 ut
578 3563 639 3602 cum
658 3545 745 3602 ludaei
765 3545 885 3602 decimas

107 3641 189 3696 dicant
200 3641 300 3697 debere
313 3640 372 3695 dari
384 3641 574 3697 sacerdotibus
583 3647 611 3695 et
624 3640 727 3705 lenitis,
739 3653 791 3694 nos
804 3652 886 3708 super

105 3732 227 3810 justitiam
240 3748 339 3788 eorum
354 3731 526 3786 abundantes
536 3730 643 3800 justitia
654 3729 773 3794 Christi,
789 3728 886 3786 demus

108 3823 266 3878 medietatem
280 3823 416 3878 bonorum
431 3828 607 3885 nostrorum,
624 3821 695 3876 sieut
709 3828 736 3875 et
755 3819 886 3876 Zachaeus

109 3914 164 3970 lecit
186 3916 266 3988 (buc.
281 3915 368 3988 xix),
393 3931 448 3970 non
463 3915 551 3970 solum
571 3914 606 3969 de
626 3913 762 3969 fructibus
784 3915 832 3969 sed
852 3914 886 3970 de

108 4007 224 4064 omnibus
236 4007 320 4063 bonis
339 4006 407 4064 suis.
421 4006 475 4060 Aut
493 4013 566 4061 certe
584 4005 754 4075 duplicemus
777 4004 886 4060 illorum

106 4096 231 4165 decimas,
247 4099 379 4156 Ecclesiae
393 4098 483 4154 dando
498 4097 618 4168 quintas.

138 4209 171 4266 Et
184 4210 302 4268 laudauit
312 4211 435 4266 dominus
451 4211 570 4266 uillicum
581 4210 730 4280 iniquitatis
745 4208 808 4279 quio
821 4223 885 4277 pru-

933 1966 1082 2029 grarautur
1111 1959 1301 2028 potiusquam
1327 1959 1498 2027 adjuventur.
1526 1959 1626 2015 llostice
1648 1960 1724 2028 euim

934 2048 1082 2118 impiorum
1103 2047 1309 2102 abominabiles
1334 2046 1404 2102 liinc
1429 2065 1477 2118 per
1493 2047 1666 2104 Salomonem
1679 2049 1722 2104 di-

934 2141 1006 2195 citur
1024 2161 1031 2195 2
1056 2140 1108 2205 Qui
1129 2139 1729 2213 offertsucrificiumdestcbrtontr'ctperruperit,¹

933 2232 1011 2302 quusi
1031 2233 1076 2302 qai
1096 2232 1209 2286 victimet
1225 2231 1311 2300 filium
1331 2233 1358 2285 in
1380 2241 1517 2299 corrspectu
1531 2229 1724 2304 ριιιιίιῌὶιιιίι

935 2321 1040 2393 xxxiv).

971 2411 1024 2477 Qui
1043 2411 1130 2481 fidelia
1149 2421 1187 2466 eat
1199 2413 1226 2465 itt
1237 2413 1356 2476 uuirtimo,
1369 2423 1393 2465 et
1405 2413 1431 2465 ιἰι
1452 2413 1548 2482 rnujort'
1563 2414 1648 2482 fidelia
1663 2421 1722 2468 eet:

934 2511 959 2555 et
982 2505 1028 2572 qui
1038 2503 1065 2556 t'rt
1078 2500 1181 2557 modico
1196 2503 1302 2573 iniquae
1312 2511 1362 2566 est,
1375 2513 1400 2556 et
1411 2503 1439 2556 in
1449 2503 1545 2571 mojori
1559 2504 1721 2574 iniqousoet,

971 2589 1078 2664 [Reos]
1095 2590 1124 2646 ln
1146 2593 1258 2646 minimo
1277 2598 1320 2647 est
1340 2591 1441 2659 lidelis,
1462 2594 1508 2662 qni
1523 2592 1605 2647 babet
1617 2593 1724 2652 viscera

935 2683 1046 2754 pietatis
1069 2690 1096 2738 et
1116 2697 1199 2752 opera
1217 2683 1422 2749 misericordiae,
1435 2684 1526 2739 dando
1537 2686 1725 2757 eleemosynas

935 2781 962 2829 et
989 2773 1127 2844 diligendo
1150 2774 1290 2844 proximos
1314 2773 1482 2847 [pauperesl.
1505 2773 1535 2830 ln
1561 2775 1659 2846 majori
1681 2785 1725 2832 est

937 2865 1040 2930 fidelis,
1064 2867 1112 2937 qui
1133 2867 1245 2921 ortrnino
1258 2865 1377 2922 adhaeret
1391 2866 1524 2933 Creatori,
1538 2877 1565 2924 et
1579 2885 1650 2924 unus
1667 2871 1725 2940 spt-

937 2961 1008 3015 ritus
1021 2974 1083 3013 cum
1103 2975 1136 3013 eo
1151 2957 1288 3014 desiderat
1304 2959 1383 3014 ellici.
1399 2959 1452 3026 ραι·
1468 2962 1537 3014 enim
1548 2961 1658 3030 [rotrcm
1672 2979 1729 3032 non

936 3049 1023 3120 diripit
1036 3065 1112 3119 quem
1128 3048 1205 3113 uidet,
1222 3064 1272 3104 nec
1286 3049 1433 3104 miseretur
1443 3053 1530 3120 egeni,
1543 3051 1672 3120 quomodo
1682 3052 1728 3114 uti,

938 3141 998 3212 iipet
1010 3140 1094 3196 Deum
1109 3157 1184 3211 quem
1204 3157 1255 3194 nou
1270 3140 1337 3195 uidet
1352 3139 1380 3212 tl
1393 3139 1574 3213 loon.1v),et
1588 3143 1729 3217 qttomodo,

937 3233 1057 3305 seipsum
1073 3231 1128 3288 Deo
1142 3231 1264 3286 tribuet?

971 3323 1003 3379 Si
1024 3319 1092 3394 erpo'
1112 3323 1249 3393 inicique
1271 3339 1423 3378 mammona
1442 3322 1532 3394 fideles
1552 3340 1605 3384 nort
1623 3324 1726 3400 fuistis,

936 3415 1005 3486 quod
1018 3431 1106 3468 oerum
1120 3421 1169 3477 est,
1182 3413 1239 3483 quia
1255 3412 1340 3468 credet
1356 3412 1449 3481 oobiel

974 3503 1119 3578 [Aurora]
1135 3502 1241 3558 Divitiae
1254 3503 1350 3561 muudi
1365 3503 1545 3574 undecunque
1559 3520 1729 3577 congregen-¹

935 3606 992 3662 tur,
1007 3611 1162 3651 mammona
1177 3595 1329 3668 iniquitatis
1344 3595 1482 3660 dicuntur,
1499 3603 1526 3650 et
1543 3594 1649 3661 lallunt,
1661 3597 1729 3666 quia

937 3685 979 3741 vel
997 3685 1139 3749 deserunt,
1162 3684 1205 3738 rel
1224 3682 1398 3751 deseruntur.
1410 3683 1543 3740 Caelestes
1553 3700 1619 3740 vero
1632 3692 1659 3739 et
1670 3686 1727 3754 spi-

938 3775 1050 3830 rituales
1071 3774 1172 3829 diritiae
1193 3790 1264 3842 rerae
1282 3782 1360 3842 sunt,
1371 3791 1440 3845 quas
1456 3790 1517 3830 cum
1532 3776 1725 3840 babuerimus.

937 3867 1051 3940 perdere
1067 3882 1124 3933 aron
1138 3880 1296 3936 possumus.

973 3956 1008 4011 Et
1032 3958 1056 4011 si
1074 3957 1102 4010 in
1126 3957 1212 4010 alieno
1232 3956 1322 4026 fideles
1343 3974 1394 4012 nort
1412 3957 1512 4027 [uictis
1530 3958 1600 4029 qood
1613 3967 1729 4028 oestrum

937 4057 986 4113 eat,
1001 4050 1060 4120 quic
1070 4047 1144 4102 dubit
1156 4047 1227 4102 robis
1240 4051 1253 4104 l

974 4137 1128 4216 [Auernus]
1146 4138 1243 4194 Saeculi
1260 4139 1405 4196 facultates
1420 4147 1485 4196 sunt
1499 4155 1515 4194 a
1528 4142 1608 4203 nobis
1621 4143 1730 4216 alienae,

938 4230 965 4286 id
982 4241 1024 4286 est
1037 4237 1113 4285 extra
1135 4237 1261 4285 naturam
1276 4240 1400 4287 nostram
1417 4233 1486 4286 sitae.
1502 4229 1578 4286 Nitor
1594 4233 1663 4287 enim
1683 4234 1730 4302 in·¹

107 4301 190 4357 demi
202 4304 323 4374 semel·
338 4306 401 4375 quio
421 4303 473 4374 fiffl
496 4301 574 4372 '¹¹²1'st
588 4301 678 4358 ΜΗ
700 4298 886 4371 mmmmm
939 4323 1047 4381 tulimus
1069 4323 1096 4376 in
1115 4322 1183 4375 bunc
1203 4322 1340 4386 orandam,
1360 4321 1472 4376 etnildl
1495 4321 1555 4376 tine
1576 4322 1728 4391 auferemur

108 4394 166 4462 15¹51¹⁸
181 4395 245 4451 'llll‘
259 4397 287 4450 in
301 4396 468 4467 imm
482 4409 532 4448 ⁸¹¹⁰
547 4401 618 4448 mm·
939 4412 966 4485 (l
985 4414 1053 4476 Tim.
1075 4413 1126 4485 ut).
1148 4411 1247 4468 Nostra
1268 4419 1359 4467 autem
1380 4420 1454 4478 sunt,
1477 4428 1539 4483 quae
1552 4415 1662 4484 proprie
1676 4415 1732 4476 boa

138 4505 219 4576 Cujus
231 4509 350 4578 quisque
363 4522 446 4579 opera
467 4507 536 4578 agit,
557 4505 621 4575 ejus.
640 4513 666 4562 et
687 4505 758 4561 lilius
775 4506 885 4568 dicitur,
902 4543 925 4597 D
939 4507 1006 4560 mini
1027 4505 1155 4576 deputata
1175 4511 1249 4560 sunt.
1271 4503 1399 4560 Christus
1412 4511 1507 4569 noster
1520 4515 1578 4570 est,
1594 4507 1659 4576 quia
1673 4508 1731 4578 uita

110 4591 178 4651 Unde
194 4599 258 4653 boni
278 4607 343 4654 strnt
367 4599 414 4653 lilii
429 4598 498 4654 lucis
518 4604 645 4664 aeternae;
662 4596 727 4650 mali
741 4611 822 4663 vero,
839 4595 887 4657 tilii
939 4604 982 4652 est
1005 4606 1109 4661 nostra,
1133 4603 1161 4650 et
1178 4595 1239 4650 ideo
1260 4594 1350 4650 bootae
1369 4594 1444 4665 cujus
1459 4604 1498 4653 est
1511 4595 1640 4652 Dominae
1655 4597 1727 4664 llertr

110 4689 208 4753 meruli,
222 4689 305 4746 idest
319 4690 512 4752 tenebrarum,
525 4687 671 4757 dequibus
693 4683 821 4741 Salomon
832 4686 886 4741 ait:
938 4688 996 4757 ejus
1017 4685 1103 4759 (Psoi.
1115 4684 1223 4755 enutri).
1239 4683 1361 4742 Virtutes
1376 4691 1478 4741 nostrae
1490 4693 1565 4753 sunt,
1580 4687 1642 4759 quia
1658 4695 1728 4744 teste

113 4777 153 4832 lte
163 4782 205 4850 qui
217 4783 348 4850 sopientes
361 4782 423 4836 ertia
440 4782 468 4834 in
481 4779 564 4834 occulis
578 4780 685 4844 restria,
701 4787 725 4832 et
741 4795 830 4832 coram
845 4793 890 4832 uo-
941 4777 1096 4843 Salomone,
1121 4777 1273 4847 Redemptio
1298 4778 1395 4832 unimur
1415 4778 1466 4832 oiri
1491 4780 1601 4849 proprie
1627 4778 1728 4833 diuitiae

109 4868 258 4940 iumetiprie
278 4871 416 4941 prodentes
438 4869 511 4944 (leo.
528 4869 573 4942 ιι).
591 4868 621 4923 ln
634 4871 685 4924 hoc
699 4870 889 4940 dispensatore
939 4873 996 4941 ejas
1018 4869 1108 4942 (Prou.
1131 4869 1205 4940 ruti).
1229 4865 1330 4923 Domus
1345 4883 1412 4938 ergo
1431 4868 1529 4932 aliena,
1551 4875 1581 4922 ut
1595 4869 1729 4938 suscipia-

108 4973 158 5014 non
172 4960 301 5018 debemus
315 4964 469 5034 exemplum
490 4961 523 5016 ad
545 4962 707 5016 imitandum
719 4961 843 5026 sumere,
859 4968 890 5016 ut
940 4978 1003 5017 mus
1021 4967 1130 5026 nostra;
1151 4961 1320 5029 praebeamus
1342 4974 1436 5032 parra,
1452 4967 1482 5014 ut
1494 4959 1658 5030 recipiamus
1670 4975 1730 5013 ma·

109 5051 146 5104 rel
163 5051 277 5108 Domino
298 5053 438 5118 fraudem,
460 5055 502 5108 rcl
521 5053 555 5109 de
573 5053 670 5108 iraude
690 5052 889 5124 eleemosynam
940 5067 1009 5123 gna;
1039 5051 1206 5108 seminemus
1239 5049 1268 5104 in
1296 5049 1507 5114 benedictione,
1534 5059 1564 5103 ut
1593 5057 1729 5106 metamus

111 5139 247 5210 iaciamus,
278 5145 326 5202 sed
352 5144 490 5202 interdum
513 5145 708 5201 similitudines
733 5143 889 5200 econtrario
940 5141 1166 5198 benedictionem.
1195 5141 1248 5207 Qui
1271 5142 1343 5196 enim
1362 5142 1581 5212 porre‘senriaat,
1604 5150 1729 5207 porroet

110 5231 251 5300 ducuntur,
268 5244 298 5290 ut
314 5235 359 5290 bic
373 5243 401 5290 et
415 5236 449 5290 de
462 5235 554 5304 jndice
570 5235 684 5305 iniquo,
706 5234 779 5290 unde
799 5233 890 5289 Lucas
940 5243 1017 5289 metet
1028 5231 1072 5304 (ll
1080 5230 1726 5305 Corax).[Hannon]Theophilusdntiocbenus,

112 5319 137 5374 in
148 5323 333 5380 ducentesimo
345 5325 426 5380 tertio
445 5324 551 5380 decimo
562 5325 690 5396 capitulo.
708 5323 736 5378 Si
756 5339 822 5395 ergo
839 5323 890 5378 Do
940 5313 986 5398 qui
996 5331 1113 5396 quatuor
1123 5323 1351 5394 evangelistarum
1359 5325 1388 5377 in
1397 5336 1560 5392 unumopus
1569 5313 1641 5376 dicta
1652 5336 1730 5376 com-

112 5410 195 5467 minus
215 5413 389 5484 dispendium
410 5427 525 5485 passus,
545 5423 634 5469 tamen
659 5414 751 5469 laudat
770 5413 889 5485 prudcn-
941 5416 1045 5489 pinxit,
1072 5415 1129 5472 baec
1150 5429 1231 5486 super
1251 5414 1322 5468 banc
1347 5413 1504 5484 parobolam
1525 5414 1553 5467 in
1571 5413 1629 5468 suis
1652 5426 1731 5490 ιιιιιιῖΙ

112 5500 172 5555 tiam
185 5503 399 5576 dispensatoris,
416 5521 473 5561 non
489 5505 564 5576 quod
582 5505 716 5560 aduersus
735 5517 798 5561 enm
819 5504 891 5559 lrau-
941 5505 1085 5568 montariis
1107 5511 1150 5560 est
1174 5504 1303 5559 locutus:
1327 5501 1408 5558 Dives
1428 5501 1532 5558 habens
1551 5502 1671 5556 uillicum
1685 5504 1728 5557 uel

113 5588 240 5659 dolenter,
255 5595 301 5651 sed
317 5613 367 5668 pro
381 5613 410 5652 se
426 5597 574 5669 prudenter
587 5597 689 5667 egerit,
704 5595 890 5667 multomagis
940 5597 1168 5667 dispensatorem,
1193 5593 1370 5662 Omnipotens
1384 5600 1436 5648 est.
1451 5591 1539 5662 liujus
1556 5593 1729 5662 dispensator

112 5679 232 5743 Christus
251 5689 298 5758 qui
316 5690 422 5744 nullum
443 5688 573 5744 damnum
593 5689 728 5745 sustinere
741 5694 848 5760 potest,
864 5695 891 5744 et
941 5687 993 5744 luit
1007 5685 1118 5748 Patulus,
1130 5685 1215 5757 legem
1226 5684 1272 5740 liei
1283 5684 1393 5740 discens
1405 5699 1421 5738 a
1431 5683 1586 5738 Camaliele.
1598 5680 1651 5747 Qui
1665 5696 1729 5753 epm

113 5789 211 5853 pronus
230 5781 324 5836 estad
342 5779 532 5847 clementiam,
556 5779 677 5836 laudabit
697 5778 846 5850 discipulos
866 5779 890 5838 si
942 5783 1071 5852 coepisset
1091 5775 1263 5833 Christianos
1283 5773 1422 5848 perseam,
1438 5781 1465 5836 et
1482 5771 1590 5828 Domini
1604 5771 1646 5830 sui
1660 5770 1733 5829 snb«.v
