3967 6334
192 427 197 439 “
246 429 297 486 ΞΗ
718 426 909 485 tacuerim
936 427 1238 488 cantabrotl‘rnnl
1263 430 1422 490 briscae!
1823 440 1872 495 511

243 552 386 603 narrasset
400 544 509 603 Marcus
523 563 555 603 ex
570 563 688 619 persona
700 544 819 615 bomini,
830 546 1033 619 priusqasmiis
1049 548 1139 610 avita
1162 548 1359 619 migraverunt,
1383 548 1441 604 hac
1454 554 1546 605 autem
1561 548 1627 606 ildes
1645 564 1702 605 non
1722 558 1766 607 est
1778 554 1871 609 catbo·

241 640 333 711 gailas
348 658 436 696 sorcin
448 641 561 706 dederit,
575 652 614 699 ter
623 660 664 699 me
674 660 702 699 es
711 652 865 715 negaturus.
879 641 952 714 Ergo
970 642 1035 713 qula
1087 638 1150 696 lica,

243 735 434 807 anteprimum
441 736 505 807 galli
514 743 724 807 cantumcoepta
730 743 773 792 est
780 736 825 791 illa
835 736 907 791 trina
914 737 1034 807 negatio,
1122 732 1153 787 Si
1165 732 1304 803 quominus
1321 732 1448 789 dixissem
1459 732 1541 799 uoib,
1549 734 1612 807 qaia
1623 732 1689 791 sudo
1700 737 1871 805 permeantis

241 839 300 881 non
322 827 496 889 attenderunt
517 828 556 883 illi
579 835 638 884 tres
652 829 763 900 quando
777 828 969 898 compleretur,
986 828 1035 884 sed
1086 820 1183 877 locum·
1533 891 1537 899 ,
1560 894 1563 901 ,

239 916 353 989 qllantis
367 929 457 991 coepta
469 928 554 986 esset,
567 936 724 992 quanquam
734 920 764 976 in
786 921 877 976 animo
890 919 951 991 ejus
972 927 1036 976 ante
1118 914 1268 989 [isarnus]
1284 914 1452 983 Quominus‚
1464 915 1492 973 id
1507 923 1564 983 est,
1579 934 1644 975 nou.
1659 916 1689 975 Sl
1701 919 1806 977 alicubi
1821 922 1872 979 uisl

239 1008 362 1079 primum
375 1010 438 1081 galli
450 1020 561 1069 cantum
571 1019 628 1068 tota
640 1013 726 1083 possit
735 1012 860 1083 intelligi.
871 1010 1035 1082 Quanquam
1086 1008 1114 1065 in
1129 1009 1210 1065 domo
1224 1008 1325 1075 Patris,
1342 1007 1434 1076 idest,
1448 1010 1477 1065 in
1492 1010 1576 1081 justis
1590 1010 1748 1067 mansiones
1769 1020 1871 1081 essent,

241 1100 317 1155 enim
338 1101 430 1157 verbis
453 1106 578 1175 negantis
611 1111 674 1160 ante
694 1104 813 1176 primum
831 1110 942 1175 crepta,
971 1110 1035 1159 ante
1084 1098 1215 1157 dixissem
1225 1100 1312 1158 vobis.
1334 1098 1388 1157 Sed
1408 1102 1504 1159 sciatis
1516 1102 1580 1174 qula
1599 1101 1669 1159 vado
1683 1103 1766 1160 modo
1782 1104 1871 1161 locum

242 1190 395 1247 secundum
417 1201 508 1250 autem
522 1196 711 1266 gallicantum
729 1203 841 1267 peracta
860 1196 897 1252 sit
911 1204 968 1250 tota
987 1194 1034 1248 illa
1084 1194 1162 1250 uobis
1185 1210 1282 1265 parare
1300 1194 1458 1261 moriendo,
1483 1194 1667 1266 resurgendo,
1687 1202 1715 1251 et
1739 1196 1769 1251 in
1789 1198 1872 1255 coelos

241 1282 316 1337 trina
331 1284 449 1355 negatio,
466 1292 558 1340 tamen
570 1286 670 1341 timore
679 1284 753 1341 Petri
767 1292 831 1341 ante
843 1285 962 1357 primum
976 1292 1034 1341 tota
1084 1285 1266 1343 ascendendo.
1288 1285 1470 1359 Hieronymus
1488 1293 1584 1343 contra
1600 1285 1797 1344 lucinianum:
1819 1308 1829 1341 ι
1846 1288 1873 1346 Si

240 1383 374 1446 concepta
381 1383 432 1432 est.
441 1374 496 1432 Nec
504 1377 617 1435 interest
623 1378 735 1450 quantis
745 1378 874 1433 bonarum
882 1379 1035 1436 intervallis
1084 1394 1139 1433 non
1149 1379 1306 1435 mansiones
1319 1380 1412 1435 multae
1425 1386 1518 1436 essent
1530 1379 1600 1451 apud
1614 1378 1733 1446 Patrem,
1742 1380 1873 1437 dixissem

240 1466 314 1520 trina
324 1481 391 1523 voce
404 1468 545 1524 enuntiata
559 1470 605 1534 sit,
622 1485 685 1524 cum
699 1485 748 1526 cor
763 1472 889 1542 negantis
899 1478 963 1526 ante
976 1472 1034 1541 pri·
1083 1471 1323 1543 vobis,quiavado
1333 1487 1430 1542 parare
1441 1474 1531 1528 locum
1540 1471 1644 1528 tobias
1655 1470 1714 1527 lloc
1723 1480 1778 1537 est,
1788 1473 1872 1529 sinon

239 1559 815 1633 rnumgallicantumtotapossederit.'lam
822 1565 1033 1635 magnissilium
1084 1563 1273 1635 unusquisque
1287 1572 1451 1635 praepararet
1465 1564 1517 1620 sibi
1528 1564 1697 1620 mansionem
1707 1580 1744 1621 ex
1755 1568 1873 1637 propriis

240 1648 386 1707 tormidine
396 1652 531 1709 imbutum
542 1661 601 1709 erat
610 1655 736 1724 cercius,
747 1663 877 1726 ntposset
887 1654 1032 1710 bominum
1083 1655 1228 1725 operibus.
1251 1656 1382 1713 dixissem
1404 1656 1492 1713 uobis.
1508 1656 1542 1710 Et
1564 1656 1625 1713 ideo
1642 1672 1699 1713 non
1718 1664 1763 1715 est
1783 1674 1874 1715 meum
1968 1722 1969 1731 χ

239 1757 295 1797 non
311 1743 399 1798 solum
414 1744 509 1811 semel,
528 1746 577 1801 sed
591 1747 692 1801 iterum
706 1754 734 1803 et
747 1746 831 1802 tertio
845 1746 1033 1818 interrogatus
1082 1758 1180 1813 parare
1193 1744 1283 1810 vobis,
1293 1744 1341 1801 sed
1347 1744 1640 1814 vestrum;ludaenibil
1649 1744 1754 1817 proluit
1763 1755 1874 1819 paratus
1968 1742 1969 1747 ’

238 1848 349 1904 negare.
361 1832 396 1889 m
409 1834 546 1906 quomodo
563 1835 623 1907 jam
639 1837 782 1892 rnoecintus
795 1847 836 1893 est
851 1837 988 1893 mutierem
1004 1839 1031 1893 iu
1084 1834 1170 1903 locus,
1186 1850 1267 1907 quem
1285 1850 1336 1891 suo
1349 1836 1416 1891 vitio
1427 1834 1555 1907 perdidit.
1566 1834 1647 1891 iuxta
1659 1852 1742 1909 quem
1763 1854 1874 1893 sensum
1968 1870 1969 1879 ι

239 1927 394 1995 cordetuo,
428 1932 473 2003 qui
498 1947 557 1986 eam
591 1930 686 1986 uiderit
721 1932 757 1987 ad
794 1932 1030 2002 concupiscendum
1046 1902 1164 1983 Betiam
1179 1926 1245 1984 illud
1259 1928 1465 1999 intelligendum
1478 1936 1531 1993 est,
1546 1927 1619 1999 quod
1633 1926 1739 1983 dictum
1754 1937 1799 1985 εει
1814 1930 1873 1986 liliis

239 2020 349 2091 (sarit,
365 2023 406 2093 vl,
431 2024 472 2080 sic
486 2022 585 2080 Petrus
598 2032 704 2079 tantum
725 2026 852 2080 timorem
866 2032 1032 2096 conceperat
1081 2019 1224 2079 Zebedaei:
1242 2020 1338 2077 Sedere
1348 2039 1363 2076 a
1374 2020 1475 2077 destris
1485 2022 1549 2076 meis
1558 2021 1623 2077 uela
1634 2022 1764 2085 sinistris,
1774 2038 1829 2076 non
1839 2030 1874 2075 est

239 2113 268 2169 in
290 2115 399 2181 animo,
424 2123 455 2171 ut
477 2116 628 2187 perdurare
648 2125 740 2188 posset
756 2133 844 2190 usque
866 2116 900 2175 ad
919 2118 1031 2175 tertiam
1080 2130 1168 2169 meam
1181 2114 1245 2169 dare
1258 2113 1340 2179 ociis,
1349 2114 1394 2170 sed
1405 2113 1498 2186 quibas
1512 2116 1636 2183 piratam
1646 2112 1810 2169 estaPatre
1822 2130 1875 2169 meo

237 2204 347 2262 Domini
362 2208 543 2279 negationem.
560 2208 623 2265 ldeo
641 2226 751 2281 quoqne
764 2219 820 2266 tota
834 2210 907 2267 trina
921 2212 1032 2283 negatio
1081 2206 1190 2280 (Musti.
1210 2206 1267 2281 xx).
1288 2205 1413 2272 Frustra,
1429 2206 1527 2278 inquit,
1548 2207 1640 2277 petitis
1661 2205 1734 2277 quod
1755 2206 1782 2261 in
1799 2208 1876 2262 uobis

236 2296 264 2353 ci
280 2297 397 2371 tempori
415 2299 569 2370 deputanda
589 2307 646 2367 εει,
666 2302 695 2357 iu
714 2316 768 2373 quo
781 2302 861 2357 trina
875 2304 1033 2373 negationis
1081 2299 1164 2356 sitnm
1175 2304 1228 2363 est,
1244 2307 1271 2353 et
1281 2296 1354 2369 quod
1367 2296 1447 2353 Pater
1458 2312 1536 2353 meus
1546 2296 1709 2368 praeparavit
1719 2295 1813 2368 dignis
1822 2297 1875 2351 rir-

238 2387 376 2447 sufficiens
395 2391 476 2446 timor
488 2408 551 2447 eum
565 2394 677 2449 invasit.
693 2392 733 2448 Ex
752 2396 904 2466 quostiam
924 2395 948 2451 si
968 2404 1032 2467 post
1081 2390 1196 2445 tutibus.

237 2478 357 2548 prImum
377 2480 440 2551 galli
455 2491 567 2536 cantum
581 2483 672 2538 verbis
687 2483 822 2555 inciperet
841 2499 952 2554 negare,
961 2484 1032 2539 nihil
1117 2480 1186 2535 Etsi
1199 2479 1307 2545 adiero,
1326 2486 1352 2535 et
1365 2494 1548 2549 properavero
1561 2478 1633 2533 robis
1656 2480 1762 2543 inciam,
1777 2478 1876 2532 iterun

237 2578 330 2628 tamen
336 2574 728 2631 contrarietatis-inesset.Non
737 2575 933 2646 igiturmoverc
939 2574 1031 2643 debet,
1081 2573 1154 2627 uenio
1168 2581 1193 2627 et
1210 2571 1339 2642 arripiam
1352 2588 1397 2626 sos
1412 2570 1447 2625 ad
1463 2571 1602 2641 meipsam,
1614 2579 1645 2625 at
1656 2570 1701 2624 aii
1712 2586 1770 2625 sum
1780 2586 1842 2641 ego,
1852 2578 1876 2623 et

236 2664 302 2735 quia
317 2663 390 2720 trina
403 2666 513 2737 negatio
526 2676 589 2722 ante
605 2666 722 2737 primum
742 2668 805 2739 galli
820 2676 932 2722 cantum
940 2674 1032 2737 empta
1081 2682 1128 2721 tos
1139 2666 1210 2721 sitis.
1969 2724 1970 2749 Ξ

236 2764 291 2822 εει,
306 2763 405 2827 etpost
419 2758 537 2828 primum
556 2768 666 2830 peracta
685 2766 738 2825 εει,
754 2768 886 2831 tanquam
904 2760 929 2815 si
948 2760 1033 2816 alicui
1117 2756 1263 2831 [iocose]
1281 2756 1342 2829 lpse
1354 2756 1383 2811 in
1395 2756 1497 2828 seipso,
1512 2772 1578 2829 ergo
1592 2756 1631 2812 illi
1655 2754 1738 2811 loturi
1753 2762 1838 2812 erant
1851 2756 1877 2813 in
1969 2750 1970 2783 l

236 2844 392 2903 diceretur:
409 2846 466 2902 llac
476 2858 557 2904 nocte
569 2858 716 2921 antequam
728 2850 817 2921 gallus
827 2852 973 2918 cantet,ad
987 2866 1035 2908 mo
1081 2848 1151 2921 ipso.
1164 2846 1224 2921 lpse
1234 2850 1306 2905 enim
1318 2856 1360 2905 εει
1371 2850 1427 2904 vita
1437 2860 1549 2913 aeterna,
1563 2850 1590 2904 ln
1605 2864 1659 2921 qua
1672 2849 1757 2904 loturi
1767 2864 1877 2905 sumus.

236 2936 342 2994 scribes
360 2938 518 3009 epistolam,
539 2940 569 2995 in
589 2955 645 3012 qua
666 2941 732 2995 mibi
758 2949 801 2997 ter
820 2941 1033 3000 conviciaberis.
1081 2938 1155 2995 Abiit
1168 2946 1258 2994 autem
1274 2954 1322 3009 per
1333 2938 1484 2994 absentiam
1499 2939 1591 2995 carnis
1606 2939 1724 3003 latendo,
1740 2939 1837 2995 ueniet
1850 2940 1877 2993 in

237 3027 338 3101 Utique
354 3030 379 3087 si
393 3046 454 3087 eam
473 3040 538 3089 ante
560 3034 679 3104 primum
701 3034 892 3105 gallicantum
911 3036 1032 3093 scrihere
1079 3030 1184 3101 judicio
1201 3029 1374 3101 apparendo,
1391 3029 1439 3085 sed
1459 3039 1551 3085 manet
1572 3031 1723 3101 raginaudo,
1744 3040 1773 3085 ut
1790 3032 1876 3101 prod-

236 3121 381 3193 incipcret‚
401 3132 429 3179 et
441 3126 633 3196 postprimum
653 3125 838 3197 gallicantum
860 3128 960 3195 finiret,
975 3146 1032 3184 non
1081 3122 1272 3178 ciamusbcne
1290 3121 1418 3187 vivendo,
1430 3128 1458 3176 ct
1475 3122 1516 3177 sic
1532 3130 1645 3193 paratur
1665 3124 1752 3179 locus.
1771 3122 1878 3179 abiens

236 3214 299 3272 ideo
311 3215 457 3273 dicendum
467 3227 541 3274 esset
551 3218 621 3274 laiso
635 3219 722 3276 luisse
736 3220 904 3292 praedictum,
1082 3214 1205 3286 quidem,
1216 3213 1261 3270 scd
1274 3228 1330 3269 non
1343 3214 1502 3285 relinquens
1514 3222 1609 3285 parat;
1624 3216 1687 3286 quia
1698 3215 1839 3271 subtrahit
1850 3232 1878 3271 se

475 3324 518 3413 Μ
575 3308 622 3422 2310
656 3328 711 3417 R·
747 3310 793 3361 litt
1081 3316 1108 3363 et
1122 3308 1198 3371 latet,
1215 3313 1245 3361 ιιι
1264 3306 1300 3363 sit
1314 3305 1430 3363 lidesde
1443 3323 1473 3363 re
1486 3323 1548 3378 quae
1561 3323 1617 3363 non
1631 3309 1751 3371 emulsa,
1767 3318 1794 3363 ct
1811 3308 1878 3365 iude

526 3390 538 3414 0

299 3454 306 3467 .
333 3454 339 3467 .
365 3456 371 3469 .
559 3456 565 3468 .
629 3457 635 3468 ,
776 3459 782 3470 ,
923 3460 929 3473 ,
1080 3407 1122 3456 εει
1141 3400 1268 3457 meritum
1289 3398 1361 3456 fidei.
1382 3398 1444 3455 Non
1463 3408 1527 3455 snm
1544 3402 1682 3457 contraria
1702 3398 1775 3472 qatod
1789 3400 1875 3468 dixit,

270 3450 317 3507 Λα
329 3454 371 3510 'u‘
385 3453 503 3509 Pam:
519 3454 635 3511 mnu
649 3465 794 3528 ‘’mer'‘
808 3476 848 3514 ’Μ
861 3476 929 3514 ’ΜΝ
945 3469 1030 3516 “W''
1081 3492 1394 3549 ntunsioaermutmmm
1403 3493 1805 3564 ,etquodhiedicit‚seiturum
1815 3512 1879 3566 pras-

1081 3601 1179 3658 parare
1194 3586 1296 3641 locum.
1307 3584 1374 3640 lt'am
1386 3593 1413 3642 et
1423 3587 1484 3641 istae
1494 3586 1652 3643 mansiones
1665 3588 1719 3657 jam
1730 3596 1798 3642 snm
1808 3604 1877 3658 prze-

1082 3676 1280 3741 destinatione,
1295 3683 1323 3733 et
1343 3677 1381 3731 ita
1402 3693 1459 3733 non
1483 3685 1548 3734 sunt
1572 3678 1718 3749 paranda,
1739 3688 1878 3735 ettamen

1081 3768 1209 3838 parandae
1230 3775 1294 3823 sunt
1313 3768 1341 3821 in
1353 3769 1521 3839 operatione.
1544 3768 1590 3824 Sic
1605 3770 1677 3826 istud
1694 3770 1875 3835 dictumest,

234 3562 289 3603 non
301 3555 325 3602 te
342 3548 452 3620 negabo.
469 3547 600 3605 Similiter
613 3559 638 3605 et
648 3568 736 3606 omnes
750 3551 875 3621 discipuli
894 3553 1028 3612 dixerunt.

273 3636 412 3714 [illesum]
434 3642 548 3697 Animus
572 3643 633 3698 sine
658 3645 757 3714 penms
776 3645 805 3700 in
830 3645 916 3700 altum
938 3647 1031 3704 solare

235 3725 344 3792 nititur,
360 3727 408 3784 scd
419 3744 520 3800 corpus
534 3740 663 3800 aggravat
677 3730 808 3795 animam,
827 3738 857 3785 ut
869 3732 968 3787 timore
979 3734 1031 3788 iau-

236 3834 327 3875 manae
337 3823 434 3877 mortis
447 3819 556 3876 bomini
569 3822 650 3875 timor
662 3829 816 3892 superetur.
827 3821 926 3879 Petrus
939 3831 1031 3880 tamen

1081 3860 1219 3931 quomodo
1231 3860 1362 3931 propheta
1376 3861 1453 3925 dicit,
1469 3862 1532 3933 quiin
1546 3860 1617 3918 Deus
1632 3861 1696 3918 lecit
1710 3880 1772 3934 qum
1785 3864 1877 3919 lutura
1970 3880 1971 3937 p

236 3912 614 3984 ”⁰¹¹¹nemiwr’qumefflm
629 3929 690 3969 ⁸⁵⁵⁸
700 3912 872 3985 “edit'qwd
885 3916 1030 3986 mmm·
1082 3960 1156 4008 ειιιιι.
1171 3952 1247 4008 Fecit
1269 3952 1507 4023 praedestinando,
1525 3952 1650 4010 lauturus
1663 3963 1705 4011 εει
1725 3956 1875 4026 operando.

236 4002 368 4060 lientitur
386 4014 477 4062 autem
493 4008 541 4080 qui
556 4005 656 4063 laisum
670 4006 807 4078 significat
817 4024 881 4064 cum
892 4008 1032 4067 uoluntate
1082 4043 1166 4098 pam
1178 4059 1243 4116 ergo
1254 4044 1326 4100 Deus
1341 4044 1422 4101 modo
1436 4048 1606 4112 mansiones,
1623 4050 1815 4105 mansionibus
1830 4066 1876 4121 pl·

237 4094 363 4153 fallendi·
1082 4136 1169 4191 rosido
1179 4151 1331 4193 mansores.
1344 4136 1397 4193 Per
1406 4138 1516 4192 domum
1530 4140 1665 4211 accipitur
1675 4142 1806 4212 templum
1817 4142 1874 4207 Dei,

517 4168 633 4225 CAPUT
648 4169 749 4229 olvit.
1369 4230 1374 4241 .
1614 4234 1619 4245 .

662 4260 707 4311 127
1083 4228 1117 4284 de
1128 4245 1182 4299 quo
1193 4226 1340 4300 Apostolus
1351 4238 1388 4283 alt
1399 4250 1404 4285 :
1424 4230 1560 4299 Templum
1571 4230 1619 4286 Des
1627 4242 1747 4287 sunctum
1758 4234 1874 4307 estquod

571 4277 625 4366 Α·
677 4338 694 4373 1
1083 4322 1144 4377 estis
1157 4319 1456 4393 aos(lGor.x1nl.lloc
1469 4324 1602 4379 estetiam
1612 4340 1726 4396 regnum
1735 4324 1875 4397 Dei,quod

273 4403 337 4461 Noa
352 4406 470 4462 turbetur
485 4425 531 4463 cor
547 4417 677 4477 nestram,
689 4407 796 4465 creditis
810 4410 840 4465 in
853 4408 949 4475 Deum,
963 4418 988 4465 et
1005 4410 1034 4464 in
1083 4413 1168 4470 Filius
1183 4414 1334 4471 traditurus
1344 4421 1387 4470 εει
1399 4413 1482 4469 Patri.
1494 4414 1571 4471 Unde
1580 4414 1747 4487 Apostolus:
1765 4416 1874 4473 initiam

237 4496 395 4553 merredite.
1085 4505 1216 4571 diruistis,
1238 4505 1331 4561 deiude
1345 4508 1390 4577 qrti
1408 4516 1470 4561 sant
1489 4506 1629 4563 christiin
1647 4512 1787 4579 prasentia
1805 4511 1874 4577 eius.

273 4588 417 4663 [inausa]
425 4589 465 4646 Ne
475 4600 590 4648 mortem
598 4594 862 4664 tanquamhomincs
870 4594 998 4651 timerent
1006 4604 1033 4650 et
1048 4604 1070 4661 n
1083 4598 1255 4669 dimisistis,
1267 4614 1326 4653 carn
1339 4597 1477 4653 tradiderit
1490 4602 1637 4669 repartmid
1649 4602 1872 4673 esnreoemptos,

236 4680 300 4739 ideo
314 4682 503 4747 turbarentur,
511 4685 671 4740 consolatur
680 4701 738 4751 eos,
748 4684 833 4741 Ιιειιιιι
842 4686 1035 4742 etiamseesse
1085 4703 1136 4743 suo
1151 4689 1292 4759 sanguine,
1309 4687 1364 4742 lieo
1375 4697 1399 4742 et
1413 4687 1490 4741 Patri
1503 4689 1601 4760 (ibid).
1624 4690 1697 4745 Tunc
1713 4676 1782 4762 justi
1791 4692 1876 4763 suips-

237 4780 408 4830 rontestans.
425 4774 510 4842 Quasi
524 4777 598 4832 dicat
614 4778 747 4834 :llortem
761 4778 884 4835 metuitis
900 4779 965 4835 huic
977 4778 1035 4834 lor·
1084 4782 1148 4837 bunt
1159 4784 1228 4837 sicat
1238 4783 1279 4836 sot
1296 4783 1324 4835 in
1335 4798 1414 4853 repnu
1439 4781 1530 4836 Putris
1541 4781 1649 4853 (blattis.
1665 4784 1739 4855 xus).
1753 4784 1874 4857 Regnum

236 4880 290 4921 mae
299 4866 383 4933 servi,
397 4882 453 4921 non
467 4868 623 4932 turbemini,
636 4871 701 4941 quia
710 4868 782 4927 Deus
794 4870 937 4927 suscitabit
948 4871 1033 4930 illam.
1085 4873 1200 4947 iulgcbit
1221 4874 1249 4930 in
1264 4890 1359 4947 regno,
1373 4890 1436 4929 cum
1448 4886 1532 4946 regno
1541 4876 1647 4931 vcnerit
1666 4892 1788 4949 regnum,
1801 4878 1873 4949 quod

272 4956 308 5013 is
320 4958 399 5013 domo
414 4959 507 5016 Patris
525 4962 576 5016 mei
588 4962 678 5017 multe
693 4964 843 5018 mansiones
854 4972 926 5019 sunt.
1084 4982 1195 5023 oramus
1209 4965 1332 5023 dicentes
1345 4987 1352 5022 ι
1368 4966 1497 5022 Adueniet
1506 4976 1693 5038 regnumtaum
1705 4968 1810 5041 (Horti.
1823 4971 1872 5038 ml.

272 5049 370 5107 blerito
385 5052 578 5119 turbabantur,
593 5054 816 5125 qnandoquidem
840 5054 977 5110 fidentiori
990 5053 1034 5108 dl·
1082 5058 1142 5112 iam
1165 5066 1279 5113 vocatur
1290 5074 1417 5131 regnum,
1431 5060 1478 5116 scd
1501 5070 1567 5115 tunc
1587 5061 1699 5117 habebit
1714 5069 1873 5133 patestatem

236 5150 311 5198 ctum
325 5150 385 5199 erat
396 5146 460 5215 quia
475 5156 587 5217 negaret
600 5146 755 5202 Dominum.
773 5145 826 5202 Sed
840 5162 903 5201 cum
919 5146 1034 5201 audiunt
1083 5150 1301 5221 regnamli‚·cum
1318 5152 1409 5207 audiet
1427 5168 1433 5204 :
1454 5151 1554 5217 Venite,
1568 5152 1696 5208 benedicti
1710 5152 1796 5209 Patris
1809 5156 1870 5214 mei.

235 5236 272 5293 de
292 5238 482 5293 mansionibus
502 5239 575 5302 coeli,
599 5254 615 5293 a
637 5240 844 5311 perturbatione
860 5247 1032 5303 recreantur,
1083 5240 1870 5317 percipiteregnuntliiattls.xxv),idcst‚quiregmnncratis,

236 5325 307 5381 certi
327 5332 390 5397 post
415 5328 537 5398 pericula
559 5344 589 5384 se
612 5328 684 5399 apud
708 5328 795 5383 Deum
814 5344 961 5383 mansuros
982 5344 1034 5399 pro
1083 5337 1111 5387 et
1124 5348 1180 5386 non
1196 5334 1353 5404 regnabatis
1370 5334 1425 5390 nisi
1451 5336 1478 5389 ln
1494 5352 1558 5407 spe,
1574 5340 1667 5393 uenite
1682 5344 1709 5394 ot
1722 5346 1829 5407 regnate
1844 5336 1872 5391 ia

236 5416 344 5473 meritis
352 5418 501 5490 suis,quod
513 5421 668 5491 significant
682 5422 775 5476 multae
791 5421 957 5476 mansiones.
969 5422 1034 5475 iiia
1083 5424 1253 5481 rc.Credentl
1265 5428 1402 5498 colligitur
1414 5428 1660 5495 meritum‚vidcnti
1673 5430 1792 5487 redditur
1803 5444 1873 5498 prae-

235 5514 279 5562 est
286 5508 360 5563 caim
372 5509 461 5581 glorio
470 5512 546 5577 solis,
559 5511 615 5565 alia
626 5513 705 5579 laanoe,
717 5512 773 5567 alia
782 5512 931 5578 stellarum,
943 5511 1034 5583 differt
1083 5516 1655 5593 nsiumilesideriumuisionispraparatio
1663 5520 1869 5579 estmansionis.

234 5599 306 5654 enim
319 5601 514 5658 steiiaaateiiu
527 5605 555 5658 in
567 5604 653 5676 gioria
667 5604 693 5671 (l
704 5603 767 5662 Cor.
784 5604 841 5677 xv).
857 5604 975 5662 Proinde
989 5622 1033 5663 re·
1082 5606 1207 5674 Domine,
1222 5626 1289 5681 para
1314 5611 1389 5683 quod
1412 5628 1503 5683 paras,
1525 5630 1577 5671 nos
1598 5614 1703 5671 scilicet
1716 5614 1777 5677 tihi,
1792 5620 1820 5668 et
1841 5628 1871 5669 re

237 5690 354 5759 spuendi
377 5702 453 5759 sunt,
469 5694 517 5764 qui
530 5701 628 5765 putant
642 5694 704 5750 ideo
714 5695 820 5749 dictum
834 5696 935 5751 multas
952 5712 1031 5751 man·
1081 5702 1171 5765 nobis,
1183 5712 1213 5757 ut
1224 5704 1259 5759 sit
1270 5705 1414 5761 multitudo
1426 5709 1689 5780 mansionumquod
1701 5706 1871 5783 prodirersi-

235 5780 342 5847 aiones,
355 5784 421 5855 quia
436 5793 515 5842 extra
527 5802 641 5858 regnum
657 5787 790 5844 emiorum
813 5795 857 5843 est
870 5788 972 5859 aliquid
985 5788 1044 5845 ubi
1081 5799 1136 5847 tate
1147 5795 1316 5866 meritorum,
1332 5797 1403 5857 alius
1419 5799 1500 5873 plus,
1516 5801 1587 5859 alius
1603 5801 1710 5871 minus,
1725 5800 1868 5874 participes

236 5881 366 5931 sisaneant
381 5875 542 5935 innocentes
550 5878 634 5949 beati,
644 5878 692 5952 qui
706 5878 766 5937 sine
779 5880 916 5950 baptismo
931 5880 965 5939 de
977 5882 1030 5939 bac
1082 5884 1121 5953 tui
1131 5885 1243 5943 erimus.
