3967 6334
70 286 133 349 485
544 287 579 344 tn
596 288 697 348 babet
713 287 760 344 EX
777 286 946 358 ootvuott
964 288 1065 345 LlliEli
1083 289 1245 346 venitis.
1657 297 1712 352 titt

111 409 199 459 Amen
212 400 275 458 dieo
292 403 375 469 miris,
391 401 461 474 asad
473 403 613 475 praeiacet
626 419 664 471 se,
675 413 699 456 et
714 401 793 473 faciet
807 403 869 459 ilios
885 409 907 467 Α
921 403 957 458 ab
969 406 1010 461 eis
1027 403 1088 460 iidei
1099 403 1300 462 confessionem
1315 417 1478 476 moramque
1492 405 1656 475 probitatem
1668 428 1713 467 re·

70 495 253 561 discumbere,
267 505 293 550 et
307 497 439 551 tramieas
451 495 612 550 ministrabit
627 494 691 549 iliis.
920 495 1013 567 cipite,
1025 496 1105 565 iuxta
1118 497 1305 568 psalmistam:
1325 496 1442 561 Sumite,
1459 496 1564 568 inquit,
1579 499 1712 567 psalmam

125 585 274 657 Praciaait
284 603 321 651 se,
336 586 364 641 id
378 593 434 650 est,
450 585 485 641 ad
499 584 708 650 retributionem
722 593 866 657 praeparat.
919 599 945 644 et
957 589 1019 644 date
1033 597 1186 660 tympanum
1196 588 1284 660 (Psal.
1297 588 1390 660 tuus).
1402 588 1461 645 lloc
1471 595 1515 647 est
1523 590 1632 647 laudem
1643 609 1713 664 prse-

70 675 170 732 Faciet
183 677 244 731 iilos
258 677 436 742 discumbere,
451 677 479 732 id
493 684 552 743 est,
565 678 594 733 in
608 686 710 733 aeterna
725 680 816 747 quiete
826 695 871 736 re·
919 677 1067 733 dicationis
1082 677 1109 732 in
1124 676 1209 734 corde
1224 677 1373 748 percipite,
1389 685 1417 733 et
1431 677 1604 735 devotionem
1620 683 1712 752 operis

70 767 175 822 ioveri.
191 766 270 824 Unde
289 769 355 824 alibi
369 771 428 840 ipse
451 765 585 823 Dominus
606 767 692 824 dicit:
711 767 869 825 decumberet
919 771 1063 824 incarnis
1087 771 1297 841 castigationem
1324 770 1449 841 redigite.
1474 769 1645 844 lympanum
1670 782 1714 831 est

70 876 136 914 cum
150 860 288 914 Abrabam
302 870 327 915 et
344 860 424 916 isaac
433 870 458 915 et
469 859 553 915 tacet
569 858 677 931 (llattlv.
694 862 755 934 vn).
769 863 870 918 Trans·
919 862 1025 917 corium
1050 861 1078 915 in
1098 862 1173 932 ligno
1195 870 1351 927 extentum,
1377 869 1404 918 et
1427 861 1576 934 significat,
1600 880 1713 924 carnem

70 953 131 1006 iens
150 951 326 1017 ministrabit,
337 952 403 1025 quia
414 954 522 1009 rediens
531 953 566 1008 de
577 953 683 1023 judicio
697 954 730 1009 ad
742 970 867 1026 regnum,
919 964 1042 1010 nostram
1054 954 1089 1008 ad
1101 955 1256 1026 exemplum
1269 953 1416 1010 llominicae
1426 956 1517 1011 erucis
1528 956 1710 1028 aliligendam.

72 1049 140 1112 post
151 1043 243 1114 ipsum
255 1044 391 1114 judicium
406 1059 460 1100 nos
474 1045 543 1100 lucis
558 1059 615 1100 sum
628 1045 813 1103 illustratione
823 1063 868 1104 sa·
954 1045 1030 1102 Ciues
1045 1055 1134 1099 autem
1151 1045 1223 1100 illias
1245 1043 1356 1100 aderant
1372 1045 1464 1112 illum,
1481 1056 1506 1101 et
1525 1047 1653 1104 miserunt
1674 1049 1714 1106 le-

72 1135 167 1190 tiabit.
183 1135 271 1202 Quem
286 1137 360 1193 enim
380 1139 409 1193 in
428 1138 597 1194 humanitate
611 1137 757 1208 injudicio
773 1155 869 1196 cerne·
918 1139 1050 1209 petionem
1064 1146 1122 1208 past
1136 1137 1223 1204 illam,
1236 1137 1366 1192 dicentes:
1377 1136 1510 1193 Nolumus
1522 1139 1590 1194 tam
1602 1157 1712 1211 reamare

70 1243 151 1297 mus,
164 1231 248 1284 etiam
264 1231 293 1284 in
312 1230 455 1286 divinitate
470 1236 533 1301 post
554 1229 688 1301 judicium
704 1231 866 1287 videbimus.
919 1247 997 1300 saper
1010 1247 1068 1286 aas.

69 1315 125 1375 Vel
139 1327 216 1378 certe
231 1324 365 1377 transiens
376 1323 477 1377 dicitur
490 1322 656 1387 ministrare,
667 1323 733 1394 quia
748 1339 814 1379 suos
828 1323 869 1379 ie·
954 1323 1035 1379 Cives
1050 1323 1138 1394 ipsius
1153 1321 1220 1376 dicit
1235 1320 1354 1389 ludaeos,
1375 1321 1409 1379 de
1424 1323 1526 1394 quibus
1538 1323 1602 1378 alibi
1618 1334 1713 1394 prote-

69 1409 166 1466 lieiter
179 1413 301 1468 transire
312 1411 403 1476 saciet,
416 1428 479 1467 cum
489 1412 523 1469 de
534 1414 721 1484 speculatione
740 1416 868 1471 humani·
918 1422 1023 1472 statur.
1043 1414 1121 1470 Nunc
1135 1423 1223 1468 autem
1237 1424 1262 1468 et
1285 1414 1404 1469 ciderunt
1415 1424 1440 1468 et
1457 1414 1569 1470 adereat
1584 1424 1610 1470 et
1624 1433 1665 1471 me
1686 1425 1713 1471 et

68 1507 140 1562 tatis
156 1505 192 1561 ad
206 1508 465 1578 contemplationem
479 1507 578 1563 divinae
591 1509 725 1565 claritatis
738 1510 867 1568 elevabit.
920 1508 1028 1562 Patrem
1039 1523 1123 1562 meam
1133 1505 1224 1579 (laen.
1240 1507 1296 1580 xv).
1312 1507 1365 1574 Qui
1378 1521 1433 1561 non
1450 1507 1538 1562 solum
1550 1515 1713 1578 praesentem

108 1599 146 1654 Et
161 1603 186 1656 si
201 1602 299 1656 tenerit
309 1602 336 1656 ia
351 1601 465 1656 secanda
480 1602 581 1672 cipitia,
592 1610 618 1655 et
632 1603 655 1656 si
667 1603 694 1657 in
711 1604 791 1658 tertia
801 1605 867 1675 cipi·
919 1615 1007 1672 usqne
1024 1599 1058 1654 ad
1073 1606 1190 1654 mortem
1205 1599 1298 1653 crucis
1314 1597 1449 1663 oderunt,
1468 1599 1515 1654 sed
1537 1607 1600 1670 post
1619 1616 1713 1656 resur-

69 1693 113 1747 lia
127 1695 240 1759 venerit,
253 1702 278 1748 et
293 1695 332 1748 ita
345 1695 482 1759 invenerit,
495 1693 564 1748 beati
577 1703 639 1748 sant
649 1695 717 1749 serti
727 1695 779 1750 illi.
918 1692 1069 1749 rectionem
1084 1691 1145 1761 eius
1165 1691 1302 1746 miserunt
1326 1692 1545 1762 persecutionem
1566 1692 1710 1760 apostolis,

106 1785 226 1858 vigilias
240 1794 322 1842 vocat
335 1802 351 1841 a
365 1786 545 1843 similitudine
560 1787 756 1843 excubantium
771 1788 799 1842 in
814 1803 866 1843 no·
882 1755 902 1814 n
917 1791 944 1840 et
959 1782 1180 1855 praedicationem
1194 1783 1270 1854 regni
1282 1782 1403 1838 coelestis
1413 1790 1586 1852 spreverunt.

67 1882 133 1944 cte3
150 1877 217 1949 quia
243 1878 272 1932 in
296 1887 376 1933 nocte
400 1878 482 1948 bujus
503 1877 596 1933 saecmi
616 1893 724 1948 semper
736 1878 868 1935 debemus
953 1875 987 1930 lit
1005 1877 1172 1946 factumest,
1189 1875 1252 1929 dum
1267 1873 1364 1930 rediret
1375 1884 1480 1944 arrepto
1496 1883 1621 1946 reprimet
1628 1875 1712 1944 jussit

62 1978 172 2024 eontra
197 1970 292 2025 hostes
307 1985 368 2026 esse
383 1969 507 2036 solliciti,
524 1975 552 2024 et
573 1975 733 2038 exspectare
746 1968 867 2039 judicem
918 1971 1006 2025 occari
1023 1986 1121 2033 sernas,
1133 1967 1226 2040 aniius
1240 1967 1312 2022 dedit
1324 1969 1475 2036 pernitiam,
1490 1977 1518 2022 at
1535 1967 1614 2022 sciret
1625 1985 1712 2039 qaas·

66 2067 206 2122 omnibus
220 2067 247 2122 in
258 2066 380 2138 qualibet
393 2074 472 2122 aetate
482 2067 595 2138 paratis,
607 2066 695 2121 lucem
707 2074 867 2137 perpetuam
919 2071 975 2116 tum
990 2063 1100 2134 quisque
1111 2061 1260 2131 nepotiatas
1275 2069 1352 2114 esset.

65 2156 310 2214 ministraturum.
325 2157 417 2212 Prima
435 2174 501 2229 ergo
517 2158 607 2228 rioilia
623 2159 783 2228 primaevum
799 2165 868 2213 tem-
954 2155 1033 2224 Quod
1047 2154 1129 2218 dicit,
1147 2163 1174 2208 at
1192 2153 1306 2214 rediret,
1323 2150 1460 2223 signiilcnt
1484 2152 1636 2207 secundum
1662 2151 1712 2206 atl-

61 2259 126 2321 pus
139 2259 202 2316 est,
218 2250 245 2306 id
262 2259 321 2316 est,
334 2251 465 2322 pueritia;
478 2251 615 2314 secunda,
629 2250 868 2307 adolescentiavel
917 2258 1029 2306 ventum
1052 2250 1122 2317 eius.
1141 2246 1174 2301 tt
1194 2247 1293 2312 sciret,
1314 2245 1418 2316 inquit,
1438 2244 1491 2298 ltoc
1515 2251 1575 2311 est,
1596 2251 1626 2298 ut
1641 2243 1712 2300 seire

62 2338 216 2415 iuventus,
233 2360 295 2416 quae
309 2359 393 2399 vinum
410 2352 474 2400 sunt
488 2344 651 2400 auctoritate
667 2345 740 2399 sacri
754 2345 867 2416 eloquii,
920 2339 1023 2394 iaceret
1038 2353 1144 2402 omnes,
1161 2345 1226 2391 tvtnc
1246 2336 1320 2390 enim
1335 2338 1458 2390 omnium
1474 2351 1557 2406 opera
1571 2337 1713 2408 etcogitn-

63 2437 210 2494 dicentis:
227 2435 333 2492 Latere
342 2436 447 2508 juranis
461 2437 487 2490 in
507 2436 683 2490 adolescentia
698 2443 746 2490 tea
767 2434 867 2507 (Eccle.
917 2430 1009 2485 lionis
1025 2431 1112 2500 balant
1128 2429 1257 2483 Omnibus
1272 2424 1462 2491 Oilessdinlufs

62 2529 121 2600 11).
137 2528 236 2585 'l'ertia
250 2529 343 2600 vigilia
358 2539 401 2585 est
415 2534 552 2592 senectus,
569 2527 596 2582 in
610 2543 664 2599 qna
680 2528 776 2583 saltem
789 2544 869 2584 sene-
958 2521 1033 2576 Venit
1050 2531 1138 2575 utilem
1159 2521 1277 2590 eritius,
1304 2517 1412 2574 dicent:
1427 2516 1556 2582 Domine,
1578 2534 1641 2573 maa
1665 2527 1713 2576 tua

70 2628 157 2677 ctute
173 2621 334 2692 resipiscat,
345 2620 393 2692 qui
406 2621 435 2676 in
445 2621 533 2692 prima
546 2628 574 2676 et
590 2619 710 2675 mcunda
720 2626 799 2676 aetate
813 2636 869 2676 non
919 2615 1006 2671 decem
1022 2631 1097 2668 mnas
1112 2612 1260 2685 acquisivit.

62 2713 189 2784 evigilat
202 2712 238 2767 ad
254 2713 314 2768 vias
327 2712 402 2768 ritae.
955 2709 1066 2764 Primus
1090 2724 1196 2771 servus,
1213 2707 1282 2762 ordo
1294 2705 1440 2761 doctorum
1458 2703 1543 2760 estin
1565 2701 1713 2759 circumci-

233 2823 265 2910 L
321 2803 369 2853 2²8
402 2822 443 2908 M
500 2801 545 2852 ²⁸7
583 2821 614 2908 R
671 2801 719 2852 ¹34
920 2802 1026 2860 sionem
1038 2799 1263 2870 missorum‚aui
1278 2813 1362 2853 unam
1376 2811 1467 2851 mnam
1479 2795 1643 2867 aceepit,id
1657 2805 1710 2862 est,

273 2886 287 2910 ⁰
339 2880 356 2912 ¹¹
452 2883 465 2908 ⁶
623 2883 635 2905 '
918 2909 1006 2950 unum
1031 2891 1132 2958 Deum,
1158 2907 1241 2946 vinam
1260 2891 1356 2954 iidem,
1374 2903 1459 2944 unum
1480 2889 1627 2959 baptisma.
1648 2886 1712 2944 llaec

919 3000 984 3039 mna
1008 2983 1102 3040 decem
1126 2999 1205 3039 mnas
1225 2980 1389 3052 aequisivit,
1411 2979 1476 3050 quia
1500 2979 1631 3051 populum
1660 2981 1712 3038 aab

920 3079 979 3149 lege
991 3077 1046 3132 sibi
1057 3075 1182 3132 sociavit.

101 2950 188 3005 nera
201 2965 281 3021 epa:
296 2948 383 3004 lioma
396 2948 503 3021 quidam
515 2948 611 3003 nobilis
621 2946 685 3002 abiit
697 2949 725 3001 in
739 2948 869 3019 cepionem

63 3045 249 3115 lonpinqaam
263 3044 382 3112 accipere
398 3040 449 3096 sibi
459 3057 584 3113 reanum,
600 3050 625 3095 et
639 3041 744 3098 reverti.

101 3133 221 3210 (benai
241 3135 329 3190 llovno
354 3135 454 3191 nobilis
477 3140 519 3189 εει
542 3132 680 3190 Christus.
705 3121 903 3204 tangmqaac
956 3168 991 3222 Et
1007 3169 1044 3222 m
1060 3167 1117 3222 mi:
1134 3165 1301 3236 mamm
1317 3164 1509 3236 hommum
1525 3163 1627 3220 modico
1643 3164 1711 3236 fide-

61 3231 157 3302 κεῖθ’
177 3228 303 3284 Ecclesia
318 3234 360 3284 ⁰⁸⁸
374 3244 406 3284 θ’(
419 3227 556 3299 gfflibus'
571 3227 605 3282 ‘¹⁸
619 3243 673 3298 ΨΜ
686 3228 712 3281 ei
728 3227 865 3298 mmmm
919 3261 952 3317 iis
965 3262 1052 3332 sitisti,
1064 3257 1383 3330 erispotestatemfiitabens
1395 3274 1475 3328 supra
1484 3255 1571 3312 decem
1580 3257 1712 3316 ciuitates.

60 3340 112 3396 epe
133 3331 231 3377 emm
247 3322 408 3376 constitutas
421 3337 480 3374 sein
500 3336 546 3374 rra
565 3318 597 3375 ab
612 3337 654 3384 eo,
670 3319 771 3374 dicitur
787 3319 867 3374 aea·
954 3352 1089 3408 Modicum
1104 3358 1161 3414 esp,
1178 3348 1310 3420 quidquid
1327 3349 1355 3402 tn
1369 3348 1566 3419 ppaesentivita
1590 3346 1710 3420 percipi·

61 3429 128 3486 tre;
145 3415 267 3471 Postula
280 3431 297 3468 a
309 3431 367 3478 nte,
389 3423 414 3468 et
431 3412 499 3467 dabo
515 3411 562 3467 tibi
575 3423 663 3483 pentes
686 3411 867 3467 nereditatem

314 3505 320 3517 ,
561 3503 567 3516 ,
918 3446 1021 3502 masin
1035 3443 1240 3514 comparatione
1255 3441 1419 3496 iuturorum.
1433 3440 1561 3511 Enparte
1577 3441 1647 3495 emim
1665 3456 1711 3494 aa·

62 3519 143 3562 taam
160 3517 188 3562 et
202 3521 398 3578 possessionem
408 3513 480 3558 tamn
491 3513 615 3558 teramnae
627 3511 705 3558 terra
716 3502 804 3574 (Psal.
822 3503 865 3575 ιι).

917 3538 1081 3609 amissimus,
1106 3543 1130 3591 et
1158 3550 1190 3588 ee
1213 3544 1289 3605 parte
1308 3533 1507 3604 prophetamus.
1531 3530 1599 3588 Ceut
1622 3540 1712 3586 erstem

918 3630 1014 3685 venerit
1023 3626 1093 3700 qaod
1105 3626 1248 3697 perfeetum
1260 3633 1309 3688 est,
1324 3623 1494 3680 eeaceabitur
1509 3622 1578 3695 qaod
1592 3639 1625 3678 ee·
1635 3631 1712 3692 parts

915 3730 956 3776 est
965 3719 991 3793 (l
1002 3719 1064 3775 Cor.
1079 3719 1151 3790 xttt).
1163 3717 1260 3774 Decem
1276 3717 1412 3780 civitates,
1421 3722 1486 3772 sunt
1499 3715 1597 3772 animae
1611 3730 1659 3786 per
1673 3715 1712 3769 le·

917 3812 961 3884 gis
972 3811 1055 3868 rerba
1069 3810 1103 3866 ad
1114 3810 1229 3881 gratiam
1245 3807 1384 3880 Evangelii
1397 3805 1711 3879 pervenierrtes.0uiltus

61 3601 132 3668 Quae
150 3598 305 3655 baereditas
321 3604 369 3653 aot
383 3597 530 3668 possessio,
546 3594 645 3650 biiarie
669 3596 743 3665 regio
759 3594 868 3666 longiu-

61 3708 119 3762 qua
139 3695 278 3773 vocatum
298 3687 343 3743 rel
367 3685 465 3757 quiea
489 3685 590 3740 linibus
614 3692 696 3740 terrae
709 3685 811 3738 clamat
833 3684 867 3739 ad

60 3785 240 3844 Dominum.
257 3781 301 3836 rel
324 3781 390 3851 quia
413 3779 487 3852 lonae
509 3787 548 3833 est
563 3795 580 3832 a
597 3775 776 3847 peccatoribus
792 3776 867 3832 salas

62 3873 160 3946 (Psal.
181 3868 293 3954 curvat).
308 3868 377 3926 Cum
386 3869 460 3925 enim
474 3867 606 3924 Dominus
617 3869 718 3939 ubique
733 3868 779 3931 sit,
788 3867 867 3938 longe

59 3971 162 4018 tamen
179 3964 224 4016 εει
238 3958 274 4013 ab
288 3957 459 4023 idololatris,
475 3957 522 4012 sed
538 3956 583 4026 qai
597 3965 673 4009 erant
694 3955 786 4026 lonae,
802 3955 875 4025 sacti

60 4064 126 4112 sam
136 4068 227 4125 prope
240 4051 407 4122 intemperiae
419 4048 638 4121 CirristiOEpbes.
654 4049 696 4121 ιι).
712 4047 785 4104 Abiit
794 4049 867 4104 enim

60 4147 203 4204 Christos
218 4144 254 4200 ab
268 4143 415 4199 ementis
429 4141 531 4198 ludaeis
545 4141 579 4197 ad
600 4149 695 4213 pentes
709 4141 868 4196 illuminan-

61 4241 124 4305 das,
142 4241 178 4294 in
194 4237 250 4292 line
263 4250 439 4300 reversurus,
456 4234 566 4306 quando
580 4234 665 4288 amnis
681 4232 769 4290 lsrael
778 4227 888 4288 salnes*

61 4335 113 4390 erit
129 4331 228 4406 (llam.
244 4330 297 4403 xi).

918 3913 1009 3960 tamen
1023 3902 1216 3975 glorificandus
1240 3909 1424 3972 praeponetur,
1439 3899 1486 3970 atri
1509 3899 1552 3954 eis
1564 3898 1711 3970 mesariam

918 3997 995 4053 rerbi
1008 3997 1090 4068 digne
1108 3993 1163 4051 lieo
1178 3993 1420 4050 commendaverit.
1442 3991 1518 4046 Uada
1542 3990 1709 4060 Apostolus:

919 4093 985 4160 Qua
998 4101 1037 4148 est
1048 4106 1105 4161 spes
1119 4099 1211 4145 nostra
1225 4098 1272 4143 nat
1282 4088 1409 4160 paediam
1430 4097 1476 4142 attt
1487 4103 1585 4141 corona
1595 4085 1712 4157 atariat

919 4185 1014 4240 Nauae
1026 4201 1071 4239 eos
1085 4191 1145 4238 atate
1155 4181 1296 4236 iiominam
1310 4179 1425 4235 lesum?
1439 4178 1466 4249 (l
1481 4178 1573 4234 Titess.
1585 4176 1629 4248 tt.)

954 4276 990 4332 Et
1004 4276 1072 4330 alter
1086 4271 1409 4340 oenit,dieeas:ilamine,
1421 4287 1484 4324 mna
1496 4281 1543 4325 tua
1558 4268 1618 4339 [ecit
1633 4266 1714 4338 qairr-

319 4439 352 4526 L
408 4419 456 4470 299
488 4437 530 4525 Μ
585 4418 632 4468 27⁰
918 4385 1069 4442 ammana.
1546 4451 1552 4463 .
1687 4448 1693 4471 τ

361 4502 374 4527 ι
424 4497 441 4532 v
538 4499 551 4524 ·
884 4470 907 4525 ι)
956 4460 1033 4516 Alter
1059 4473 1175 4522 servus,
1207 4461 1296 4510 cottus
1321 4467 1417 4509 eorum
1444 4458 1487 4508 est
1506 4467 1553 4522 qur
1577 4455 1714 4522 prepntm

102 4570 222 4626 vocetis
237 4577 330 4621 aetem
344 4565 433 4620 decem
450 4564 530 4620 seruis
544 4565 612 4630 sais,
627 4562 699 4619 dedit
715 4561 867 4618 iliisdecem
916 4551 1106 4623 evangelizare
1130 4548 1208 4604 missi
1235 4553 1321 4609 sunt,
1349 4558 1468 4614 quorum
1496 4557 1559 4597 mna
1590 4543 1714 4614 utrinqne

60 4683 153 4722 mnas.
916 4658 997 4698 mnas
1019 4642 1100 4704 tvaim
1126 4639 1191 4708 quia
1216 4643 1311 4706 gentes
1334 4633 1457 4704 quinque
1481 4631 1610 4686 sensibus
1631 4636 1714 4684 antas

97 4750 246 4811 Donatius
266 4749 303 4803 ad
318 4749 406 4818 legem
427 4744 544 4815 pertinet
562 4750 676 4815 propter
690 4740 866 4810 Deealogum.
916 4731 1103 4801 mancipatas,
1120 4729 1153 4782 ad
1169 4725 1232 4781 salci
1247 4723 1417 4794 Evangelicat
1430 4721 1545 4790 gratiam
1564 4716 1712 4774 convertit.

60 4847 153 4904 Vocat
169 4846 269 4914 itaque
296 4837 495 4912 paterfamilias
508 4837 601 4892 decem
616 4850 721 4900 servos,
734 4835 798 4905 quia
812 4833 868 4889 ele·
952 4821 1132 4878 Elbrtr'cait:
1149 4817 1225 4872 Etta
1242 4813 1512 4885 estosuperauiaque
1529 4810 1674 4913 ciuitates..
1705 4894 1712 4908 ο

61 4943 102 5015 git
121 4937 286 5010 discipulos
301 4949 351 5004 per
373 4931 491 4986 litteram
506 4929 574 5001 legis
593 4928 723 4984 imbutos.
738 4925 789 4980 Dat
812 4923 868 4978 iilis
953 4913 1011 4969 lloc
1026 4919 1085 4976 est,
1102 4911 1205 4980 iulgeto
1220 4924 1253 4964 ex
1269 4907 1320 4962 inde
1343 4905 1499 4961 animarum
1514 4917 1576 5003 pua!
1590 4899 1714 4998 nnbptstt

62 5034 163 5090 decem
191 5043 286 5090 mnas,
301 5026 368 5098 quia
392 5024 466 5079 dicta
482 5022 550 5092 legis
565 5018 744 5092 spiritualiter
767 5015 868 5072 intelli·
917 5023 975 5076 eas,
988 5013 1016 5062 et
1031 5005 1063 5060 de
1075 5003 1185 5059 illorum
1202 4998 1371 5070 profectibus
1391 4997 1553 5053 honoreris,
1570 5006 1598 5043 m
1613 4987 1716 5058 quibus

63 5126 155 5198 penda
181 5121 299 5178 revelat.
314 5117 384 5173 Post
409 5113 638 5171 resurrectionem
664 5111 764 5181 avrippe
788 5121 868 5163 suam
917 5099 1038 5169 quinque
1055 5108 1154 5150 sensus
1172 5089 1206 5144 de
1225 5089 1355 5158 operibus
1374 5083 1554 5186 tenebrarum
1579 5077 1615 5176 nd
1634 5089 1718 5144 opera

63 5215 178 5287 aperuit
188 5213 245 5267 illis
256 5200 779 5274 sensum,utintelligerentScripturas
789 5195 865 5266 (bae.
918 5189 988 5246 lucis
1003 5181 1186 5242 commutasti.
1202 5177 1274 5233 llinc
1291 5179 1377 5234 lsaias
1391 5179 1453 5230 att:
1473 5167 1506 5221 ln
1517 5163 1559 5218 dre
1580 5163 1719 5218 illatrant

62 5305 229 5377 mellina
244 5300 399 5359 seeundum
414 5297 534 5360 Grecos,
549 5289 867 5358 centumdraclmtisap-
916 5283 1029 5353 atinate
1051 5277 1169 5330 cilliam
1191 5272 1221 5324 5²²
1244 5279 1317 5326 “ii“
1332 5261 1445 5341 AEpypti
1476 5254 1726 5330 ¹⁰i¹li¹²10⁸¹5¹¹iliti

61 5397 212 5470 penditur,
231 5401 260 5449 et
277 5405 372 5448 sermo
398 5386 559 5456 scripturae,
581 5383 644 5454 quia
667 5381 730 5436 vitae
746 5378 867 5433 caelestis
919 5371 1048 5430 Glraaaaa
1059 5366 1128 5440 (lea.
1145 5361 1219 5433 mx),
1237 5361 1266 5415 id
1282 5369 1341 5427 est,
1357 5363 1457 5429 tingue
1472 5351 1591 5401 millii&-

62 5489 271 5564 perlectionem
294 5481 437 5554 suggerit,
467 5475 547 5549 quasi
574 5471 725 5530 centenarii
746 5468 868 5542 pondere
953 5463 989 5518 Et
1002 5460 1070 5515 alter
1089 5457 1158 5513 serait
1176 5453 1286 5507 diceas:
1301 5453 1504 5547 boariae-ecre
1517 5449 1581 5488 man
1595 5441 1740 5530 tuaquom

61 5582 207 5654 fmssffli‘·
917 5552 998 5609 babai
1010 5549 1153 5622 repositam
1168 5545 1198 5599 t‘rt
1210 5541 1339 5601 sudario.
1348 5547 1442 5602 Tintttt
1457 5539 1531 5584 earm
1542 5531 1577 5582 te,
1588 5535 1659 5588 quta
1670 5519 1747 5576 heato

29 5654 30 5663 ἵ
98 5675 135 5730 Et
152 5670 247 5728 ailad
262 5669 343 5725 illos:
355 5660 539 5735 Nepotiamini
553 5658 617 5712 dum
632 5655 716 5714 senio.
917 5653 1039 5703 assuras
1055 5659 1093 5705 es,
1110 5639 1186 5694 tollis
1204 5635 1281 5707 quod
1304 5655 1357 5695 non
1379 5616 1527 5711 posuisti·
1540 5619 1564 5664 ²²
1580 5608 1669 5660 aretis
1685 5613 1758 5678 quod

97 5767 220 5842 llystira
235 5763 437 5836 prophetarum
457 5763 484 5811 et
503 5754 571 5825 legis
585 5751 693 5824 populis
709 5746 819 5811 offerte,
840 5748 867 5798 et
918 5754 969 5793 non
989 5730 1132 5789 seminasti.
