3967 6334
88 369 158 424 toul
549 364 821 426 SENTENTIAM„
840 362 932 425 uisui
950 365 1051 429 DCTD.
1073 406 1107 413 —
1127 372 1191 428 lili.
1213 367 1280 430 ιἰιι.
1660 375 1730 436 luit

374 479 490 540 ciuus
503 483 598 542 xxiii.
898 493 922 547 A
936 490 1102 560 imponatur,
1115 501 1256 562 peccatum
1267 493 1408 564 puniatur,
1419 506 1520 550 corona
1535 491 1638 558 lidum,
1650 505 1731 568 prout

155 577 191 634 De
207 579 264 634 loeo
276 572 373 649 judicii
388 589 414 632 et
427 581 593 649 separatione
603 578 821 650 judicandorum.
939 585 1076 639 tantillum
1091 586 1130 640 rei
1146 587 1241 658 exigit,
1256 596 1396 658 augeatur.

123 673 201 745 (tiu)
222 671 311 744 Super
330 687 413 742 quam
433 689 500 728 rero
520 673 615 729 mundi
634 681 741 746 partem
760 673 887 731 Christus
1214 678 1328 736 CAPUT
1347 679 1453 736 xxiii.

82 777 223 837 apparere
238 765 313 829 velit,
329 765 409 834 piane
420 765 529 834 nesci03
545 765 612 820 dicit
626 765 700 821 enim
712 765 844 822 Dominus
859 767 888 821 in
1090 768 1129 824 De
1144 769 1218 825 ionia
1232 781 1256 826 et
1270 773 1348 826 roralis
1364 773 1577 843 azaniseuauais.

82 858 260 931 Evangelio:
279 856 341 912 li'oa
357 859 426 911 uenit
441 874 549 928 requirar
569 857 615 912 Dei
632 875 692 913 cum
708 858 889 914 obseruatione
975 861 1050 934 (stt)
1070 855 1099 916 in
1114 863 1159 918 die
1169 862 1266 932 judicii
1280 864 1402 918 omnium
1414 877 1494 921 crunt
1505 865 1648 924 manifesta
1659 869 1731 923 maia

83 967 172 1021 neque
186 948 292 1003 dicent:
306 947 373 1003 Eece
387 947 439 1016 laic,
457 957 504 1002 aat
518 965 575 1002 ecce
590 949 647 1003 illic
662 948 887 1020 (Lue.1rrr‚idi‚
938 961 966 1009 ει
979 955 1062 1020 ιιοιιιι,
1079 956 1217 1020 omnibus,
1233 964 1368 1027 quatenus
1382 959 1500 1028 generali
1515 960 1636 1013 omnium
1653 959 1729 1029 judi·

83 1042 116 1097 id
131 1050 185 1103 est,
200 1057 290 1113 neque
305 1050 410 1097 certum
425 1047 467 1096 est
483 1048 602 1112 tempus.
619 1058 708 1113 neque
722 1042 889 1099 determina·
939 1045 983 1100 cio
998 1059 1093 1100 omnes
1104 1046 1279 1117 judicentur;
1296 1048 1384 1103 sancti
1399 1047 1433 1102 ad
1453 1049 1577 1114 salutem,
1594 1049 1658 1104 mali
1682 1065 1732 1105 au*

84 1147 135 1190 tus
152 1132 239 1199 locus,
261 1134 372 1205 quando
388 1134 428 1188 ιει
445 1133 491 1188 ubi
507 1145 661 1189 extremum
678 1134 775 1189 debeat
788 1134 830 1206 agi
842 1133 889 1204 iu·
939 1145 994 1192 tem
1011 1137 1044 1191 ad
1060 1138 1249 1208 perditionem.
1266 1137 1345 1195 unua
1358 1138 1508 1197 Dominus:
1522 1139 1598 1195 D'ilril
1613 1153 1731 1214 opertam

83 1227 203 1281 dicium.
220 1225 346 1280 Arbitror
362 1231 452 1280 iarncn
467 1227 598 1296 quoniam
615 1226 676 1281 sine
689 1225 772 1281 dubio
787 1226 827 1280 sic
842 1243 889 1281 re·
939 1229 1008 1300 quod
1030 1247 1082 1284 non
1097 1231 1266 1296 revelabitur,
1285 1239 1309 1286 e:
1331 1233 1461 1288 oecultum
1476 1233 1544 1304 quod
1565 1251 1616 1289 aaa
1635 1237 1732 1291 scietur

83 1321 149 1374 niet
170 1318 400 1390 quemadmodum
425 1334 488 1374 eum
514 1320 557 1374 sui
578 1321 706 1375 viderunt
729 1329 837 1376 euntem
861 1321 888 1374 in
940 1319 1016 1386 idac.
1033 1337 1083 1384 ιιι,
1100 1321 1138 1395 D).
1155 1321 1224 1378 Cum
1238 1339 1303 1394 ergo
1324 1321 1456 1382 Dominus
1470 1325 1606 1396 judicabit
1623 1329 1732 1384 occulta

85 1414 204 1476 casium,
225 1413 300 1467 illum
322 1413 394 1467 acris
419 1411 556 1483 regionem
580 1428 663 1484 quam
686 1412 818 1468 Ascensio
836 1411 890 1466 Do-
939 1411 1091 1477 hominum,
1112 1414 1241 1484 nequitiae
1260 1416 1327 1469 nibil
1349 1415 1429 1471 modo
1450 1427 1575 1488 opertum
1596 1421 1733 1492 estquod

84 1507 160 1560 mini
177 1505 317 1561 decorarit
328 1505 515 1561 illustratione
529 1504 664 1561 adrentus
678 1503 887 1567 honorandum,
939 1508 1006 1556 tunc
1017 1518 1071 1557 raon
1088 1503 1316 1575 discooperiatur,
1329 1507 1443 1576 justitiis
1456 1509 1525 1562 nibil
1537 1510 1619 1566 modo
1629 1517 1671 1566 est
1686 1525 1730 1566 oc·

85 1601 184 1671 utqui
200 1606 285 1655 totum
308 1599 397 1654 reniet
414 1597 541 1669 iudicare
562 1598 705 1663 muudum,
728 1597 846 1653 medium
860 1598 888 1651 in
939 1595 1044 1648 cultum
1059 1595 1131 1665 quod
1147 1604 1212 1651 tunc
1227 1611 1282 1650 non
1298 1598 1415 1664 sciatur;
1431 1601 1565 1654 sententia
1583 1602 1655 1656 eninr
1676 1599 1731 1656 Do·

83 1693 405 1754 raundoteneatlocunr,
415 1699 649 1762 separaturuscos
662 1692 697 1746 ab
711 1691 888 1755 inuicem,ita
939 1685 1017 1750 mini,
1034 1685 1102 1740 nibil
1115 1685 1188 1756 quod
1204 1687 1286 1741 modo
1302 1689 1376 1754 latet,
1391 1689 1477 1745 latere
1496 1691 1524 1744 in
1539 1689 1632 1746 futuro
1655 1693 1729 1749 sinit.

81 1795 119 1840 ut
135 1792 241 1840 statuat
260 1799 326 1840 ores
339 1783 449 1854 quidem
468 1798 484 1837 a
503 1781 618 1847 dextris,
641 1783 724 1840 idest
746 1783 888 1838 confirmet
939 1774 1010 1833 Num
1026 1779 1053 1835 id
1067 1795 1155 1850 usque
1169 1778 1237 1834 adeo
1252 1780 1444 1836 universaliter
1457 1782 1663 1854 intelligendum
1678 1795 1733 1850 cst,

83 1877 232 1948 simplices
245 1875 274 1931 in
293 1875 471 1939 beatitudine,
494 1875 587 1932 bardos
607 1883 699 1931 autem
721 1875 881 1935 asinistris,
900 1859 966 1926 ssut
990 1872 1093 1927 sanctis
1115 1872 1215 1942 quibus
1238 1872 1348 1928 dabitur
1371 1874 1469 1930 notitia
1482 1869 1638 1935 'Trinitatis
1663 1878 1732 1934 nibil

82 1970 116 2024 id
130 1979 175 2026 est
189 1970 313 2040 petulcos
334 1976 361 2024 ει
374 1969 509 2040 pravitate
536 1967 625 2023 olidos
645 1967 674 2022 ia
687 1975 788 2023 aeterna
800 1967 884 2022 mise·
936 1978 1051 2034 prorsus
1065 1973 1181 2036 negetur
1200 1967 1370 2022 noscendum
1384 1966 1412 2021 in
1431 1970 1581 2036 creaturis;
1596 1983 1731 2040 quatenus

81 2064 141 2120 ria.
165 2061 226 2129 Quo
250 2062 348 2118 merito
373 2063 419 2116 liet
444 2068 522 2116 tanta
546 2061 708 2131 separatio?
730 2060 800 2128 Quia
818 2059 838 2114 ii
857 2061 885 2115 in
935 2057 1168 2128 comprehendant
1186 2073 1278 2113 rerum
1299 2061 1421 2114 omnium
1435 2068 1491 2114 tam
1513 2069 1627 2118 naturas
1648 2079 1731 2134 quam

81 2157 221 2212 membris
235 2155 375 2210 Cirristum
395 2155 560 2209 esurientem
585 2161 614 2207 et
629 2153 765 2209 sitientem
780 2151 885 2208 reiece-
936 2149 1066 2205 erentus'l
1080 2148 1179 2220 [itique
1198 2150 1356 2207 lacillimum
1376 2159 1442 2224 puio
1463 2161 1524 2224 post
1539 2155 1664 2211 notitiam
1682 2155 1731 2212 Dei

82 2255 164 2308 runt,
183 2245 319 2317 hospitem
344 2245 525 2315 collegerunt,
550 2242 653 2299 nudum
671 2250 884 2315 cooperuerunt,
936 2255 1019 2311 posse
1030 2241 1154 2296 notitiam
1169 2242 1279 2310 babere,
1292 2245 1314 2300 si
1331 2246 1368 2300 ita
1383 2261 1452 2317 opus
1467 2254 1520 2310 est,
1531 2248 1665 2320 cujusque
1679 2251 1729 2305 rei.

81 2338 117 2392 in
138 2351 251 2392 carcere
273 2337 454 2392 visitaverunt
477 2336 586 2408 (llattlr.
602 2353 667 2400 uxr,
683 2336 739 2407 δῖ).
760 2333 802 2390 ilii
820 2351 886 2391 rero
936 2333 1098 2406 Quanquam
1113 2335 1187 2392 enim
1210 2337 1319 2394 iuterim
1335 2339 1417 2394 etiam
1432 2339 1460 2394 in
1475 2340 1545 2395 coelo
1558 2341 1623 2396 dum
1639 2343 1731 2398 minus

82 2428 252 2499 hujusmodi
267 2427 357 2485 iacere
370 2429 560 2500 neglexerunt,
576 2428 660 2484 idest
674 2429 720 2483 alii
745 2428 887 2483 salvantur
935 2425 1049 2492 babent,
1060 2429 1207 2500 minusque
1219 2431 1320 2498 sciunt,
1333 2431 1442 2487 tandem
1457 2440 1548 2491 tamen
1559 2433 1638 2506 plene
1647 2434 1733 2492 bean-

89 2522 161 2592 quia
181 2536 265 2591 opera
286 2521 482 2577 misericordiae
504 2519 636 2585 iecerrmt,
655 2520 701 2574 alii
721 2520 887 2575 damnantur
938 2515 977 2582 di,
993 2518 1074 2587 piene
1088 2533 1197 2590 quoque
1213 2529 1325 2590 sperant
1344 2518 1449 2576 disseri.

86 2617 223 2686 quoniam
239 2615 304 2669 talia
323 2630 378 2669 non
401 2621 576 2670 curar.erunt
602 2613 680 2682 erod
701 2614 758 2680 eiii
773 2621 886 2684 pereunt
974 2609 1049 2682 (ira)
1069 2609 1184 2666 Constat
1198 2620 1289 2667 autem
1304 2613 1426 2668 onmium
1441 2630 1552 2685 operum
1568 2621 1624 2672 tarn
1645 2616 1731 2672 bono-

83 2708 226 2778 quibona
250 2705 438 2777 indigentibus
461 2721 516 2760 non
538 2704 672 2769 iecerunt,
694 2705 762 2775 quid
785 2704 886 2760 deiilis
936 2718 999 2757 rum
1014 2717 1095 2773 quarn
1112 2703 1246 2758 malorum
1260 2705 1399 2770 omnibus
1415 2714 1445 2760 ut
1461 2707 1564 2764 drotum
1587 2716 1639 2773 est,
1655 2707 1731 2764 iutu-

83 2801 137 2856 Det
149 2800 196 2870 qui
212 2814 310 2869 magna
330 2798 464 2869 proximis
486 2796 673 2853 indesinenter
688 2795 832 2851 inierunt?
854 2796 887 2850 Et
937 2809 995 2849 rain
1010 2809 1073 2851 esae
1085 2771 1293 2852 reserationem.
1310 2795 1407 2851 Utrum
1423 2806 1513 2853 autem
1528 2814 1644 2870 quorum
1660 2809 1733 2857 terta

83 2893 201 2964 quidem
221 2892 256 2947 de
275 2893 318 2946 iris
342 2890 388 2962 qui
411 2905 456 2946 res
479 2889 573 2944 mundi
596 2890 708 2952 babent,
729 2888 887 2958 bujrrsrnodi
938 2895 1003 2942 sunt
1026 2894 1137 2958 peccata
1159 2903 1209 2959 per
1232 2889 1440 2959 poenitentiam,
1464 2897 1491 2946 et
1514 2908 1631 2962 quorum
1660 2893 1731 2948 buna

82 2989 165 3042 ratio
179 2985 339 3057 inquiritur,
355 2993 385 3038 ut
396 2994 495 3055 praeter
509 2998 605 3039 curam
621 2983 739 3054 propriae
753 2983 825 3047 ritae,
842 2982 886 3037 in·
938 2995 1021 3050 opera
1036 2977 1109 3034 tiuali
1124 2981 1226 3035 malitia
1240 2982 1433 3036 decolorantur
1449 2982 1593 3053 injudicio
1615 2985 1733 3062 debcant
1755 3027 1759 3034 .

82 3081 206 3135 tendant
220 3081 336 3133 iratrom
354 3077 523 3148 indigentie.
547 3075 735 3131 Comruuniter
747 3082 838 3131 autem
853 3075 887 3129 ab
938 3073 991 3128 sub
1010 3073 1128 3138 silentio,
1144 3074 1216 3128 sicut
1237 3075 1356 3129 caritura
1377 3075 1511 3145 mercede,
1540 3078 1666 3135 reticeri?
1679 3094 1731 3152 po·

83 3173 219 3227 omnibus
230 3171 360 3242 exigitur,
384 3171 501 3239 utjoxta
522 3168 706 3240 spiritualium
722 3167 830 3239 copiam
846 3166 886 3221 la·
938 3172 993 3220 test
1008 3165 1101 3236 utique
1116 3173 1188 3221 recte
1207 3165 1293 3221 rideri
1308 3165 1373 3222 ritia
1394 3176 1563 3233 sanctorum,
1579 3170 1662 3225 etiam
1686 3185 1732 3226 sa·

82 3267 236 3332 cultatem,
253 3265 373 3334 inopiam
389 3264 534 3334 suppleant
549 3261 595 3318 aiii
611 3263 738 3325 aliorum,
758 3263 836 3332 juxta
853 3262 885 3314 il·
937 3257 1094 3314 tisiactione
1111 3257 1209 3322 deleta,
1231 3264 1259 3313 ct
1277 3258 1312 3313 ab
1334 3258 1412 3330 ipsis,
1423 3258 1524 3329 (paribus
1545 3270 1610 3316 tune
1630 3262 1731 3320 oblivio

82 3359 137 3413 lud
151 3377 157 3414 :
172 3358 247 3412 diter
262 3357 372 3411 alterius
388 3372 468 3409 onera
481 3364 584 3426 portate
599 3353 700 3427 (Galat.
715 3369 753 3418 ιι,
765 3354 805 3426 ι).
828 3353 886 3408 tto·
936 3349 1049 3404 minime
1063 3348 1172 3404 viuetur
1185 3356 1349 3420 competere,
1361 3353 1519 3408 memoriter
1532 3354 1688 3420 recolenda,
1702 3363 1731 3414 ει

82 3466 175 3522 gnum
188 3458 231 3506 cst
244 3449 425 3522 corporaliter
439 3463 572 3521 oppresso
585 3447 708 3517 quolibet
723 3446 804 3503 ruodo
819 3447 886 3503 sub·
936 3441 972 3496 ab
987 3440 1061 3506 aliis,
1076 3441 1256 3513 quibustuae
1272 3457 1327 3497 non
1347 3457 1394 3498 ora
1416 3443 1464 3498 scd
1486 3445 1653 3501 conscicntia
1670 3463 1732 3505 um-

81 3543 196 3607 venire,
212 3543 290 3612 longe
305 3540 394 3610 majus
410 3547 452 3595 est
467 3539 658 3610 spiritualibus
673 3541 811 3596 liberalem
825 3555 886 3596 esse
936 3535 1013 3589 nium
1028 3535 1167 3605 loquatur,
1182 3534 1368 3605 intelligenda.
1385 3533 1422 3589 Ut
1436 3534 1509 3591 enirn
1530 3537 1617 3594 rirtus
1631 3547 1657 3594 ct
1680 3540 1731 3597 be·

82 3635 313 3691 necessitatibus.
330 3628 367 3688 ibi
383 3633 527 3688 charitatis
542 3639 584 3687 est
599 3632 757 3697 inchoatio,
773 3631 818 3686 bic
835 3647 885 3686 au·
936 3627 1055 3698 nignitas
1069 3625 1236 3682 biberatoris
1250 3626 1384 3692 liberatis,
1406 3629 1498 3684 imoct
1509 3629 1612 3684 aliisad
1622 3631 1731 3690 laudem

81 3734 146 3778 tem
171 3725 382 3780 consummatio.
403 3723 475 3794 Ergo
498 3724 625 3778 esuriens
645 3729 672 3777 et
691 3723 787 3778 sitiens
805 3723 887 3792 justi·
936 3719 985 3776 Dei
1010 3721 1215 3791 gratiarumque
1242 3720 1376 3774 actionem
1398 3729 1545 3792 appareat,
1572 3731 1601 3776 ut
1623 3733 1732 3782 constet

81 3818 159 3870 tium
174 3832 245 3886 pane
259 3815 335 3872 rerbi
353 3823 396 3871 est
426 3814 603 3878 reiciendus,
628 3820 750 3884 potuque
775 3814 885 3884 sapien·
937 3823 1049 3874 sanctos
1064 3819 1129 3872 ritia
1144 3815 1305 3880 debellasse,
1321 3818 1464 3875 illecebras
1479 3833 1569 3890 pravae
1583 3829 1731 3877 consuetu·

82 3913 137 3966 tire
151 3910 368 3981 refrigerandus,
391 3909 472 3980 283
495 3924 592 3964 errans
613 3910 641 3962 in
664 3908 774 3962 domum
790 3908 887 3964 matris
937 3912 1010 3968 dinis
1021 3912 1169 3982 dirupisse,
1185 3911 1254 3982 ipsis
1269 3911 1304 3966 ad
1324 3913 1498 3984 dignitatem
1516 3915 1647 3987 indignis,
1661 3931 1732 3987 quo·

82 4001 223 4058 Ecclesiae
234 4003 418 4068 revocandus;
432 4001 567 4071 infirmum
579 4001 607 4054 in
618 3999 670 4071 fida
682 4015 787 4054 assume
799 3997 886 4072 (liam.
937 4003 1012 4060 niam
1036 4004 1162 4060 similiter
1181 4019 1237 4058 non
1257 4012 1381 4075 egerunt,
1402 4004 1436 4059 ad
1457 4009 1658 4064 accusationem
1678 4009 1733 4064 mi·

82 4095 160 4167 xre);
174 4095 352 4150 tribulatione
362 4092 888 4164 aliquaseucarreretristitiaeoppresso
937 4097 1012 4151 nime
1027 4095 1100 4168 (ita)
1112 4096 1220 4152 ridetur
1234 4097 1366 4152 absonum
1390 4099 1417 4153 in
1430 4098 1535 4168 indicio
1549 4115 1658 4170 quoque
1672 4102 1733 4156 cui·

83 4192 209 4247 subveni
225 4191 428 4262 compatiendo,
442 4191 484 4245 rel
500 4187 684 4256 consolandam
701 4189 828 4244 omnibus
844 4188 890 4243 de·
938 4204 988 4259 pas
1010 4197 1168 4245 sanctorum
1190 4190 1393 4262 intelligendas;
1410 4191 1465 4246 imo
1481 4208 1532 4248 nec
1554 4193 1625 4248 bona
1644 4196 1733 4250 malo·

82 4299 167 4338 nrum
183 4284 273 4339 modis
287 4284 387 4353 cuique
408 4281 587 4338 adnitendum
601 4289 644 4338 est
664 4289 695 4336 ιιι
709 4297 759 4354 pro
778 4295 889 4350 compe-
938 4296 1000 4336 rum
1014 4287 1090 4352 gesta
1105 4281 1134 4336 in
1145 4279 1250 4352 iudicio
1264 4281 1391 4336 ridentur
1404 4281 1526 4346 celanda,
1544 4290 1574 4337 ut
1587 4284 1732 4342 inexcusa-

81 4377 177 4431 tentia
189 4391 313 4447 personae
324 4391 381 4432 suae
391 4382 498 4446 satagat
507 4375 693 4432 confratribus
705 4375 731 4429 in
743 4374 887 4444 quouulet,
939 4371 1009 4426 biles
1024 4371 1079 4426 sint
1092 4371 1139 4442 qui
1154 4372 1182 4428 in
1196 4388 1229 4428 eo
1243 4371 1316 4443 quod
1331 4371 1400 4428 bene
1414 4387 1463 4444 per
1476 4374 1589 4444 gratiam
1605 4373 1653 4431 Dei
1674 4391 1732 4432 rce-

81 4469 235 4542 prolrcere.
248 4465 889 4540 UnicuiqueeaimrlotaestmanifestatiaSpirirur
939 4472 1046 4535 peram,
1068 4480 1116 4534 per
1138 4479 1195 4520 sure
1219 4463 1489 4536 imperseverantiam
1512 4467 1599 4537 cnlpae
1621 4466 1730 4524 deiece-

84 4559 126 4614 ad
135 4559 280 4614 utilitatem
288 4557 575 4631 (lGor.xrr,l).Pietaa
583 4557 737 4629 noniquead
744 4560 833 4612 oaraia
841 4559 890 4612 uti-
905 4582 928 4640 D
941 4556 1021 4624 rurit';
1036 4557 1084 4628 qui
1107 4557 1244 4627 perbona
1268 4567 1394 4626 suscepta
1416 4571 1471 4611 nou
1491 4567 1674 4630 peruenerunt
1696 4563 1731 4616 ad

84 4647 126 4705 lis
138 4661 189 4714 est,
200 4649 505 4720 pramiastoueurlrateas
517 4651 576 4705 uita
585 4650 892 4721 manuaceruetsuru.
945 4649 1084 4714 ulteriora,
1099 4664 1153 4704 non
1168 4655 1365 4719 superauerunt
1384 4648 1465 4704 mala.

83 4761 130 4800 roe
144 4741 174 4816 (ι
188 4743 257 4798 Tim.
276 4758 313 4806 ιι,
330 4742 369 4816 8).
385 4741 437 4810 Qui
458 4743 530 4798 enim
552 4742 634 4798 saluti
655 4743 778 4797 omnium
791 4742 891 4800 studet,
1054 4743 1159 4798 l'iriius
1173 4743 1282 4812 acceptis
1296 4741 1452 4796 srrceuiuere
1466 4741 1554 4798 molis.

83 4833 156 4891 ¹nde
169 4841 197 4889 et
212 4833 256 4887 bic
269 4833 349 4890 bonis
360 4833 482 4889 abundat
503 4832 708 4904 spiritualibus,
720 4842 747 4890 et
757 4833 785 4888 in
801 4834 894 4888 iuturo
944 4833 979 4889 i't
993 4835 1080 4889 sancti
1096 4833 1241 4904 gaudeant,
1256 4832 1329 4904 quod
1344 4833 1468 4904 exemplo
1482 4833 1666 4889 deficientium
1680 4837 1732 4890 mi·

82 4927 263 4994 caelestibus
275 4930 375 4999 quippe
394 4929 484 4985 omnis
504 4944 611 4984 summa
623 4930 775 5000 disciplinae
793 4940 895 4985 nostrai
944 4927 1016 4980 niure
1031 4924 1200 4988 deiecerunt,
1215 4936 1245 4979 ut
1259 4923 1392 4982 Dominus
1413 4919 1549 4992 laudetur,
1561 4927 1608 4998 qui
1624 4927 1689 4982 dum
1704 4935 1733 4982 et

84 5023 118 5077 in
133 5021 377 5078 misericordiaDci
387 5030 439 5085 est,
447 5037 530 5094 quam
541 5023 690 5093 sequenssi
703 5022 837 5078 lubricum
848 5037 894 5094 pa·
943 5019 1089 5090 perdendis
1109 5019 1225 5090 gratiam
1248 5017 1344 5074 salutis
1363 5017 1478 5082 corriert,
1495 5018 1575 5090 plane
1599 5018 1654 5074 riru
1668 5033 1731 5074 cor·

83 5115 172 5177 titur,
189 5115 340 5184 vapulabit.
358 5111 387 5169 Si
409 5115 473 5186 quis
495 5123 586 5171 autem
609 5130 659 5170 nec
674 5115 763 5170 solum
787 5115 893 5171 exerci—
943 5111 1007 5166 dato
1022 5110 1152 5175 declarat,
1164 5109 1237 5182 quod
1251 5109 1360 5166 aliunde
1373 5118 1401 5166 ει
1415 5127 1469 5166 non
1484 5111 1560 5167 abeo
1574 5127 1657 5168 causa
1670 5127 1734 5182 per·

83 5209 164 5262 tium
187 5209 313 5281 eorporis
336 5209 472 5272 habirent,
495 5221 628 5280 perennes
647 5223 743 5281 poenas
763 5208 891 5279 patietur.
943 5201 1055 5258 ditionis
1078 5208 1196 5256 emarrat.
1221 5197 1314 5272 ltaque
1337 5215 1398 5272 quae
1421 5199 1503 5255 modo
1527 5209 1592 5257 suut
1612 5202 1731 5266 occulta,

86 5300 169 5372 Ergo
181 5303 327 5358 consilium
341 5301 464 5374 Apostoli
478 5314 596 5374 sequens
609 5307 744 5358 exercete
758 5302 845 5372 ipsum
858 5301 892 5356 ad
942 5294 1002 5351 dies
1018 5293 1115 5364 judicii
1137 5293 1231 5350 reddet
1256 5292 1411 5349 nraniieata.
1436 5291 1514 5350 Unde
1537 5302 1564 5349 ει
1584 5292 1734 5366 Apostolus

86 5392 238 5465 pictatem,
261 5391 335 5447 Nam
358 5393 504 5463 corporolia
524 5395 678 5449 exercitatio
702 5392 737 5448 ad
761 5391 892 5448 mol'cum
942 5388 981 5443 uit
993 5406 1001 5443 z
1015 5385 1104 5442 Nolite
1123 5395 1184 5442 aute
1204 5394 1305 5458 tempor
1315 5385 1439 5457 judicare
1459 5385 1628 5458 quoadusque
1646 5387 1733 5440 aeaiul

85 5483 172 5538 utilis
194 5490 234 5538 eat
254 5482 355 5554 (itta),
375 5481 600 5555 vigilaremus,
619 5484 755 5555 jeiunare,
770 5484 890 5555 operari,
941 5475 1071 5531 Dominus
1091 5475 1136 5548 qui
1149 5483 1174 5531 et
1195 5475 1358 5530 illuminabit
1379 5474 1534 5530 αιιιοιιιιίιιι
1555 5473 1743 5540 terebrarum,-

85 5574 194 5631 altisue
207 5574 297 5630 modis
310 5590 341 5630 se
353 5575 469 5648 fatigare
483 5576 611 5648 (quaeest
625 5576 777 5648 corporatis
786 5576 892 5632 exerci-
940 5578 966 5623 tt
981 5568 1161 5640 manifestabit
1175 5567 1287 5623 coasilio
1301 5565 1421 5624 cordium
1434 5565 1462 5640 (l
1473 5566 1536 5624 Cor.
1548 5583 1586 5631 rr.
1600 5567 1640 5640 5).
1652 5564 1743 5624 Tru·

82 5665 188 5738 tutio),
201 5665 302 5724 adhoc
314 5667 389 5722 ralet
409 5668 600 5724 tantummodo
611 5674 642 5729 ut
660 5666 769 5726 lrenuur
784 5667 890 5726 libidini
940 5677 993 5735 pus
1006 5663 1079 5720 enim
1091 5661 1188 5733 judicii
1202 5669 1310 5734 tempus
1323 5660 1540 5731 eritjudieandi,
1555 5660 1675 5744 quando
1683 5649 1744 5780 Do·-
1692 5659 1779 5818 '

128 5802 271 5877 ιδιθιιιι
272 5819 369 5878 3.,ιι,
385 5803 414 5862 d.
429 5803 475 5868 ιι,
987 5795 1040 5855 iti
1069 5793 1152 5870 iiag..
1168 5793 1249 5863 iad.
1262 5793 1308 5856 ιδ.

128 5805 193 5946 iuti
225 5821 309 5950 ιιι3.,
324 5892 363 5936 ιι.
379 5875 406 5932 ιι.
423 5875 469 5941 ιδ,
467 5799 549 5948 ιι.
985 5869 1040 5926 itt
1069 5869 1259 5926 Contrebiae..
1281 5861 1350 5926 ibid
1378 5870 1425 5929 oui
1446 5865 1509 5926 idea
1522 5875 1648 5956 ιιιιιιιιιιιΙ
1723 5873 1725 5879 ’

240 5966 380 6030 rinos
404 5965 604 6029 ccxxxvi.
1467 5951 1507 6024 ιι
