3967 6334
267 305 338 396 ¹art
774 336 930 394 aoonnrr
947 336 1050 394 uuum
1076 337 1105 394 s.
1125 337 1159 393 n.
1180 337 1211 393 n.
1231 335 1438 394 conomius
1817 353 1853 413 q,
1931 287 1932 336 ⁷

286 457 364 513 cordi
377 456 447 512 bene
467 455 555 521 sedet,
582 469 633 510 nec
655 454 804 526 Scripturas
828 457 934 528 placet;
959 459 1033 514 unde
1048 457 1076 512 in
1091 462 1114 517 Α
1129 457 1275 528 pertineat,
1297 455 1370 528 quod
1387 456 1447 511 loeo
1468 455 1528 522 tali,
1547 455 1645 528 talique
1663 465 1763 532 tempori
1779 467 1855 540 singna
1932 468 1933 477 ’

285 548 423 621 Propheta
447 547 605 604 humanitas
626 545 764 602 diuinitati
794 547 832 602 ita
856 549 915 604 ait:
939 547 1074 603 Mirabilie
1126 558 1266 624 aptantur,
1282 566 1337 622 quo
1360 549 1548 606 universitatis
1562 548 1656 604 bonori
1675 554 1857 620 marinemure·
1931 613 1932 616 ,

286 642 359 712 {ueta
376 647 415 695 est
434 638 545 694 ecicmio
567 649 613 692 tua
627 653 660 692 ca
680 654 731 704 otc,
756 639 909 710 confortato
930 649 1008 697 estet
1023 658 1075 696 non
1126 643 1194 698 uiat.

284 743 374 804 potero
396 730 430 787 od
450 747 510 785 eum
532 728 619 803 (Paul.
640 745 773 797 cuxnru,
792 732 820 806 6)
835 732 921 805 (aba).
936 731 1074 788 Nimirum
1159 733 1237 789 Nunc
1248 745 1312 788 nuuc
1326 741 1504 799 revertamur,
1522 731 1568 787 ubi
1582 731 1616 786 de
1633 729 1738 788 Domino
1749 745 1858 798 australi-

286 827 401 882 scientia
413 823 565 880 divinitatis
578 839 628 896 per
640 823 838 880 humanitatem
850 825 1010 895 predicata,
1022 825 1076 880 mi-
1125 825 1249 890 cebatur,
1259 824 1332 896 quod
1340 824 1421 879 etiam
1429 822 1859 904 adbucmoriturumquidquidopof.

286 918 382 974 rabilis
397 917 468 973 laeta
481 923 524 973 est
538 916 708 984 bominibus,
728 917 829 989 quibus
846 925 887 975 tot
912 931 1014 973 arcana
1026 933 1075 989 pa·
1125 914 1178 969 tuit
1201 915 1297 982 noluit,
1313 913 1445 986 quidquid
1461 913 1547 969 voluit
1561 913 1656 984 potuit.
1674 913 1795 981 Quomodo
1810 927 1859 982 epm

285 1018 410 1077 tuerunt,
425 1018 453 1068 et
465 1009 622 1067 confortata
635 1018 679 1066 est
693 1011 723 1065 in
737 1008 895 1081 pectoribus
910 1009 1073 1064 bominum:
1126 1008 1258 1080 quidquid
1272 1007 1393 1079 oportuit
1406 1006 1501 1070 volarit,
1516 1005 1540 1062 si
1553 1021 1614 1061 cum
1629 1005 1744 1076 gloriosae
1755 1009 1860 1073 Trinium

287 1106 353 1160 olum
373 1112 464 1161 autem
492 1102 620 1160 subditur
642 1112 668 1157 et
685 1119 738 1157 uon
758 1111 848 1173 potero
865 1100 899 1156 ud
919 1119 989 1168 eom,
1002 1101 1076 1159 reri·
1126 1101 1305 1165 voluntatem,
1321 1106 1352 1155 ut
1366 1098 1424 1171 ipse
1437 1113 1487 1169 pro
1501 1097 1581 1154 nobis
1595 1097 1789 1170 crucifigeretur,
1800 1109 1860 1174 norit,

287 1207 330 1255 tas
343 1199 471 1253 humanae
497 1195 663 1253 conditionis
693 1196 825 1266 aperitur,
845 1194 911 1267 quia
934 1195 1018 1250 bomo
1031 1209 1076 1250 as·
1126 1193 1304 1250 nibilominus
1314 1191 1433 1264 madens
1443 1197 1539 1248 contra
1550 1191 1597 1248 Dei
1611 1192 1861 1255 voluntatennonuu

287 1298 414 1363 sumptus
444 1289 544 1345 diuinae
568 1288 730 1345 substantiae
751 1287 855 1360 aequari
878 1303 935 1343 non
962 1295 1073 1359 potest:
1126 1287 1198 1360 elligi
1214 1286 1329 1358 optavit,
1344 1285 1440 1341 dicens
1457 1284 1529 1356 apud
1543 1283 1682 1341 Marcum:
1698 1283 1782 1353 Pater,
1800 1297 1862 1350 roob

286 1383 366 1454 quasi
391 1382 514 1438 diceret:
545 1380 661 1436 llultum
688 1379 800 1452 quidem
828 1380 857 1435 in
882 1380 999 1436 seientia
1027 1386 1076 1434 tua
1125 1377 1861 1453 possibiliotibiruut,·trumserculicemdanronelldarc.
1931 1359 1932 1404 ἶ

287 1474 411 1546 prolicio,
429 1473 464 1528 ad
480 1489 542 1530 eant
558 1481 650 1528 tamen
662 1463 742 1544 plene
755 1473 918 1544 capiendam
938 1489 993 1528 non
1011 1487 1075 1543 per·
1126 1489 1183 1534 xiv.
1200 1471 1256 1542 56.)
1274 1470 1330 1526 Cur
1342 1470 1415 1526 eninr
1434 1469 1578 1525 transferri
1591 1469 1700 1525 calicem
1713 1469 1822 1539 immid
1835 1487 1864 1532 est

286 1568 372 1641 tingo.
1126 1577 1282 1620 mensuram
1303 1576 1360 1618 suae
1373 1561 1511 1633 passionis
1525 1575 1541 1613 a
1560 1575 1591 1616 se
1604 1566 1699 1631 rogat,
1713 1561 1734 1618 ri
1749 1567 1794 1634 pati
1810 1565 1863 1634 Juxta

593 1657 709 1714 CAPUT
727 1657 772 1714 lll.
993 1728 995 1732 Ι
1127 1656 1292 1711 rrrluntatem
1302 1652 1350 1709 Ilei
1364 1651 1862 1712 desiderat?llancreluntatemlieiuti
1931 1653 1932 1728 ]

288 1753 326 1808 De
345 1751 480 1806 uoluntate
507 1751 574 1816 Dei,
595 1759 621 1804 et
649 1753 784 1820 potentia,
802 1761 828 1806 et
856 1767 931 1821 prece
959 1752 988 1804 in
1012 1767 1076 1821 pos·
1128 1762 1180 1818 que
1196 1745 1338 1811 intellexit,
1355 1761 1417 1801 eum
1431 1745 1501 1816 apud
1516 1743 1649 1800 loannem
1664 1748 1864 1816 percussoriletro

640 1823 723 1877 sione.
1092 1807 1114 1862 B
1128 1839 1166 1894 ait
1177 1857 1185 1895 ι
1198 1838 1312 1894 Culicem
1321 1853 1395 1909 quem
1407 1836 1479 1892 dedit
1489 1838 1553 1892 milti
1565 1836 1648 1892 Pater
1658 1853 1707 1906 uon
1716 1837 1789 1892 tiburti
1797 1840 1865 1898 idrul

325 1937 399 2012 (205)
420 1936 474 1993 Sed
498 1934 633 1992 Dominus
653 1922 750 1992 noster
768 1935 849 1992 lesus
879 1936 962 1991 etiam
982 1934 1076 1990 adbuc
1128 1928 1379 2004 (deauratum).
1403 1927 1456 1986 Sed
1470 1929 1632 1985 bocdicens
1646 1944 1699 1983 nou
1713 1930 1866 1986 minoratu-

286 2029 440 2085 moriturus
458 2027 592 2100 quidquid
619 2027 741 2099 oportuit
755 2027 850 2092 voluit,
867 2025 1002 2098 quidquid
1026 2041 1071 2081 vo
1128 2028 1210 2076 tatem
1222 2018 1270 2077 Dei
1284 2019 1369 2086 nouit,
1386 2019 1574 2076 verumetiam
1585 2018 1619 2074 ad
1635 2027 1726 2074 nutum
1738 2019 1779 2075 liei
1788 2037 1810 2076 sc
1820 2023 1866 2077 rali-

287 2122 339 2177 luit
365 2120 479 2193 potuit,
509 2126 539 2174 ut
568 2134 624 2174 non
657 2119 746 2175 solum
775 2119 925 2175 secundum
949 2117 1077 2174 humani·
1127 2127 1187 2168 cem
1201 2112 1351 2168 bibiturum
1365 2111 1505 2168 indicavit.
1521 2111 1663 2180 Quomodo
1672 2112 1866 2184 igiturpauloantc

286 2221 389 2278 tatem,
416 2211 616 2269 verumetiam
643 2210 795 2268 secundum
824 2211 996 2269 diuinitatem
1017 2211 1077 2284 ejus
1127 2204 1201 2277 quod
1219 2205 1339 2278 oportuit
1352 2205 1457 2271 veluit,
1481 2205 1505 2261 si
1520 2211 1618 2260 eontra
1640 2211 1730 2260 nutum
1749 2203 1788 2258 bei
1805 2208 1866 2262 sciens

287 2302 371 2360 luerit
406 2303 522 2374 amplior
550 2302 666 2358 scientia
689 2309 834 2373 potestate,
860 2310 982 2374 potestas
1009 2319 1078 2374 quo-
1128 2311 1183 2352 nou
1197 2297 1253 2368 pati
1264 2296 1587 2369 concupivithuomodo
1598 2296 1671 2368 quod
1682 2297 1760 2352 noluit
1768 2299 1840 2368 potnit.
1851 2299 1866 2352 si

286 2411 342 2468 que
365 2396 481 2467 amplior
501 2401 597 2450 sancta
611 2394 781 2468 operatione.
800 2393 898 2450 Nonne
911 2395 984 2451 enim
1001 2401 1078 2450 utra·
1127 2404 1210 2461 quana
1230 2390 1378 2446 recusabat
1396 2389 1552 2462 passionem
1567 2405 1625 2446 nou
1639 2389 1741 2446 erasitl
1758 2390 1866 2460 quomodo.

287 2506 341 2562 que
359 2497 469 2554 natura,
484 2487 573 2556 major
591 2503 625 2544 ex
644 2503 683 2555 sc,
696 2488 787 2544 minor
806 2503 839 2545 es
863 2487 978 2558 majore,
1001 2486 1079 2559 quid·
1128 2485 1249 2559 inquam,
1262 2487 1334 2558 quod
1349 2494 1428 2542 antea
1442 2486 1597 2551 recusabat,
1609 2485 1716 2541 dicens:
1728 2483 1867 2540 Paternus·

287 2584 354 2658 quid
379 2590 470 2655 potest
491 2583 590 2646 norit,
620 2597 675 2637 non
703 2589 795 2638 tamen
829 2580 963 2653 quidquid
1000 2581 1077 2636 novit
1128 2583 1168 2654 ser
1182 2583 1369 2640 calicemlruuc
1383 2581 1536 2654 ome(buc.
1549 2597 1620 2646 ruri,
1635 2579 1866 2653 lblzpaulopcstra

287 2675 401 2750 potest?
424 2673 561 2730 Nimirum
586 2674 664 2729 novit
692 2675 775 2742 mala,
801 2689 853 2729 nec
875 2681 966 2745 potest
992 2673 1075 2728 mala.
1129 2673 1229 2744 plebat,
1243 2673 1354 2730 dicens·
1371 2670 1486 2728 Calicem
1500 2687 1575 2744 quem
1592 2670 1667 2726 dedit
1684 2669 1743 2725 milri
1761 2669 1865 2725 aarum

288 2767 404 2824 Constat
413 2766 479 2822 item
494 2765 568 2838 quod
579 2763 713 2836 quidquid
727 2764 793 2836 agit,
806 2771 906 2835 potest,
917 2779 973 2820 non
985 2772 1076 2820 minen
1129 2762 1240 2820 bidom?
1257 2763 1352 2836 (litu.)
1371 2764 1495 2836 nunquid
1509 2762 1580 2834 apud
1595 2762 1672 2819 illurn
1685 2777 1716 2817 ex
1729 2769 1866 2832 stuporcest,

288 2856 423 2929 quidquid
437 2862 528 2927 potest
542 2854 630 2910 iacit:
646 2869 709 2909 nam
721 2854 851 2926 pleraque
863 2853 892 2909 in
904 2869 933 2910 se
949 2852 1078 2910 conside·
1128 2865 1155 2916 et
1169 2873 1225 2913 non
1234 2857 1313 2913 erat?
1334 2857 1423 2913 absit!
1438 2855 1506 2912 Narn
1517 2871 1567 2927 pro
1578 2853 1668 2910 salute
1677 2859 1764 2909 nostra
1774 2850 1867 2909 nodul-

287 2956 359 3016 raiti,
378 2948 447 3003 bene
470 2945 529 3003 fleri
542 2953 680 3018 poteram,
705 2961 800 3002 terum
822 2945 857 3001 ad
869 2946 1076 3002 universitatem
1128 2951 1478 3025 quesemperdesiderauit,
1496 2949 1533 3004 ita
1548 2943 1868 3004 tactusobediemlnriur

288 3041 376 3097 relata
386 3054 443 3094 non
456 3037 516 3094 lieri
530 3037 629 3093 melius
643 3036 731 3104 decet,
743 3038 844 3108 quippe
861 3037 995 3093 nonnulla
1016 3052 1078 3109 quae
1128 3057 1181 3114 que
1195 3042 1229 3097 ad
1243 3047 1369 3097 mortem.
1394 3039 1499 3112 Quippe
1519 3039 1543 3095 si
1566 3037 1723 3096 stoliditatis
1734 3049 1799 3090 more
1813 3033 1867 3088 modo

287 3133 362 3188 iacta
380 3131 575 3197 enitescerent,
597 3127 698 3185 iniecta
722 3131 825 3186 mavult
845 3128 929 3196 Deus,
945 3130 1076 3201 quoniam
1090 3167 1112 3224 c
1128 3131 1223 3199 nollet,
1239 3133 1321 3188 modo
1335 3131 1391 3203 pati
1404 3131 1495 3196 uellet,
1510 3146 1565 3185 non
1576 3131 1666 3187 solum
1684 3127 1799 3184 obediens
1808 3125 1867 3187 ron,

288 3224 317 3280 in
331 3223 428 3281 ordine
440 3239 534 3281 rerum
557 3222 632 3278 aliud
657 3221 754 3278 sedet:
778 3221 909 3278 nimirum
929 3220 1012 3288 lleus,
1028 3221 1078 3294 qui
1128 3239 1222 3280 rerum
1232 3222 1481 3279 etiaminobediens
1488 3221 1576 3290 deret3
1590 3223 1692 3294 quippe
1701 3221 1765 3292 apud
1775 3234 1823 3276 eun
1830 3225 1868 3274 sta

288 3333 334 3374 res
347 3317 491 3374 ordinasse
504 3315 573 3371 alias
588 3315 667 3371 aliter
681 3321 798 3385 poterat,
810 3314 894 3382 bunc,
909 3316 956 3386 qui
972 3315 1012 3381 lit,
1027 3330 1078 3371 sua
1128 3331 1179 3387 por
1192 3316 1283 3370 locrrm
1303 3315 1406 3372 babere
1420 3329 1476 3370 non
1491 3321 1615 3387 poterat,
1630 3315 1678 3385 qui
1692 3314 1761 3383 cepit
1772 3327 1841 3382 mure
1852 3319 1868 3363 ιι

287 3412 433 3469 consultus
443 3411 550 3466 ratione
558 3409 686 3465 ordinem
707 3409 798 3480 elegit,
813 3409 842 3464 in
857 3423 912 3480 quo
926 3409 967 3465 sie
978 3423 1078 3480 magna
1129 3408 1225 3465 tedere
1236 3406 1332 3480 (llum.
1350 3425 1407 3474 niv,
1422 3405 1592 3482 aatjllosrra
1613 3406 1781 3478 fragilitaser
1792 3411 1869 3475 supere

287 3503 392 3576 parnis,
405 3501 446 3558 sic
457 3501 529 3556 mala
539 3499 754 3571 contemperavit
765 3500 855 3566 bonis,
867 3506 898 3553 ut
911 3497 1078 3555 universitas
1128 3508 1212 3566 errat,
1233 3515 1315 3572 quarn
1329 3516 1413 3572 paror
1433 3509 1460 3556 et
1472 3499 1582 3556 tedium
1594 3500 1711 3556 insciam
1724 3504 1868 3570 praeoccupau

288 3600 443 3668 perspecta,
454 3592 575 3665 undique
586 3593 702 3647 delectet
714 3591 877 3656 intuentem,
893 3597 924 3644 ut
938 3589 967 3644 in
978 3603 1078 3662 quam·
1129 3590 1260 3648 boninus
1272 3598 1362 3647 autem
1376 3589 1456 3648 lesus
1467 3606 1610 3662 exparore
1621 3607 1677 3646 non
1687 3591 1870 3662 obstupuitqro

288 3688 355 3743 libet
368 3685 476 3742 modico
495 3693 600 3740 mutata
628 3685 767 3741 decoloret
787 3685 918 3756 speciem.
933 3683 1003 3738 Nam
1018 3698 1079 3754 quar
1128 3681 1203 3736 niam
1217 3683 1393 3754 nequaquam
1404 3697 1477 3746 eurn,
1492 3689 1523 3737 ut
1541 3697 1603 3746 nos,
1621 3695 1706 3753 paror
1719 3695 1748 3735 ex
1762 3675 1870 3748 inpono

289 3797 342 3837 nos
351 3779 506 3835 inconsulte
521 3780 640 3850 agimus,
657 3777 691 3834 ad
706 3778 832 3834 decorem
844 3777 984 3848 decusque
997 3774 1079 3830 labri·
1128 3773 1253 3844 arripuit,
1265 3773 1380 3829 consilio
1391 3781 1542 3844 praerentus
1554 3773 1656 3836 timuit,
1668 3777 1697 3826 ut
1707 3779 1868 3836 eumemqteu

289 3888 330 3928 eae
347 3870 424 3942 131
442 3885 500 3926 suae
513 3869 655 3925 consultus
683 3867 802 3938 disponit
820 3866 901 3923 Deus.
925 3865 981 3922 Nos
1006 3883 1079 3921 nun·
1129 3865 1599 3937 absqueeonsiliopavoringereret,
1611 3862 1719 3920 consdii
1733 3857 1869 3932 patrocinium

289 3979 374 4035 quam
387 3961 557 4035 quiescimus
568 3975 648 4032 agere
668 3975 806 4030 peruerse,
821 3976 856 4015 nc
867 3960 993 4031 quiescat
1005 3957 1078 4015 Deus
1128 3957 1299 4016 excluderet:
1312 3973 1440 4029 pavorem
1454 3964 1536 4029 atque
1546 3955 1656 4012 taedium
1664 3967 1793 4026 passums,
1805 3953 1870 4020 spuit

290 4053 416 4112 dentalis
429 4053 533 4110 nostris
548 4068 599 4108 sua
615 4052 732 4109 educere
751 4051 832 4107 bona.
845 4051 934 4107 Homo
946 4052 1009 4123 quia
1020 4067 1078 4106 nra-
1129 4051 1238 4116 accivit,
1252 4067 1287 4107 ne
1300 4050 1444 4123 desperent
1459 4049 1547 4106 saneti
1562 4050 1591 4104 in
1604 4049 1741 4120 passione,
1755 4059 1806 4100 eum
1817 4037 1871 4094 redit

291 4150 343 4215 lus,
356 4154 487 4220 operatur
512 4145 625 4207 malum,
647 4143 720 4201 Deus
742 4143 807 4215 quia
826 4145 927 4207 bonus,
952 4142 1034 4198 vertit
1049 4142 1079 4197 in
1129 4157 1161 4198 ae
1173 4158 1273 4214 pavore
1287 4142 1366 4198 inscii
1377 4142 1579 4214 praeveniuntur
1591 4161 1597 4196 :
1608 4140 1683 4196 unde
1696 4137 1797 4192 boroim
1807 4133 1870 4202 inipso

289 4245 411 4307 bonum;
436 4257 488 4298 nec
515 4249 594 4296 curat
614 4240 662 4312 qui
683 4239 859 4311 onrnipqtens
881 4244 925 4294 est
945 4236 1080 4307 impedire
1129 4251 1229 4307 pavore
1243 4249 1275 4290 ae
1287 4235 1378 4300 tedio,
1393 4235 1507 4306 angelus
1521 4235 1555 4290 de
1566 4233 1637 4290 coelo
1649 4229 1775 4304 apparuit,
1792 4222 1869 4281 conlu·

290 4333 373 4401 rnala‚
387 4331 519 4403 quoniam
533 4331 567 4387 de
580 4331 661 4386 malis
674 4331 802 4386 oriuntur
815 4330 899 4385 bona.
914 4327 984 4383 llala
999 4327 1080 4384 indu·
1129 4335 1192 4384 taus
1202 4342 1279 4394 cunr,
1296 4335 1326 4384 ut
1340 4328 1427 4384 sancti
1442 4330 1471 4383 in
1489 4327 1627 4384 anxietate
1641 4325 1676 4382 de
1696 4324 1760 4380 emlo
1772 4317 1870 4376 conluta

290 4425 410 4479 bitanter
420 4438 436 4479 a
447 4421 504 4479 lieo
518 4429 740 4486 contemnuntur,
754 4436 849 4477 rerum
862 4421 992 4490 quoniam
1007 4420 1079 4476 bona
1131 4420 1232 4475 tionem
1247 4427 1415 4492 exspectent.
1428 4417 1496 4474 Nam
1509 4421 1555 4491 qui
1564 4420 1644 4489 juxta
1657 4414 1826 4487 Euangeliou:
1835 4405 1871 4462 to

289 4515 411 4586 pariunt,
439 4514 539 4569 merito
562 4513 724 4569 tolerantur.
740 4511 813 4567 bens
834 4527 901 4583 ergo
920 4511 993 4566 mala
1011 4527 1081 4583 quo-
1095 4514 1168 4586 Dpit
1182 4513 1334 4569 cmuciaturi
1349 4523 1373 4568 ot
1389 4522 1494 4569 mestar
1509 4530 1565 4569 erro
1582 4511 1681 4585 (Marc.
1696 4525 1749 4572 xrs,
1762 4505 1799 4576 bl)
1809 4545 1814 4563 .
1826 4513 1870 4556 mo

290 4607 365 4660 niam
379 4612 476 4661 currtra
490 4605 704 4676 prohibitionem
724 4605 803 4668 liunt,
825 4605 924 4660 merito
949 4605 978 4660 in
999 4605 1079 4662 nobis
1131 4606 1206 4662 stitia
1220 4605 1315 4677 utique
1336 4605 1446 4678 propria
1458 4606 1491 4662 de
1503 4607 1642 4661 voluntate
1655 4604 1754 4662 innata,
1768 4613 1812 4654 non
1822 4601 1871 4648 exit·

288 4698 386 4766 puuit;
399 4697 530 4769 quoniam
552 4713 618 4754 tero
637 4698 671 4754 de
690 4697 845 4753 analeiactis
869 4696 1079 4753 noritbenela-
1130 4699 1196 4754 riori
1216 4698 1340 4754 molestia
1356 4699 1443 4763 illata,
1463 4697 1491 4753 id
1504 4697 1633 4753 nimirum
1650 4691 1812 4764 intelligitur.
1829 4697 1870 4736 tta

289 4805 363 4856 rere,
378 4791 506 4847 consulta
521 4789 569 4845 liei
579 4791 712 4846 severitas
727 4791 792 4846 sinit
806 4789 865 4845 lieri
881 4789 953 4844 mala
967 4797 997 4844 ut
1015 4804 1078 4845 ere·
1130 4792 1205 4862 eupit
1221 4800 1326 4846 mestus
1337 4789 1594 4863 esseqlluttlrnxrr,
1607 4789 1654 4861 bil
1668 4785 1778 4842 auditur.
1790 4773 1869 4846 Propria

289 4881 368 4936 niaut
380 4881 462 4938 bona.
476 4880 592 4949 Quando
605 4888 698 4938 autem
721 4881 801 4937 malis
822 4882 895 4937 iuter
917 4881 988 4938 bona
1002 4882 1079 4937 loeus
1130 4899 1239 4956 quoque
1246 4883 1280 4940 de
1289 4883 1428 4939 voluntate
1436 4880 1709 4943 confortanduserat,
1718 4874 1870 4948 quonaone

288 4989 345 5030 non
358 4981 411 5039 est,
423 4974 553 5044 quoniam
568 4973 651 5029 aliam
666 4975 886 5046 progressionem
899 4974 927 5030 iu
940 4973 1023 5031 rebus
1037 4989 1080 5028 or·
1131 4976 1250 5031 solatore
1265 4974 1361 5046 angelo
1377 4989 1431 5030 non
1444 4973 1592 5046 indigebat.
1618 4969 1710 5045 ipsum
1723 4982 1781 5038 ertu
1791 4955 1870 5030 *lidi*

290 5066 397 5122 dinavit
418 5065 501 5127 Deus.
524 5067 704 5132 miseratione
719 5067 832 5138 provida
854 5067 913 5123 beri
935 5067 1008 5123 mala
1023 5082 1079 5122 non
1130 5082 1256 5124 sermone
1269 5065 1456 5135 confortabat;
1472 5082 1502 5123 re
1516 5081 1582 5121 reru
1594 5081 1623 5121 se
1638 5065 1726 5134 ipsum
1739 5054 1870 5131 ipsuum

288 5157 428 5220 sinuntur,
443 5172 478 5212 ne
487 5157 562 5213 bona
575 5156 781 5228 propinquitate
799 5156 873 5213 ioeda
885 5158 1076 5214 obfuscentur.
1129 5176 1198 5232 opus
1213 5168 1282 5225 erat,
1294 5159 1476 5217 confortabat.

287 5244 372 5311 lititur
382 5247 556 5321 dispensatio
570 5247 664 5304 divina
688 5247 784 5304 ordine
802 5249 922 5320 glorioso
936 5233 1079 5305 ¹universi·
1166 5251 1339 5324 spontaneus
1349 5267 1443 5325 paror,
1459 5267 1539 5324 quem
1550 5250 1616 5317 diri,
1633 5257 1713 5320 atque
1726 5236 1869 5300 moestitia'tl

290 5350 376 5398 tatern
389 5358 481 5398 rerum
502 5341 639 5405 nobilitat,
664 5339 729 5395 dum
745 5340 834 5396 solum
845 5341 917 5396 bona
940 5340 1078 5396 adactum
1130 5344 1188 5416 ipse
1203 5343 1271 5399 ordo
1285 5345 1452 5400 narrationis
1465 5343 1577 5410 indicat,
1593 5343 1742 5399 orationem
1752 5336 1822 5391 illam.
1834 5323 1870 5379 P*

291 5435 427 5508 perducit,
442 5435 524 5490 simul
539 5435 631 5490 omnia
644 5447 720 5489 more
732 5449 783 5489 suo
797 5421 917 5504 disponit
930 5427 1032 5500 taliter,
1049 5440 1078 5489 ut
1130 5445 1178 5498 tor,
1192 5435 1306 5506 transfer
1317 5437 1424 5490 calicem
1434 5436 1502 5491 bunc
1512 5453 1529 5490 a
1540 5453 1588 5503 ore,
1600 5422 1868 5496 remissimeerprcssl:

292 5539 356 5579 cunr
379 5524 451 5579 bona
477 5519 570 5578 nativo
590 5524 624 5579 de
643 5523 793 5589 splendore
815 5524 917 5582 debeas
938 5527 1076 5588 venerari,
1128 5529 1216 5583 oratio
1227 5528 1327 5601 quippe
1341 5529 1403 5584 talis
1411 5536 1509 5586 rnoeste
1519 5545 1551 5584 ac
1560 5528 1666 5584 timenti
1679 5509 1869 5582 coorrntrcride

292 5613 363 5667 mala
373 5615 505 5685 quoniam
518 5620 625 5668 tantum
635 5611 701 5670 boni
715 5613 867 5684 proferant,
879 5620 1001 5688 nequeas
1012 5618 1078 5673 satis
1129 5629 1183 5677 tur.
1207 5619 1319 5677 llorruit
1333 5637 1415 5692 ergo,
1431 5633 1462 5678 ut
1474 5629 1573 5680 natura
1586 5621 1677 5695 erigit,
1695 5623 1798 5674 utonem
1814 5603 1867 5663 Cli*

291 5703 397 5762 mirari.
426 5704 454 5759 ld
479 5705 560 5776 plane
579 5705 614 5760 ad
635 5706 852 5775 exaggerandam
878 5709 1076 5777 jucunditatem
1128 5721 1200 5780 stus;
1214 5714 1262 5770 sed
1273 5722 1380 5785 sponte,
1391 5715 1464 5785 quod
1476 5715 1548 5770 ultra
1558 5725 1680 5771 naturam
1691 5718 1739 5772 esi,
1752 5701 1867 5761 ‘istim‘

290 5841 295 5864 ι
327 5791 402 5868 (aba)
421 5794 492 5862 Vide
503 5793 628 5850 Cassiod.
644 5794 679 5848 ad
695 5795 767 5850 bunc
779 5796 880 5851 locum.
1164 5800 1239 5873 (205)
1259 5802 1329 5875 ldag.
1348 5805 1378 5872 l.,
1396 5819 1437 5871 ru,
1450 5804 1515 5862 dist.
1532 5805 1575 5862 li.
