3967 6334
117 363 169 422 tal
583 363 857 425 sententiabant
873 363 965 422 llbltt
983 365 1084 426 OCTO.
1099 401 1134 411 -
1147 369 1211 427 llo.
1233 367 1265 429 V.
1691 381 1746 438 ⁸62

109 479 298 534 clamasses
310 481 510 554 agitperperarn
521 479 620 554 (icor.
635 495 696 547 rur,
711 481 750 553 t),
764 481 811 552 qui
828 493 901 538 tem-
914 479 1017 551 labilia
1032 489 1113 554 atque
1123 483 1250 549 venialia,
1262 483 1342 540 tertio
1355 484 1442 558 gradu
1457 488 1652 559 appellavimus
1665 494 1744 550 dam-

110 586 162 644 per
181 579 339 644 perseverat
364 572 394 626 in
412 572 557 640 charitate,
584 587 726 645 nunquam
747 572 819 630 male
835 573 901 644 agit.
951 573 1065 630 nabilis.
1089 573 1191 631 llorum
1207 576 1331 648 quaedam
1350 579 1556 638 claudunturin
1576 591 1677 652 mente,
1694 587 1746 642 inr-

108 662 356 737 Quippcsisponte
367 667 846 738 peccaret‚cbaritatem,cnjusuou
859 670 903 721 est
952 666 1083 736 putabilia
1116 675 1228 739 propter
1254 683 1431 727 consensum.
1466 672 1625 734 cousensus
1654 685 1747 734 autem

107 755 247 823 excidere,
257 755 374 829 fugaret.
395 755 463 824 Quis
489 772 554 829 crgo
567 758 667 828 estqui
680 757 842 813 charitatem
857 755 903 810 iu·
952 757 1067 829 majoris
1080 765 1122 816 εει
1136 761 1232 831 culpae,
1248 775 1330 833 quam
1344 762 1519 835 negligentia,
1536 768 1665 838 quoniam
1680 784 1748 825 con·

106 851 218 905 tendum
241 864 298 905 nou
320 850 455 915 vulneret,
477 851 626 922 arvtpotius
648 855 753 914 enecet,
773 847 903 920 quoniam
954 866 1053 908 sensus
1067 851 1095 908 id
1114 853 1172 908 vult
1185 852 1258 922 quod
1276 859 1319 910 εει
1339 855 1454 922 malum,
1474 859 1637 932 negligentia
1656 868 1747 917 antem

108 949 166 996 aut·
178 941 272 998 nullus
282 948 336 1010 est,
344 948 392 997 aut
403 942 487 999 nimis
496 957 589 1008 rarus,
602 943 675 998 ratio
688 943 769 1013 cujus
796 951 905 1010 semper
953 959 1009 998 non
1030 943 1153 1015 providet
1169 946 1281 1003 malum.
1305 945 1339 1001 m
1352 955 1395 1006 est
1410 947 1490 1021 longe
1504 953 1660 1024 corruptius
1676 951 1747 1008 mala

108 1034 240 1104 pravitati
253 1034 374 1099 resistat,
386 1043 414 1090 et
424 1049 479 1090 non
491 1049 612 1106 persaepe
623 1038 787 1092 consentiat.
953 1035 1033 1102 velle,
1048 1051 1131 1109 quam
1150 1053 1199 1110 per
1215 1038 1351 1096 incuriam
1366 1041 1503 1113 ignorare.
1522 1041 1690 1116 Negligentia
1706 1053 1738 1101 ιιΙ

376 1125 493 1185 CAPUT
506 1126 627 1186 mlx.
954 1143 1017 1186 meu
1027 1127 1089 1200 qaae
1102 1145 1152 1202 per
1161 1145 1326 1188 consensum
1338 1134 1479 1191 subaudiri
1494 1136 1575 1202 solet,
1588 1137 1667 1209 quasi
1681 1153 1747 1194 con·

342 1220 655 1293 deperfectaalaaritate.
955 1235 1054 1278 seuam
1069 1221 1154 1288 lieret,
1174 1229 1203 1280 ει
1216 1224 1357 1281 iumalum
1377 1241 1447 1298 opus
1458 1227 1590 1300 prodiret,
1607 1229 1745 1302 redargui·

141 1313 906 1388 (253)Quamobremeharitaeillaquaeuunquamexei-
955 1317 1011 1377 llll',
1031 1313 1138 1384 quoties
1157 1329 1207 1386 pel·
1225 1331 1286 1371 etlllt
1301 1317 1330 1372 ill
1352 1317 1380 1372 id
1400 1333 1471 1374 noxa
1496 1319 1652 1384 incidimus,
1675 1321 1748 1393 quod

108 1409 161 1472 alit,
175 1426 237 1482 qnae
246 1426 301 1471 nott
315 1409 371 1481 agit
383 1425 602 1481 perperam,n0n
617 1418 659 1466 est
674 1411 827 1477 ambitiosa,
849 1426 905 1467 nnn
956 1402 1077 1461 adbibita
1086 1405 1225 1480 diligentia
1238 1410 1402 1481 praecat'lsse
1410 1421 1567 1482 poteramus
1581 1411 1666 1486 (255).
1682 1411 1748 1478 Sed,

107 1502 209 1574 quaerit
220 1516 281 1572 qrrae
294 1517 344 1557 sua
361 1506 426 1557 sunt
445 1499 521 1573 (ibid.
537 1499 559 1574 ),
575 1511 603 1557 et
630 1507 729 1556 catara
745 1517 806 1573 quae
830 1501 905 1573 Apo-
955 1496 1028 1552 sicut
1049 1496 1077 1553 in
1091 1499 1159 1554 vitio
1173 1500 1315 1558 minorest
1339 1503 1515 1576 negligentia,
1531 1517 1613 1575 quam
1631 1519 1745 1560 cousen-

108 1595 199 1649 stolus
213 1600 386 1657 annumerat,
402 1606 601 1672 perpaucorum
614 1599 667 1661 est,
682 1600 709 1646 et
721 1591 839 1648 tortasse
866 1593 907 1647 in·
956 1603 1024 1655 sus;
1046 1587 1082 1644 ita
1097 1592 1289 1648 consensionis
1303 1594 1432 1663 operibus
1448 1595 1547 1650 merito
1561 1595 1653 1650 minus
1667 1609 1746 1650 accu-

107 1693 154 1742 ter
168 1685 355 1757 religiosiores
368 1685 651 1757 religiosissimorum.
667 1683 726 1740 Nisi
742 1683 813 1741 iorte
825 1683 907 1758 1oe
956 1691 1033 1737 satur
1046 1683 1217 1754 negligentiae
1227 1701 1297 1756 opus
1309 1683 1395 1758 (256).
1413 1683 1465 1742 Sed
1477 1687 1623 1743 consensio
1633 1693 1661 1742 et
1671 1685 1756 1742 incu-¹

107 1777 173 1847 quis
186 1785 282 1832 tenere
292 1775 379 1840 malit,
390 1775 465 1847 quod
486 1775 607 1832 charitas
618 1775 700 1830 etiam
712 1781 821 1830 matura
849 1777 905 1847 ple·
956 1773 997 1828 ria
1008 1772 1071 1829 dum
1083 1776 1190 1847 inopus
1205 1791 1318 1847 pravum
1334 1793 1390 1832 nou
1400 1787 1593 1850 prorumpunt,
1605 1779 1662 1834 baec
1675 1793 1749 1834 niort

107 1883 228 1937 rumque
248 1867 358 1938 quidem
376 1867 468 1933 cadat,
484 1881 539 1921 nou
566 1873 658 1922 tarneu
681 1866 798 1923 excidat.
823 1865 903 1924 Cadit
918 1842 996 1922 Best
1016 1866 1044 1922 in
1057 1865 1156 1935 domo;
1182 1869 1291 1940 quando
1314 1885 1377 1925 vero
1402 1869 1475 1926 ieras
1495 1871 1529 1927 ad
1550 1879 1640 1926 actum
1662 1885 1749 1941 usque

105 1961 241 2031 quoniam
255 1961 416 2030 plerumque
425 1959 559 2023 abscedit,
573 1974 628 2014 nou
642 1958 754 2022 excidit,
771 1959 902 2030 quioniam
952 1959 1101 2025 ebulliunt,
1117 1959 1174 2040 brec
1194 1967 1236 2016 est
1255 1976 1330 2017 mors
1345 1961 1372 2017 in
1389 1969 1484 2032 porta;
1509 1961 1619 2034 quando
1634 1977 1699 2018 vero
1714 1961 1750 2019 ab

106 2074 220 2130 semper
233 2057 355 2114 reditura
368 2056 434 2113 abit.
449 2055 489 2112 Er
503 2071 559 2119 nuo
576 2061 667 2112 autem
681 2056 756 2124 abiit,
766 2056 823 2126 jam
846 2072 903 2112 nou
953 2058 1016 2106 actu
1032 2065 1118 2122 usque
1130 2051 1164 2106 ad
1180 2051 1405 2108 cousuetudinem
1424 2069 1486 2124 quae
1505 2055 1630 2126 exemplo
1650 2063 1752 2112 nocent

104 2153 184 2223 ipsa;
197 2151 394 2207 veremalritus
408 2149 469 2220 ejus
484 2163 627 2220 perperam
640 2148 704 2219 agit,
724 2148 822 2220 quaerit
841 2164 904 2219 quae
952 2143 1174 2215 protenduntur,
1200 2143 1230 2198 fit
1249 2152 1376 2202 mortuus
1398 2145 1457 2215 jam
1481 2161 1559 2202 more
1589 2146 1686 2204 Lazari
1710 2146 1751 2204 le-

111 2258 166 2298 sus
182 2249 259 2308 sunt,
275 2242 430 2312 similiaque
440 2239 568 2296 admittit.
596 2237 676 2295 Unde
702 2238 903 2310 {laudatque
953 2239 1039 2297 tidus.

106 2333 296 2397 Salomonem,
310 2331 422 2389 Petrum
438 2347 557 2404 qouque,
572 2347 643 2403 quos
655 2331 712 2401 jam
724 2331 800 2387 ilium
811 2330 904 2387 cbari-
1246 2332 1363 2390 calet
1382 2331 1449 2390 xil.

103 2427 176 2482 tatis
189 2425 305 2498 gradum
313 2423 528 2496 apprehendisse
549 2421 627 2479 netas
647 2422 760 2478 credere
778 2430 901 2487 nonest,
1145 2424 1184 2480 De
1197 2426 1366 2497 negligentia,
1379 2436 1403 2482 et
1415 2429 1440 2483 oi
1452 2429 1554 2484 martir.

104 2520 156 2574 sed
172 2534 224 2574 nec
248 2517 291 2574 las
307 2516 496 2572 indubitanter
524 2513 669 2580 affinitate,
696 2521 807 2570 constat
828 2515 903 2571 riros
989 2512 1064 2588 (257)
1083 2513 1145 2570 biri
1161 2516 1353 2587 negligentiam
1380 2525 1495 2574 mortem
1508 2533 1570 2574 csse
1586 2518 1668 2574 etiam
1687 2533 1750 2574 ειιιιι

102 2612 226 2681 optimus
234 2610 351 2682 pessime
360 2609 518 2681 deliquisse.
954 2607 1172 2661 actumuoxium
1184 2623 1240 2662 non
1256 2609 1341 2679 parit;
1358 2609 1488 2680 quioniam
1503 2609 1629 2680 quisquis
1646 2610 1749 2665 intelll-

142 2698 371 2755 Sedcbaritalcru
387 2697 453 2766 Quae
466 2699 533 2754 vitio
548 2699 655 2770 pulsata
670 2697 756 2769 fugit,
773 2698 903 2770 quoniam
953 2697 1063 2768 gentius
1078 2711 1108 2753 se
1122 2695 1225 2753 babens
1244 2699 1390 2754 committit
1405 2699 1477 2755 uude
1492 2699 1650 2756 scandalum
1662 2715 1751 2772 quan·

103 2800 209 2849 caerat
223 2807 284 2864 quae
300 2792 344 2849 vel
356 2793 440 2849 semel
454 2792 559 2857 babila,
578 2797 673 2863 postea
686 2791 824 2847 bominem
839 2807 904 2864 per-
953 2797 1012 2844 tum
1029 2788 1057 2844 in
1080 2804 1109 2846 sc
1122 2795 1165 2845 est
1182 2790 1281 2853 oritur,
1302 2789 1366 2845 licet
1387 2791 1415 2845 in
1432 2797 1495 2846 actu
1514 2806 1570 2847 non
1588 2792 1704 2856 oriatur,
1726 2790 1751 2848 is

103 2885 148 2939 irc
160 2900 217 2939 nun
232 2885 308 2945 sinit.
328 2885 475 2956 quamdam
486 2892 548 2956 post
561 2883 646 2940 sesui
661 2883 791 2939 credibile
802 2891 845 2938 est
855 2883 904 2940 de-
953 2883 1052 2937 merito
1073 2897 1137 2940 reus
1164 2882 1348 2938 convincitur.
1370 2881 1506 2938 iiortuum
1527 2885 1645 2956 primum
1660 2885 1751 2940 susci-

102 2977 224 3047 liqnisse
241 2976 382 3046 radicem,
399 2975 472 3032 unde
491 2991 601 3032 reorum
615 2976 786 3032 conscientia
801 2984 903 3047 puncta
953 2981 994 3029 tat
1005 2973 1086 3030 lesus
1107 2973 1135 3029 iu
1157 2973 1264 3045 privato
1281 2982 1309 3030 et
1324 2975 1384 3031 siue
1398 2975 1575 3033 difficultate:
1597 2975 1750 3033 secundum

103 3077 191 3139 atque
211 3075 356 3138 repuncta,
376 3067 496 3139 quictem
516 3067 590 3122 baud
608 3083 729 3138 unquam
751 3067 902 3138 permittat,
953 3064 982 3119 iu
1002 3073 1091 3135 porta,
1117 3065 1144 3120 id
1164 3073 1206 3121 est
1231 3065 1258 3120 in
1280 3065 1407 3137 publico,
1428 3069 1669 3140 qtrantulacuuque
1686 3083 1750 3122 cunr

102 3159 197 3215 donec
213 3173 265 3214 sua
279 3159 314 3214 dc
331 3156 424 3213 radicc
437 3158 557 3213 ebaritas
572 3173 621 3229 per
637 3157 751 3228 gratiam
766 3155 904 3228 pullulans
917 3195 941 3256 c
955 3170 1043 3222 mora,
1060 3157 1139 3227 quasi
1153 3157 1244 3228 aliqua
1258 3173 1320 3212 cum
1335 3157 1503 3214 difficultate.
1518 3156 1640 3214 Tertium
1656 3157 1751 3214 multis

103 3252 263 3322 inquietum
279 3251 417 3307 refoverit.
436 3250 569 3322 Quisquis
582 3266 648 3322 crgo
667 3249 812 3306 charitatis
828 3263 904 3304 asse·
956 3249 1112 3307 astantibus
1127 3264 1225 3322 magna
1245 3265 1308 3306 cum
1323 3267 1411 3316 mora,
1433 3267 1532 3322 magna
1547 3265 1656 3322 quoquc
1670 3253 1751 3323 quasi

102 3351 191 3397 cutus
205 3347 249 3397 est
272 3340 438 3406 firmitatem,
453 3341 517 3396 licet
535 3341 571 3395 ab
588 3355 621 3396 ea
640 3341 801 3412 plerumque
821 3339 905 3394 dissi·
955 3338 1124 3405 difficultate,
1140 3341 1174 3397 dc
1185 3343 1312 3413 sepulcro
1325 3342 1477 3400 redivivum
1491 3350 1580 3398 vocat.

102 3435 169 3497 liat,
194 3433 325 3504 quoniam
347 3433 382 3487 ad
401 3431 524 3488 eamdem
544 3447 653 3502 semper
673 3431 770 3496 resilit,
797 3429 904 3485 alienus
993 3433 1074 3503 170
1092 3431 1164 3488 Loca
1183 3433 1310 3490 observat
1330 3433 1463 3490 llourinus
1479 3433 1628 3505 modosque
1649 3434 1750 3490 distin-

102 3543 163 3583 non
187 3532 250 3591 est;
278 3525 379 3597 quippe
401 3539 484 3595 super
507 3523 615 3578 sirmam
633 3532 739 3594 petram
762 3521 902 3588 fundatus,
955 3525 1024 3596 golt,
1044 3533 1203 3597 certumque
1218 3541 1363 3582 nrrmerum
1383 3541 1438 3580 uon
1458 3525 1568 3590 transit,
1590 3525 1686 3580 videns
1701 3525 1753 3579 bu·

101 3635 160 3674 nec
177 3618 268 3673 aillatu
289 3626 443 3681 ventorum,
458 3631 510 3672 uec
524 3616 558 3672 ab
573 3616 686 3671 incursu
699 3613 841 3670 liuminum
856 3614 905 3670 de·
953 3618 1075 3689 jusmodi
1089 3635 1144 3674 nou
1159 3619 1266 3690 ingrata
1281 3617 1486 3692 significationi.
1499 3616 1633 3673 Nimirum
1646 3617 1752 3688 primus

103 3712 220 3784 jicietur
231 3728 238 3762 z
249 3710 398 3781 impellitur
411 3708 521 3780 atridem
536 3723 667 3780 persaepe,
682 3715 709 3763 et
720 3715 802 3763 vento
815 3712 905 3763 teuta·
955 3719 1083 3769 mortuus
1106 3713 1133 3766 in
1150 3713 1256 3783 privato
1272 3712 1369 3768 leviter
1388 3727 1403 3766 a
1417 3711 1528 3768 Clrristo
1548 3712 1708 3768 suscitatur.
1728 3707 1764 3764 A·

102 3805 226 3869 tionum,
244 3810 274 3859 et
284 3801 395 3858 iluminc
406 3803 678 3868 oblectamentorum,
693 3807 724 3854 ut
734 3801 843 3864 titubet,
856 3799 904 3855 sed
955 3801 1076 3867 Christo,
1099 3803 1227 3873 quoniam
1248 3817 1296 3873 per
1311 3813 1337 3858 te
1351 3809 1430 3874 potes
1450 3803 1655 3858 invincibilibus
1675 3799 1754 3857 infir·

103 3910 251 3966 nunquam
268 3902 392 3949 movetur
403 3899 434 3946 ιιι
447 3899 569 3958 corruat,
588 3891 718 3962 quoniam
733 3901 816 3960 parta
826 3891 906 3961 interi
956 3891 1037 3956 mari,
1051 3892 1205 3948 venialibus
1219 3893 1316 3948 morbo
1329 3895 1484 3964 aggravari,
1496 3893 1606 3948 tandem
1625 3907 1673 3964 per
1685 3905 1754 3948 εοιι·

103 3987 352 4058 nanprarraieinnt
366 3986 491 4041 mansas
509 3983 826 4056 cantuaritarum).
846 3982 903 4039 ia·
956 3999 1067 4039 sensum
1084 3984 1163 4040 mori.
1178 3982 1239 4038 Nou
1254 3993 1351 4056 perte,
1372 3984 1418 4041 scd
1441 4000 1491 4056 per
1509 3986 1702 4042 suscitatorem
1716 3982 1752 4038 ed

103 4089 166 4139 tent
186 4081 298 4153 quidem
321 4081 350 4135 iu
369 4079 464 4134 multis
486 4085 517 4133 ut
535 4085 659 4132 nostram
674 4091 905 4148 recognoscamus
955 4076 1039 4130 vitam
1057 4083 1135 4146 potes
1157 4075 1256 4131 redire.
1280 4074 1309 4130 lu
1334 4075 1440 4146 privato
1465 4074 1494 4129 stt
1517 4075 1670 4138 suscitatio,
1687 4074 1753 4145 quis

103 4173 297 4245 fragilitatem,
309 4170 423 4227 sednon
438 4169 583 4242 praevalent
597 4175 627 4223 ut
640 4167 905 4240 belmagntuaemus
955 4169 1062 4243 privata
1082 4183 1139 4224 non
1155 4175 1219 4224 suut
1235 4166 1410 4239 publicanda,
1429 4166 1477 4223 sed
1493 4167 1608 4238 privatis
1622 4166 1752 4222 remediis

104 4269 273 4324 bonitatem.
294 4265 487 4326 Praevalerent,
505 4263 529 4318 si
541 4263 588 4334 qui
599 4261 699 4317 cecidit
711 4267 768 4316 uon
778 4275 906 4332 resurge-
956 4261 1087 4325 curanda,
1110 4258 1243 4332 facileque
1262 4259 1411 4316 remittitur
1431 4256 1505 4329 quod
1528 4258 1556 4312 in
1580 4257 1638 4313 sola
1661 4267 1753 4312 mente

104 4367 161 4416 ret.
173 4359 213 4416 lte
223 4357 383 4430 bujusmoii
393 4356 529 4411 ebaritatc
544 4356 582 4408 ita
598 4354 713 4409 babetur
725 4353 754 4408 iu
763 4350 903 4408 canticis:
955 4360 1092 4410 versatur.
1115 4352 1272 4409 Secundum
1287 4352 1401 4408 suscitat
1421 4349 1554 4406 Dominus
1570 4357 1707 4406 mortuum
1722 4351 1753 4406 in

103 4454 194 4525 Aque
213 4450 306 4505 muita
324 4466 377 4504 non
389 4457 531 4520 patuerant
552 4447 719 4516 exstinguere
737 4443 904 4508 charitatem,
955 4453 1036 4517 porta
1054 4461 1148 4501 coram
1169 4445 1263 4500 multis
1278 4443 1410 4498 nonnulla
1429 4458 1492 4497 cum
1511 4456 1599 4507 mora,
1619 4441 1752 4512 quoniam

103 4564 157 4602 nea
175 4545 290 4616 plentina
309 4543 418 4598 obruam
434 4541 510 4596 iiiam
521 4539 612 4614 (Cant.
626 4554 688 4603 rrrv,
706 4537 743 4609 7).
760 4537 835 4610 (ast)
851 4535 906 4590 No-
921 4537 1047 4599 bscelus
1063 4535 1172 4592 adorno
1185 4533 1278 4589 cordis
1291 4534 1319 4588 in
1334 4539 1440 4604 portam
1454 4531 1584 4588 exsiliens
1597 4533 1699 4602 operis,
1712 4528 1754 4586 ie·

104 4642 186 4697 miae
199 4639 355 4702 charitatis,
374 4652 431 4691 nou
446 4635 480 4691 de
495 4641 590 4689 tenera
606 4631 707 4704 agitur,
725 4631 773 4685 sed
788 4635 906 4692 matura,
958 4628 1135 4685 riendumest
1146 4641 1226 4700 poena
1237 4635 1311 4681 certe
1329 4625 1415 4697 gravi,
1430 4633 1560 4695 tanquam
1576 4632 1712 4694 patratum
1723 4622 1753 4677 in

104 4748 194 4806 quam
219 4729 337 4787 tentatio
360 4729 447 4799 major
466 4725 510 4782 vel
532 4725 624 4779 minor
646 4720 790 4777 debilitare
805 4724 906 4791 potest,
958 4731 1048 4794 porta,
1072 4719 1192 4794 graviori
1211 4719 1234 4776 si
1254 4733 1348 4774 coram
1371 4717 1475 4772 multis.
1500 4713 1594 4772 Tertio
1608 4721 1754 4788 prestatur

103 4823 227 4881 omniuo
240 4819 381 4878 eradicare
394 4836 450 4875 uon
462 4824 562 4889 potest.
579 4815 674 4885 Usque
686 4830 720 4870 eo
735 4821 827 4867 tameat
838 4825 908 4865 non·
958 4815 1015 4869 vita
1028 4814 1084 4884 jam
1099 4811 1194 4877 ietido,
1207 4810 1252 4865 trbi
1264 4824 1351 4874 mora,
1369 4809 1455 4874 labor,
1472 4816 1554 4868 atoue
1568 4808 1695 4880 lacrymae
1704 4821 1754 4864 ει-

103 4930 254 4987 nuuqnam
268 4911 406 4968 debilitari
420 4911 538 4974 ridetur,
551 4919 582 4965 ut
594 4909 618 4965 si
630 4908 740 4964 interim
752 4903 908 4977 quempiam
959 4905 1089 4962 bibentur
1103 4903 1188 4978 (258).
1207 4901 1277 4957 Nam
1295 4901 1341 4957 ubi
1357 4900 1443 4956 fetore
1456 4899 1665 4955 consuetudinis
1679 4915 1754 4954 mor·
1803 4969 1808 4976 Ι

103 5009 262 5080 contigerit
278 5006 360 5073 mori,
374 5006 514 5077 contingat
533 5019 642 5076 quoque
657 5001 791 5056 damnari.
807 4996 909 5054 Verum
959 5000 1013 5056 bus
1031 4999 1151 5053 trabitur
1172 5011 1262 5068 pravae
1280 4994 1451 5057 imitationis,
1465 4992 1612 5063 dupliciter
1630 4992 1658 5046 iu
1676 5007 1753 5047 reum

104 5102 258 5160 eltaritatis
268 5098 335 5155 illud
350 5099 428 5153 aiunt
440 5114 502 5155 csse
512 5097 640 5152 meritum
652 5111 686 5151 ex
698 5093 868 5158 maturitate,
879 5099 910 5146 ut
959 5089 1155 5148 vindicandum
1167 5095 1220 5154 est,
1238 5094 1267 5144 et
1280 5087 1409 5159 quoniam
1420 5086 1448 5141 in
1460 5101 1489 5141 se
1504 5083 1635 5140 scelerate
1648 5082 1713 5154 egit,
1726 5092 1754 5138 et

104 5210 181 5251 suos
195 5193 268 5248 mori
279 5204 335 5248 non
348 5191 421 5246 sinat
434 5189 464 5244 in
478 5189 604 5244 crimine.
960 5185 1091 5258 quonium
1114 5183 1230 5256 pusillos
1252 5181 1358 5237 diutina
1384 5178 1500 5250 fedaque
1532 5177 1752 5241 conversatione,

417 5297 532 5355 (Ἄρῃ
551 5295 608 5352 gg⁸
960 5283 1095 5348 quantum
1107 5275 1134 5329 in
1147 5289 1176 5330 se
1186 5279 1230 5330 est
1241 5269 1446 5327 scandalizavit.
1461 5265 1595 5334 Quoniam
1610 5280 1675 5340 ergo
1691 5281 1755 5338 gra-

176 5395 217 5449 De
229 5391 439 5457 damnabilibus,
450 5400 475 5445 et
487 5406 625 5451 consensu,
639 5398 664 5445 et
679 5387 845 5459 raegiigentia.
960 5369 1103 5425 Vissiffliffl
1117 5383 1174 5422 ¹¹⁰ss
1189 5362 1320 5440 Pfaeffli‘
1331 5361 1473 5426 ⁰ffe¹¹⁸³fflr
1489 5359 1652 5431 iiffissfflna
1665 5360 1755 5415 Μ·

148 5483 206 5545 lieu
220 5487 256 5544 ad
270 5488 317 5542 illa
338 5485 483 5543 redeamus
501 5491 624 5554 petuma
644 5495 707 5552 qua
721 5486 783 5550 post
795 5477 896 5533 invincr
962 5461 1136 5528 idlfli³³⁰¹²⁸r
1155 5476 1243 5526 *limi
1262 5458 1366 5522 ¹³b⁰f⁸2
1385 5456 1568 5527 ¹³⁰fi¹¹¹³ffll¹¹0
1582 5451 1753 5516 eimmill-

148 5623 227 5691 (ἰῶ)
238 5622 369 5694 biagrster
378 5635 472 5693 sopra.
963 5616 1007 5672 tt.
1023 5615 1163 5694 iiexverbis
1172 5614 1289 5670 bomini.

149 5695 228 5765 (vat)
247 5694 353 5766 llagist.
365 5709 407 5755 tu,
423 5693 508 5755 Sent,
523 5693 589 5747 dist.
599 5691 643 5746 bl.
999 5689 1075 5760 tatii,
1096 5687 1164 5759 ling.
1181 5689 1198 5742 l.
1213 5704 1250 5748 lv,
1265 5686 1331 5741 dist.
1345 5685 1390 5740 ili.
1481 5755 1486 5766 Ι
1589 5753 1594 5764 .
1619 5753 1624 5766 ι

123 5785 137 5807 1
152 5767 230 5832 (2331
251 5765 371 5836 Magist,
386 5773 416 5818 ut
428 5763 510 5817 inira.
1000 5760 1073 5832 (238)
1093 5760 1219 5832 iugem..
1233 5775 1286 5814 ser.
1301 5755 1343 5815 ll.
1363 5756 1398 5816 lle
1413 5756 1504 5814 verbis
1520 5753 1637 5812 Dorum.

152 5839 194 5892 ⁹25
202 5837 232 5911 6)
252 5838 321 5910 Aug.
335 5851 389 5892 scr.
403 5834 479 5890 iloni.
491 5835 520 5890 in
531 5831 643 5889 montel
669 5843 702 5897 t.,
715 5847 741 5887 c.
755 5829 798 5898 la,
815 5836 907 5903 etser.
1723 5807 1774 5886 aas
