3967 6334
269 344 337 399 llll
686 339 732 394 Ab
754 338 903 395 hosfium
922 340 1024 397 cutm
1042 338 1310 394 subrurrttttdh
1329 337 1453 395 laubos
1834 338 1903 395 illd

267 461 311 517 les
322 456 388 528 quid
403 456 431 510 in
448 455 509 509 illos
523 452 656 523 agendum
669 452 716 523 qui
727 460 840 529 propter
850 453 997 524 qnamdam
1011 453 1060 509 de·
1073 462 1097 517 Α
1111 452 1310 508 lacticiniorum
1322 453 1349 509 in
1362 452 1575 525 Qtradragestma
1584 454 1792 513 interdietaest.
1804 452 1902 521 uldin.

267 530 418 588 bilitatem.
440 527 487 582 sed
505 530 574 579 satis
591 524 694 586 leaena.
709 538 807 580 carries
824 523 1001 579 comederant
1016 524 1060 579 die
1110 524 1138 589 ι,
1150 538 1230 593 aaa:
1248 524 1373 595 Denique.
1396 524 1456 579 Non
1471 533 1560 580 autem
1575 525 1602 579 in
1616 525 1679 580 aliis
1691 525 1827 595 ieiuniis.
1852 524 1903 581 nisi

268 599 398 657 sabbati.
414 594 560 666 respondet
583 595 783 649 observandam
806 610 868 649 esse
883 594 1061 649 consuetudi·
1110 593 1280 649 consuetudo
1290 595 1341 649 hoc
1353 596 1468 663 habeat;
1487 610 1567 665 quam
1579 596 1683 667 ubique
1697 596 1903 665 olrsersandasn

266 687 330 728 nem
343 686 372 725 re
392 668 472 722 ionis.
492 665 551 732 Qiso
566 666 637 725 satis,
648 664 738 719 innuit
752 662 1000 719 nullumEcclesiae
1014 680 1060 734 ge·
1111 664 1140 719 ιιι
1156 665 1268 734 jejuniis
1285 664 1379 721 dieunt
1391 666 1571 738 Augustinus.
1587 665 1753 723 Anrbrosias
1765 675 1794 720 et
1811 666 1906 723 lliers-

267 740 360 799 nerale
370 685 509 793 decretum
519 743 584 790 tunc
598 735 746 792 exstitisse.
761 735 834 804 quod
844 734 1002 805 prohiberet
1012 741 1061 788 ab·
1111 750 1220 805 nymus,
1236 735 1299 791 dist.
1312 736 1356 790 ιι.
1372 734 1427 791 ιιιιι
1440 746 1465 791 et
1480 737 1542 791 dist.
1558 736 1601 799 ιιι,
1613 754 1673 807 cap.
1688 752 1698 790 :
1714 736 1840 793 Utinam.
1854 738 1906 793 ln-

268 810 426 867 stinentiarn
441 823 456 862 a
471 808 601 861 carsiihus
617 806 714 860 diebus
737 803 859 859 Sabbati.
886 803 957 869 lmo,
987 820 1060 859 anno
1111 804 1144 859 de
1154 805 1236 878 429
1248 808 1292 861 oui
1303 807 1454 877 injunctum
1465 814 1508 863 est
1519 806 1644 877 ieiunare
1653 807 1836 878 simpliciter,
1853 825 1903 863 non

267 882 350 942 tutu.
379 878 463 952 [028
488 877 613 931 ducentis
633 875 745 931 circiter
765 875 962 945 qninquaginta
980 875 1060 929 annis
1112 875 1193 933 habet
1206 876 1260 933 nisi
1276 892 1292 930 a
1307 878 1438 934 carnibus
1458 878 1605 943 abstinere,
1624 879 1662 932 ita
1678 879 1756 949 quod
1777 878 1905 949 ieiunare

267 968 284 1007 a
309 952 505 1006 constitutione
524 947 647 1017 Gregorii
663 944 708 999 llll
734 946 863 1001 usitatam
888 946 988 999 iterum
1000 962 1061 1000 ·xe-
1111 945 1192 999 etiam
1209 962 1270 1002 cum
1282 948 1429 1003 lacticiniis
1439 955 1539 1018 potest.
1554 948 1677 1005 Britoaes
1690 967 1751 1005 aero
1766 948 1904 1003 wiredes-

266 1022 424 1092 rophagiani
434 1021 461 1073 ιιι
471 1017 599 1079 Sabbata,
610 1016 888 1087 idqueeommuuiter‚
901 1023 1060 1087 argumento
1112 1022 1149 1069 tes
1160 1015 1283 1087 butyrum
1305 1019 1333 1073 in
1359 1018 1469 1085 Quadra
1487 1021 1587 1083 ιιιιιια,
1612 1020 1734 1075 uideantur
1760 1022 1903 1083 cursari,

267 1102 310 1149 est
323 1092 397 1147 haila
411 1089 549 1145 Benedicti
561 1086 624 1151 llll,
647 1088 694 1157 qui
710 1091 738 1140 in
754 1085 948 1150 Beriedictina,
973 1100 998 1139 c.
1012 1086 1058 1150 ιιι,
1112 1086 1177 1156 quia
1192 1086 1220 1141 in
1238 1088 1292 1144 illis
1308 1088 1451 1160 inquibus
1508 1090 1771 1160 clesiadispeasare
1792 1098 1903 1161 potest,

185 1183 187 1186 ·
267 1162 461 1233 lassguentihus
478 1168 534 1214 turn
549 1158 702 1219 monachis.
713 1158 838 1213 carnium
853 1171 931 1211 esum
946 1157 1057 1226 quihus·
1111 1157 1223 1213 sciendo
1236 1166 1262 1214 et
1278 1160 1479 1216 dissimulando
1488 1160 1643 1231 dispensat:
1659 1162 1683 1215 si
1691 1170 1786 1217 narsen
1799 1162 1840 1215 ita
1850 1162 1905 1217 dis·

267 1234 331 1289 dam
349 1230 567 1288 hebdomadatim
578 1229 676 1283 diebus
691 1228 847 1297 indulgens,
863 1228 905 1281 sic
918 1228 978 1282 dies
990 1227 1060 1283 alios
1112 1227 1239 1289 simulat.
1262 1229 1334 1299 quod
1355 1246 1407 1287 nee
1427 1232 1506 1302 punit
1525 1232 1834 1293 excommunicatione,
1857 1248 1904 1287 nec

267 1304 370 1373 exeipit
389 1322 396 1357 :
412 1302 561 1357 statuimus
571 1309 596 1353 et
608 1299 761 1351 urdirsaiaas
775 1296 844 1368 qaod
859 1306 999 1367 perlatura
1012 1314 1060 1351 aa·
1111 1298 1237 1367 prohibet
1252 1301 1344 1365 rerba,
1361 1308 1415 1357 etc.
1430 1321 1440 1353 s
1456 1300 1682 1359 llaecAntoninus
1696 1313 1723 1357 et
1734 1301 1904 1365 Paludanin,

268 1392 330 1429 aissa
340 1374 408 1443 [eric
418 1380 513 1443 quarta
527 1381 552 1423 et
566 1370 608 1424 die
619 1368 748 1431 διιιιιιις
763 1379 788 1422 et
800 1370 912 1437 aprima
920 1368 1061 1422 baliarica
1111 1370 1257 1425 innuentes
1272 1372 1362 1427 nullos
1373 1373 1401 1427 in
1416 1371 1629 1443 Quadragesima
1646 1383 1749 1445 praeter
1762 1373 1903 1434 britones,

268 1444 418 1508 Adventus,
433 1453 481 1498 etc.
496 1457 584 1495 onmes
604 1440 739 1510 regulares
758 1438 876 1509 ejusdem
898 1437 998 1493 ordinis
1015 1456 1060 1493 seu
1111 1438 1240 1511 butyrum
1259 1441 1415 1498 admisisse.
1438 1441 1504 1509 Quae
1527 1443 1692 1499 abstinentia
1706 1444 1803 1499 adhuc
1817 1460 1906 1513 perse·

268 1517 419 1584 scipionis.
441 1513 533 1567 ad'csu
547 1514 667 1565 carnium
680 1510 775 1580 uoiqm
793 1507 952 1563 adstiterunt.
974 1508 1059 1575 Quem
1111 1519 1188 1565 rerat
1204 1511 1230 1564 in
1249 1509 1406 1573 Oecitania;
1422 1521 1527 1569 etcum
1543 1514 1570 1568 in
1581 1515 1766 1584 quorumdam
1786 1515 1903 1585 gratian

269 1586 381 1641 Saddati
394 1585 465 1640 diem
480 1583 641 1638 riorninatirn
655 1581 781 1652 excipere
799 1595 854 1633 non
867 1582 964 1634 luisset
977 1595 1058 1649 opus,
1111 1581 1261 1635 remittitur
1271 1581 1304 1636 ad
1319 1590 1437 1654 tempus,
1449 1599 1480 1639 ea
1495 1599 1601 1653 semper
1611 1585 1760 1655 apponitur
1769 1584 1903 1645 conditio,

268 1657 292 1712 si
308 1657 336 1711 in
349 1673 382 1712 eo
394 1654 529 1725 generalis
537 1652 593 1720 jnm
605 1652 676 1721 apud
687 1665 782 1706 onrrxes
794 1650 917 1705 l'uisseta
930 1651 1061 1707 carnibus
1111 1649 1252 1705 darismodo
1267 1664 1364 1707 secrete
1376 1661 1401 1707 et
1417 1653 1514 1725 absque
1528 1653 1652 1709 scandata
1662 1657 1723 1725 fiat.
1743 1654 1803 1710 Nec
1816 1654 1907 1709 ιιιιιιιι-

267 1728 445 1788 abstinentia,
456 1725 528 1779 sicut
544 1723 571 1776 in
586 1729 662 1777 sexta
678 1720 757 1784 seria,
771 1735 853 1791 quam
867 1721 929 1775 ideo
943 1737 997 1775 non
1011 1737 1059 1774 ex·
1112 1726 1169 1774 turn
1185 1722 1273 1777 adhuc
1284 1724 1467 1779 communiter
1479 1726 1568 1795 butyri
1582 1740 1659 1779 usrim
1674 1726 1750 1797 apud
1765 1725 1905 1779 Parisirn-

267 1798 362 1867 primit
381 1796 513 1867 pontifex.
525 1792 679 1859 Quinetiam
692 1799 801 1847 centurn
812 1792 893 1845 arrrris
903 1806 936 1846 eo
947 1791 1061 1846 interior
1077 1816 1097 1869 B
1113 1806 1157 1846 ses
1168 1806 1239 1847 anno
1252 1794 1321 1849 idid
1333 1801 1470 1849 testantur
1484 1801 1544 1849 aeta
1559 1796 1699 1866 synodalia
1716 1796 1856 1866 Stephani
1870 1796 1906 1850 lte

271 1868 300 1923 S.
313 1868 469 1922 Antoninus
479 1872 557 1936 parte
568 1863 649 1929 n‚tit.
663 1861 726 1916 ube
740 1862 803 1933 gula
815 1876 866 1932 cap
886 1878 906 1925 ι,
923 1860 958 1933 §l
972 1862 1058 1917 solius
1112 1860 1232 1917 Ponclter
1244 1879 1337 1935 eorum
1350 1866 1492 1921 antistitis.
1507 1864 1606 1920 flortor
1616 1884 1658 1921 uos
1675 1884 1706 1921 ac
1721 1884 1819 1921 moroeo
1832 1868 1906 1932 Qar-

268 1938 344 1994 lerite
355 1946 438 1994 serae
452 1935 584 1991 nresuinit.
597 1933 629 1987 ln
641 1934 694 2004 lege
702 1932 828 1987 Ecclesiae
838 1932 990 2001 prohibetur
999 1949 1059 1986 esus
1111 1930 1289 2002 dragesimam
1309 1935 1342 1989 al
1365 1935 1581 1990 Ecclesiasticus
1604 1937 1759 1991 ordinatam
1791 1948 1906 2005 tempora

268 2014 390 2063 carisium
405 2018 481 2065 senta
496 2006 563 2075 [cria
575 2021 621 2074 per
635 2013 717 2057 totum
736 2020 835 2057 annum
851 2012 876 2057 et
886 2002 1015 2071 injustiis,⁸
1034 2010 1060 2059 et
1111 2020 1225 2073 congruo
1239 2004 1373 2075 jejunare,
1389 2015 1430 2067 ct,
1453 2006 1532 2060 aelati
1551 2018 1708 2062 censuerant
1731 2010 1809 2063 sacri
1828 2024 1907 2061 ιιιιιι·

269 2080 404 2133 lacticinia
418 2081 445 2133 in
457 2076 667 2147 ryaaadrapeshua.
690 2073 724 2127 Et
734 2088 795 2144 cap.
811 2088 850 2138 ιι,
877 2072 890 2143 5
905 2074 922 2127 3
936 2073 1060 2142 ejusdem
1111 2090 1167 2135 aes,
1185 2075 1350 2142 acarnidus,
1366 2077 1443 2141 lacte,
1454 2092 1540 2142 caseo,
1551 2076 1653 2149 butyro.
1665 2080 1734 2143 osis,
1751 2087 1809 2134 ete.
1827 2078 1907 2133 absti-

268 2152 340 2204 tstuli
362 2170 369 2204 ι
396 2148 430 2203 ln
447 2146 571 2203 Sublatis
589 2144 721 2199 concedere
736 2160 828 2198 carnes
848 2144 874 2197 in
886 2143 951 2197 locis
964 2142 1008 2197 adi
1021 2152 1060 2197 est
1111 2160 1180 2198 itere.

269 2216 684 2275 carisrtetudoanniuersaliteraon
696 2214 806 2278 comedi,
823 2214 993 2278 mortaleest,
1006 2222 1058 2267 ete.
1148 2215 1215 2271 Cum
1231 2231 1297 2271 uero
1315 2215 1469 2287 dispensari
1489 2217 1571 2289 eoepit
1585 2218 1613 2273 in
1634 2234 1683 2273 esu
1705 2218 1815 2291 butyri,
1833 2218 1909 2273 idea

267 2308 342 2346 sectas
362 2292 386 2345 si
404 2288 564 2344 consuetudo
580 2288 675 2356 patrie
692 2284 760 2355 qaod
780 2284 963 2348 corraduntur,
984 2294 1013 2337 ut
1032 2284 1060 2338 ia
1112 2286 1269 2341 conditione
1287 2286 1389 2342 lactum
1411 2296 1463 2351 est,
1479 2298 1509 2343 ut
1524 2288 1662 2359 quidpiam
1676 2290 1704 2343 in
1721 2288 1863 2344 fabricant
1883 2298 1910 2343 et

268 2360 398 2425 Francia,
416 2358 579 2417 catalaunia
592 2367 616 2412 et
635 2358 698 2410 aliis
713 2355 844 2425 partibus,
855 2356 919 2425 quia
932 2364 994 2409 tanc
1007 2364 1061 2409 sta·
1112 2358 1326 2412 emolumentum
1341 2357 1469 2414 Ecclesiae
1487 2360 1634 2423 solverem,
1648 2360 1758 2415 seilicet
1810 2375 1911 2429 uperes

270 2432 342 2486 ditur
352 2429 543 2491 consuetudini,
558 2428 622 2483 ‘litl-
635 2428 679 2482 Η.
693 2426 747 2481 Illa
758 2434 855 2480 aulem·
1111 2427 1283 2494 xdenarios;
1302 2428 1453 2485 riiediocres
1467 2446 1503 2485 xx
1520 2438 1548 2485 et
1562 2429 1659 2485 divites
1673 2446 1739 2485 xxx.
1786 2434 1858 2484 estis
1870 2440 1910 2485 est

304 2502 417 2572 Propter
436 2500 505 2572 qaod
524 2500 630 2553 minime
646 2497 767 2553 canadas
790 2505 837 2550 aut
854 2496 923 2549 inter
941 2492 1061 2549 Francos
1112 2512 1144 2552 ea
1164 2498 1334 2553 corisuetudo
1353 2515 1413 2569 quae
1439 2500 1572 2556 hactenns
1595 2500 1667 2570 uiget
1689 2500 1717 2554 in
1740 2500 1910 2569 quibusdan

272 2572 407 2644 butyrum,
419 2580 473 2627 etc.
489 2570 578 2626 Locus
588 2570 725 2625 intellectu
736 2566 864 2630 difficilis.
879 2566 1006 2622 necabis
1021 2566 1063 2619 hi·
1112 2566 1206 2623 Galliae
1219 2569 1400 2634 dioecesibus,
1417 2571 1534 2627 niaxtne
1551 2571 1723 2634 Camutensi,
1739 2580 1772 2625 at
1784 2572 1849 2641 ipso
1869 2572 1912 2625 die

268 2644 417 2698 storiarum
430 2642 605 2698 monimentis
623 2639 822 2703 conciliandus,
837 2653 898 2692 cum
910 2638 1062 2707 praesertim
1113 2639 1235 2703 Paschae,
1251 2647 1313 2710 post
1332 2641 1494 2697 matutinam
1514 2650 1543 2697 et
1558 2641 1745 2711 vespertinam
1768 2642 1909 2713 synaxim,

269 2712 431 2769 familiarem
449 2712 596 2767 admodum
626 2710 698 2781 apud
722 2707 843 2762 Francos
868 2724 949 2762 usum
972 2706 1063 2778 butyri
1113 2724 1253 2765 sacrorum
1277 2719 1425 2833 yroxeneta
1453 2726 1503 2782 pro
1528 2712 1633 2767 laribus
1657 2710 1792 2767 Ecclesiae
1811 2714 1911 2768 dana

270 2783 366 2850 luisse,
381 2784 499 2839 maxime
509 2782 635 2844 Parisiis,
653 2780 699 2835 uhi
709 2779 755 2834 diu
770 2779 863 2833 doaiiit
877 2776 984 2841 l‘ulhis,
1000 2794 1062 2832 cer·
1114 2778 1204 2849 Panes
1217 2796 1261 2835 sos
1294 2796 1393 2846 curres,
1414 2790 1443 2835 ut
1461 2783 1561 2854 singuli
1577 2798 1626 2853 pro
1643 2782 1687 2838 sui
1703 2790 1797 2837 status
1816 2782 1911 2837 cond·

270 2854 408 2909 tissimum
423 2854 469 2918 sit,
488 2854 569 2923 idque
584 2851 750 2906 sufficienter
766 2851 882 2920 probent
893 2849 986 2920 plures
998 2864 1065 2902 con·
1114 2851 1188 2905 tione
1208 2852 1372 2907 constitutos
1387 2850 1514 2908 denarios
1530 2854 1632 2908 viritim
1649 2854 1773 2907 sutram.
1797 2852 1841 2907 Ex
1861 2869 1911 2922 qua

270 2925 397 2981 ciliorum
414 2922 508 2978 Galliae
525 2938 655 2984 canones,
671 2921 771 2991 quibus
785 2920 915 2975 indicitur
926 2920 1065 2974 abstineri·
1114 2922 1230 2989 pecunia
1254 2922 1294 2977 sic
1314 2922 1429 2977 collecta
1453 2924 1613 2979 edificatam
1640 2923 1718 2977 aiunt
1744 2922 1911 2993 liotboxnagi

270 2996 309 3050 tia
334 3010 350 3049 a
369 2995 418 3050 but
436 3009 468 3049 ro
490 3002 612 3063 tempore
635 2992 873 3061 Quadragesimae,
897 2997 928 3043 ut
948 3005 1008 3059 cap.
1029 2988 1065 3043 ld
1115 2992 1224 3057 turrim,
1236 3007 1319 3063 quam
1333 2994 1479 3049 vernacule
1495 2995 1609 3049 dicunt:
1626 2992 1666 3047 La
1682 3003 1745 3047 taur
1760 2994 1794 3047 de
1808 2998 1912 3048 terme.

270 3080 303 3120 ca
324 3066 384 3121 itul.
402 3010 572 3135 lbeodulphi
589 3062 796 3119 Aurelianensis
811 3060 945 3131 episcopi,
960 3070 1018 3141 etc..
1151 3060 1192 3117 Ex
1206 3064 1307 3133 quitatis
1324 3064 1487 3147 colligimus,
1504 3080 1566 3119 eum
1586 3065 1644 3119 haec
1661 3079 1678 3118 a
1700 3064 1806 3136 butyro
1830 3066 1913 3119 atissa

332 3152 398 3191 aare
421 3152 482 3192 curn
503 3134 698 3190 eruditissimis
722 3133 790 3188 viris
814 3130 920 3185 loaisae
942 3130 1064 3201 Baptista
1117 3133 1207 3186 nentia
1226 3133 1380 3203 religiosius
1393 3151 1421 3190 m
1435 3132 1522 3190 Gallia
1536 3150 1617 3204 quarn
1630 3134 1704 3204 apud
1722 3136 1837 3191 vicinas
1853 3151 1914 3204 gen-

271 3205 425 3271 Soueheto,
445 3205 547 3261 lacoho
568 3202 730 3266 Sirmondo,
752 3211 780 3258 et
794 3200 925 3273 Dionysio
942 3200 1063 3281 Patauio,
1078 3176 1098 3233 C
1116 3211 1158 3259 tcs
1167 3204 1325 3267 obtinuerit,
1335 3220 1389 3260 non
1401 3206 1499 3259 mirum
1510 3220 1570 3263 esse
1581 3206 1604 3260 si
1614 3213 1728 3259 cautum
1740 3222 1845 3261 corun
1855 3222 1916 3259 crn-

270 3293 340 3347 qnos
357 3293 425 3333 voce
435 3284 483 3331 aut
500 3277 604 3347 scripto
623 3274 750 3336 conteni,
768 3289 830 3328 reor
845 3273 970 3341 equidem
990 3273 1065 3343 (licet
1117 3274 1238 3329 scientiae
1253 3276 1345 3331 solens
1359 3275 1464 3341 Pullus,
1477 3276 1572 3331 sedulo
1584 3283 1695 3331 moneat
1711 3286 1831 3333 exteros
1846 3276 1914 3346 apud

270 3348 326 3403 alio
339 3348 480 3403 collimare
501 3348 646 3403 rideantur
666 3346 788 3400 auctoris
802 3344 896 3413 rerba)
918 3357 980 3397 eum
996 3342 1065 3395 allu-
1116 3360 1164 3399 eos
1180 3345 1359 3401 adventantes
1378 3356 1407 3400 ut
1427 3346 1532 3401 vitandi
1549 3346 1672 3403 scandali
1693 3362 1795 3407 eausa.
1810 3347 1914 3401 ιιιειιιιιι

270 3420 336 3475 dere
351 3419 385 3473 ad
404 3418 477 3472 illam
497 3416 760 3488 quadragesimalem
780 3414 973 3469 abstinentiam
988 3427 1003 3465 a
1019 3414 1066 3467 bu·
1116 3416 1216 3486 butyro
1240 3417 1436 3487 supersedeant
1458 3418 1492 3471 ad
1512 3425 1635 3488 tempus;
1660 3424 1691 3471 ut
1715 3418 1752 3473 de
1775 3418 1842 3472 aliis
1858 3420 1915 3487 qut

271 3498 343 3552 trro,
361 3505 421 3561 quae
438 3498 503 3545 tunc
518 3489 650 3558 temporis
666 3486 692 3539 ui
712 3486 775 3541 ehat
788 3486 814 3539 in
830 3482 928 3549 Gallia,
950 3497 1066 3554 quaeque
1117 3485 1232 3541 husdam
1251 3487 1335 3551 cibis,
1354 3502 1447 3558 parem
1462 3488 1498 3543 ob
1516 3502 1627 3544 eausam
1647 3490 1785 3545 censebat
1798 3489 1914 3559 Aposto-

271 3550 388 3615 necdum
414 3560 523 3630 penitus
553 3560 655 3628 ubique
680 3502 820 3611 Ggallorum
848 3556 984 3609 exstincta
1011 3561 1063 3611 est.
1117 3558 1168 3612 lus.

273 3630 361 3697 Quam
377 3637 405 3684 et
418 3630 491 3699 apud
505 3638 615 3685 exteras
629 3637 724 3698 aetites
740 3625 963 3695 antiquissimam
980 3623 1066 3680 lauisse
1152 3626 1366 3683 Antiateralios
1381 3626 1730 3699 constructionibus
1745 3629 1808 3701 lege
1822 3646 1917 3699 repra·
1976 3638 1977 3687 ἴ

274 3698 687 3762 testaturCarolusGuillard,c
707 3695 1021 3768 iseopusCarnotensis,
1038 3694 1066 3749 in
1116 3696 1210 3752 batum
1228 3713 1305 3754 esum
1320 3698 1532 3769 altiiputamus,
1550 3700 1656 3755 ratione
1676 3706 1777 3757 tamen
1796 3703 1917 3771 pertina-
1976 3734 1977 3743 .

273 3772 385 3826 statutis
406 3770 584 3841 synodalibus
600 3770 665 3824 anni
685 3716 779 3824 ibat:
807 3764 874 3822 Cum
893 3765 1067 3847 abstinentia,
1117 3767 1157 3823 cis
1178 3767 1271 3824 odoris
1293 3784 1345 3825 nee
1363 3769 1432 3825 hene
1454 3769 1550 3839 probi.
1566 3771 1754 3825 eonrmuniter
1776 3772 1918 3841 repudiari

273 3841 374 3911 inquit,
391 3841 424 3893 ab
435 3858 485 3897 usu
496 3841 584 3912 butyri
593 3850 618 3895 et
630 3840 823 3895 lacticiniorum
837 3838 871 3891 sit
885 3837 917 3890 da
933 3852 1067 3890 camorana
1117 3847 1223 3893 certum
1233 3846 1285 3895 est.
1300 3837 1376 3897 Unde
1386 3838 1517 3895 Horatius
1531 3840 1655 3911 Epodon,
1667 3840 1722 3895 ode
1736 3840 1775 3897 3:

252 3910 256 3918 '
272 3912 423 3981 etantiqua
441 3911 567 3966 Ecclesia
580 3911 755 3965 institutione.
769 3908 837 3972 bno,
853 3915 883 3961 ut
900 3908 993 3961 volunt
1008 3905 1065 3971 alii,
1154 3908 1276 3965 Parentis
1287 3910 1350 3965 olins
1361 3912 1385 3965 si
1398 3910 1456 3981 qais
1471 3912 1553 3981 impia
1567 3927 1648 3967 manu

273 3983 446 4054 promulgata
457 3998 473 4037 a
484 3981 651 4052 Telesphoro
663 3996 743 4052 papa,
756 3980 943 4050 apostolorum
951 3977 1066 4059 ricinis·
1159 3978 1248 4035 Seaile
1261 3990 1353 4051 guttur
1366 3981 1483 4052 fregerit,

274 4053 361 4119 simo;
378 4054 457 4122 cujos
471 4052 610 4109 decretum
624 4053 724 4107 iterum
740 4056 901 4106 renovatum
913 4063 927 4101 a
937 4047 1067 4102 Patribus
1159 4049 1230 4104 Edat
1242 4052 1336 4106 cicsttis
1346 4052 1441 4106 alliam
1456 4050 1600 4107 nocentius.

274 4135 358 4179 sestae
372 4124 481 4187 syriudi.
500 4124 569 4179 Cium
583 4124 657 4179 enirn
678 4122 707 4176 in
722 4121 851 4175 Armenia
867 4118 995 4174 Sabbatis
1009 4125 1068 4171 tan·
1116 4118 1173 4175 Nee
1186 4122 1314 4177 dissentit
1332 4123 1366 4176 ab
1384 4130 1497 4178 auctore
1511 4130 1606 4179 nostro
1632 4120 1735 4179 Petrus
1755 4122 1917 4179 Abalardus

273 4203 330 4248 tarn
351 4184 547 4249 et'bomiaicis
565 4193 662 4249 diebus
676 4193 705 4247 in
733 4190 946 4261 Quadragesima
969 4202 1067 4244 vesce—
1118 4199 1181 4261 post
1201 4190 1386 4256 Ambrosium,
1406 4194 1453 4316 qui
1477 4194 1511 4249 de
1526 4192 1638 4248 visando
1657 4194 1798 4249 scandalo
1819 4198 1918 4264 pariter

273 4273 369 4320 rentur
387 4265 481 4320 lideles
497 4266 557 4319 osis
577 4271 605 4318 et
623 4264 740 4335 butyro,
763 4267 840 4317 sexta
858 4259 979 4331 synodus
994 4258 1068 4313 Con·
1119 4263 1243 4318 scribens
1258 4264 1304 4319 ιιι.
1320 4280 1347 4326 s,
1364 4263 1391 4316 in

274 4336 520 4406 stantinopolitana
542 4336 602 4404 lege
622 4333 730 4399 sanxit,
752 4334 775 4388 si
795 4332 857 4402 quis
873 4346 924 4384 ova
938 4330 1066 4401 butyrum
1120 4332 1190 4387 705:
1211 4352 1220 4383 ι
1237 4330 1266 4387 Si
1286 4335 1343 4389 llaec
1361 4334 1388 4388 in
1411 4334 1848 4405 apostolisetapostolicisriris,
1864 4352 1920 4405 qne

273 4408 376 4462 edisset
390 4407 418 4460 in
431 4404 665 4475 Quadi-agesimo,
685 4411 715 4459 ut
732 4403 850 4458 clericus
872 4401 1067 4471 deponeretur,
1119 4404 1258 4457 comraria
1272 4404 1410 4470 videatur,
1422 4406 1579 4476 diligentius
1598 4405 1625 4458 in
1638 4405 1698 4475 ipsa
1716 4405 1825 4461 radicis
1835 4409 1920 4461 interr

274 4476 361 4532 laicus
375 4478 669 4538 excommunicaretur,
690 4481 720 4530 ut
735 4474 815 4529 habet
829 4471 930 4527 llosius
941 4471 1068 4525 cardina-
1118 4473 1192 4527 tione
1206 4474 1404 4538 discutiamus,
1418 4475 1586 4545 reperiemus
1601 4478 1658 4529 haec
1671 4484 1702 4531 et
1717 4477 1766 4529 illa
1783 4493 1837 4547 pru
1856 4486 1920 4531 tesn-

274 4546 320 4610 lis,
333 4562 394 4617 cap.
408 4548 439 4602 9ι
456 4546 494 4601 ιιι
508 4546 704 4602 ceremoniisa
714 4553 837 4614 tempore
849 4542 976 4611 sumptis.
988 4540 1068 4607 Quod
1084 4522 1105 4579 Ι)
1119 4558 1186 4613 pore
1200 4552 1227 4599 et
1249 4546 1310 4600 loco
1331 4545 1412 4601 modo
1431 4544 1598 4617 prohibenda
1616 4560 1689 4610 esse,
1713 4546 1802 4601 moda
1822 4562 1920 4601 ιιιιιοι-

274 4615 753 4688 etiamabAnglisnoriteradhdem
768 4613 911 4670 conversis
926 4612 1068 4667 observari
1119 4614 1224 4679 denda,
1254 4624 1280 4671 et
1306 4632 1504 4687 nonnunquam
1519 4617 1547 4670 in
1566 4616 1706 4686 aliquibus
1727 4618 1920 4687 prohibendis,

276 4686 386 4750 dehere,
403 4696 433 4741 ut
448 4689 574 4759 generale
587 4694 719 4744 statutum
728 4684 867 4748 Ecclesia,
880 4682 960 4738 docet
969 4680 1069 4763 Grego·
1119 4686 1208 4757 magis
1220 4685 1254 4740 de
1270 4686 1413 4743 honestate
1427 4688 1491 4743 vitae
1500 4701 1581 4757 quiam
1592 4687 1626 4741 de
1633 4687 1773 4757 religione
1782 4689 1849 4743 lidei
1861 4706 1921 4759 pra·

275 4758 335 4813 rins
345 4757 500 4829 Augustino
509 4759 665 4813 rescribens
679 4777 686 4813 ι
702 4757 807 4811 seilicet
817 4762 846 4809 ut
856 4754 956 4825 quihus
971 4754 1069 4809 diebus
1118 4756 1208 4811 risum
1226 4771 1298 4812 esse.
1316 4755 1361 4811 Sic
1380 4758 1498 4812 enimin
1516 4757 1630 4813 lienam.
1645 4756 1676 4812 B.
1694 4756 1871 4814 Ambrosias
1887 4760 1922 4811 at-

276 4844 293 4881 a
314 4842 397 4884 carsae
414 4829 605 4884 abstinendum
629 4834 691 4891 est,
710 4826 750 4880 illi
770 4826 854 4882 etiam
876 4823 1032 4879 abstineant
1052 4839 1068 4878 a
1119 4826 1186 4881 lium
1202 4826 1320 4909 quodad
1333 4827 1502 4883 medicamen
1520 4828 1744 4889 ssimironeedit.
1776 4830 1813 4883 ad
1833 4830 1920 4885 cilum

276 4898 384 4971 butyro.
401 4897 432 4953 ln
445 4900 539 4954 isaaritis
550 4908 641 4954 tamen
652 4897 802 4969 prouinciis
814 4896 920 4950 licitum
935 4902 996 4949 erat
1011 4894 1069 4951 die·
1118 4898 1191 4951 sumi
1214 4898 1364 4959 interdicit.
1381 4899 1454 4968 quod
1471 4898 1575 4953 scilieet
1590 4898 1676 4952 letore
1700 4898 1796 4968 ipsius
1817 4902 1920 4955 honesti

276 4970 329 5024 hus
345 4970 443 5040 ieiunii
464 4979 540 5024 extra
554 4967 797 5039 Quadragesimam
816 4982 850 5021 eo
868 4966 959 5029 vead,
987 4981 1068 5021 sectas
1120 4967 1170 5021 viri
1188 4968 1267 5023 tacite
1281 4968 1512 5024 scandalizentur.
1533 4966 1578 5022 Sic
1597 4968 1672 5023 etde
1693 4972 1847 5025 nonnullis
1867 4972 1922 5024 airas

277 5040 305 5095 in
320 5041 382 5097 aliis
400 5061 407 5095 :
424 5041 542 5111 hincque
552 5041 646 5094 lorsan
660 5046 753 5092 natum
769 5037 927 5093 sraisdalum
943 5035 1009 5090 illud
1024 5037 1068 5106 (de
1120 5038 1221 5095 ritibus
1233 5039 1303 5095 cibis
1314 5048 1428 5112 propter
1443 5040 1615 5095 honestatem
1625 5041 1855 5095 corrserrandarn
1870 5042 1922 5095 fieri

276 5127 332 5181 qao
346 5112 390 5167 hie
403 5110 510 5180 Pullus)
524 5110 560 5164 oh
574 5109 761 5164 diversitatem
776 5123 886 5167 assirim,
902 5108 947 5160 cui
957 5116 1067 5161 cautum
1119 5109 1267 5165 credimus.
1287 5130 1297 5163 ι

277 5182 364 5237 roluit
375 5182 512 5253 superiori
520 5180 676 5251 epigraphe.
692 5178 731 5233 Ad
740 5180 813 5245 quod
825 5177 949 5247 apposite
959 5177 1070 5233 disserit
1157 5178 1231 5235 Unde
1247 5188 1272 5234 et
1290 5198 1383 5236 caseus
1392 5182 1454 5251 jure
1466 5182 1583 5251 gentiunt
1604 5181 1828 5247 esuiconcessss,
1838 5200 1856 5237 ι
1867 5200 1922 5237 ssa·

279 5252 432 5310 Antoninus
446 5260 523 5322 parte
539 5266 569 5313 n,
584 5251 662 5305 titulo
676 5249 703 5312 6,
721 5248 771 5320 55,
781 5249 819 5303 De
830 5248 971 5303 lacticiniis
980 5258 1069 5301 atrum
1120 5250 1201 5305 uallis
1211 5250 1264 5321 sere
1282 5254 1359 5322 quasi
1372 5253 1452 5322 pestis
1461 5253 1569 5307 nitatur.
1579 5247 1757 5307 lnreteribus
1770 5254 1920 5325 angien·

278 5324 378 5392 praesint
400 5323 500 5378 comedi
521 5323 549 5376 in
570 5321 802 5392 Quadrupesima?
830 5317 945 5382 «Nota,
968 5318 1067 5388 inquit,
1120 5322 1366 5379 constitutionibus
1385 5324 1420 5378 ad
1433 5323 1542 5379 titulum
1553 5322 1593 5376 Dc
1606 5321 1729 5387 decianis,
1749 5323 1829 5379 harae
1851 5341 1919 5397 repe

299 5394 352 5448 uod
367 5394 391 5449 si
407 5395 470 5463 quis
485 5394 514 5448 in
527 5392 641 5463 jejuniis
655 5396 690 5447 ah
704 5390 826 5445 Ecclesia
841 5390 975 5445 institutis
990 5397 1069 5445 extra
1120 5392 1207 5449 rimus
1223 5392 1298 5449 casei
1312 5395 1577 5451 commendationem
1599 5392 1647 5448 sad
1668 5393 1704 5449 ab
1726 5394 1785 5451 alio
1815 5395 1922 5454 desm-

278 5408 531 5536 buadragesimam.
546 5464 666 5519 comedit
679 5461 816 5515 lacticinia
830 5461 858 5514 in
868 5461 936 5515 locis
947 5459 992 5513 uhi
1004 5474 1071 5513 con-
1119 5472 1211 5534 ptain:

280 5540 387 5589 arietum
411 5543 526 5590 estnon
546 5534 704 5598 comedere,
727 5539 867 5602 peceatum
884 5540 935 5585 est.
953 5528 1028 5585 Alias
1046 5528 1071 5585 si

280 5612 442 5659 essrrsnetam
463 5612 506 5660 est
533 5604 600 5657 talia
624 5603 730 5658 comedi
755 5602 937 5657 communiter
958 5601 1001 5656 ael
1040 5616 1070 5655 ro
1124 5614 1217 5670 agrian
1231 5613 1324 5653 meuses
1338 5598 1686 5661 medicaatsssenacirnss,

282 5672 379 5742 majori
400 5681 493 5743 parte,
514 5682 627 5743 ροιιιιιιι
643 5674 759 5736 ιιιιιιιιιι,
780 5672 813 5725 ιιι
830 5670 894 5725 dist.
911 5686 968 5738 cap.
985 5686 993 5723 :
1012 5616 1070 5723 lbr-
1160 5669 1212 5724 Sed
1222 5677 1309 5723 tamen
1323 5671 1448 5741 ipraorant
1462 5686 1509 5723 «rar
1521 5678 1676 5723 nocumenta
1689 5668 1790 5737 [eram.

283 5758 355 5802 naris.
370 5753 424 5797 etc.
442 5742 495 5797 Sed
512 5760 562 5813 pro
578 5744 675 5811 sirajori
690 5742 876 5798 declaratione
895 5741 1004 5803 ιιιιιιιιιι,
1020 5739 1071 5795 l‘e·
1124 5740 1249 5809 Erytertis
1263 5756 1322 5793 reor
1332 5758 1387 5795 esse
1402 5752 1488 5794 ratam
1503 5756 1555 5810 quta
1569 5738 1758 5795 carinaoditnte

283 5820 342 5866 trus
353 5816 387 5869 de
398 5813 498 5870 Pallade
513 5814 541 5868 in
556 5829 593 5879 tv,
605 5813 669 5870 dist.
688 5814 731 5878 lii,
745 5812 785 5869 sic
797 5812 876 5867 docet
889 5832 895 5869 :
907 5832 915 5863 ι
932 5812 1070 5869 Cortrestio
1160 5810 1305 5887 Latagucnti
1320 5811 1454 5869 stuirsaclto
1467 5828 1559 5867 caseus
1571 5808 1644 5865 addit
1658 5826 1745 5877 ιιιιιι,

1430 4264 1493 4334 pist.
1516 4262 1718 4320 adhumanas:
1736 4266 1780 4319 sic
1793 4268 1844 4329 ait,
1862 4282 1918 4335 pag.
