3967 6334
121 271 178 326 {tl'l
585 275 619 330 lN
641 275 739 332 unani
759 275 806 332 EX
823 273 992 344 obnubuit
1013 273 1296 334 clamaturum.
1711 285 1764 345 518

161 383 249 443 Neruo
261 386 393 453 attendit,
409 388 437 445 id
450 397 494 447 est
506 389 657 446 ascendere
671 390 737 446 lacit
750 389 784 446 ad
798 390 921 445 emineu-
934 391 958 449 A
972 389 1066 455 eredit,
1077 390 1137 461 jem
1153 391 1292 461 judicatos
1312 398 1362 456 eat,
1386 408 1449 463 qnae
1470 411 1522 450 nort
1542 395 1652 452 credidit
1674 401 1701 454 in
1716 417 1765 460 ao-

121 479 191 535 tiam
202 480 399 551 supetmaevitae
409 483 514 554 nitiqni
524 484 587 540 inde
600 484 733 540 descendit
746 484 919 541 humiliando

122 587 168 635 se,
184 572 278 637 idest,
300 571 321 626 F
324 573 387 628 ilius
406 574 465 640 Dei,
484 574 532 646 qui
552 584 596 632 est
614 575 733 632 Verbum
754 575 856 641 Patris,
868 593 920 632 no-

122 671 214 720 stram
237 665 404 722 assumendo
427 667 635 740 indomitatem,
660 671 811 726 secundum
837 687 920 742 quam

121 759 229 814 dicitur
243 760 334 815 minor
353 759 444 824 Patre.
474 761 630 829 Descendit,
655 765 776 834 inquam,
798 780 848 836 per
867 765 920 821 boc

122 849 216 908 Filius
229 852 349 909 bominis
361 853 486 920 effeetus,
498 856 545 926 qni
559 863 651 914 tamen
666 859 694 914 in
709 859 780 914 coelo
794 866 849 922 εει,
867 859 920 914 hoc

122 953 181 1009 est,
197 945 227 1000 in
241 944 286 1000 illa
300 947 457 1016 aequalitate
470 947 561 1006 Patris
574 965 657 1022 quam
672 959 736 1007 ante
749 953 852 1008 habuit.
867 952 921 1010 ds·

124 1052 243 1093 sumens
266 1039 368 1110 quippe
389 1041 462 1110 quod
486 1056 543 1097 non
564 1053 634 1110 erat,
657 1060 713 1099 non
736 1046 829 1102 amisit
847 1047 921 1117 quod

123 1137 199 1184 erat.
217 1128 363 1205 [lutose]
376 1131 465 1189 Aliter
478 1154 485 1189 ε
500 1133 573 1191 Deus
587 1137 756 1192 divinitatem
772 1153 850 1193 snam
864 1153 920 1194 non

125 1223 270 1294 indignam
284 1226 395 1281 censuit
413 1227 525 1284 nomine
548 1228 597 1284 alti
618 1229 750 1297 hominis,
774 1231 846 1287 sicut
860 1248 922 1288 car-

125 1334 192 1374 nem
206 1334 286 1375 stram
300 1320 430 1392 diguatus
445 1331 488 1380 est
511 1325 624 1381 nomine
640 1322 701 1380 Filii
717 1325 776 1391 Dei,
792 1343 827 1382 ne
841 1328 921 1397 quasi

125 1411 186 1466 drro
198 1412 302 1470 Christi
316 1414 485 1471 dicerentur.
508 1415 542 1470 Et
558 1417 596 1472 ita
616 1433 665 1488 per
680 1418 839 1474 distantiam
851 1419 921 1474 divi·

125 1504 227 1559 nitatis
240 1512 268 1560 ει
282 1505 460 1570 infirmitatis,
484 1504 571 1564 Filius
585 1506 634 1564 Dei
648 1509 777 1564 manebat
789 1511 819 1564 in
831 1510 921 1577 coelo,
944 1529 952 1544 ·

971 483 1042 536 mine
1056 485 1183 553 uniqeniti
1199 482 1265 538 Filii
1278 482 1339 540 Dei.

948 593 954 604 ⁸
1008 575 1135 634 Nondum
1149 578 1277 649 apparuit
1289 577 1435 648 judicium,
1452 581 1500 636 sed
1514 581 1569 652 jam
1585 583 1687 638 laetum
1701 591 1763 646 εει.

972 669 1054 724 Novit
1077 671 1149 725 enim
1174 670 1304 724 Dominus
1328 673 1373 742 qni
1396 681 1457 727 tnrrt
1481 674 1538 745 ejus
1563 676 1606 748 (ΙΙ
1627 683 1696 746 l't'm.
1721 695 1765 766 u)-

973 761 1118 838 [duousr]
1137 763 1217 820 Novit
1230 765 1277 836 qui
1301 779 1480 837 permaneant
1498 773 1531 826 ad
1554 792 1694 850 coronam,
1719 793 1767 860 qui

972 854 1006 909 ad
1022 853 1170 914 flammam.
1189 858 1269 914 Novit
1285 862 1314 916 in
1328 879 1391 919 area
1406 881 1455 922 sua
1469 871 1603 938 triticum,
1621 879 1698 933 novit
1718 897 1768 952 pa-

971 947 1053 1014 leam,
1069 950 1146 1004 novit
1159 963 1288 1024 segetem,
1308 956 1385 1010 notit
1405 967 1433 1012 ει
1448 959 1563 1019 zizania.
1579 963 1638 1022 Non
1655 983 1703 1026 eos
1718 988 1769 1028 au-

972 1040 1090 1106 diamus,
1105 1043 1152 1111 qui
1166 1053 1267 1117 negant
1285 1062 1318 1101 ex
1336 1047 1394 1138 Ιιιοε
1415 1049 1476 1108 ιυεο
1489 1053 1561 1109 diem
1582 1058 1679 1126 judieii
1694 1062 1769 1120 intu-

971 1146 1044 1186 rum.
1063 1131 1162 1190 Dicunt
1177 1137 1270 1193 enim:
1294 1137 1322 1194 Si
1338 1149 1365 1196 et
1379 1142 1424 1198 ille
1441 1146 1486 1214 qni
1500 1146 1593 1212 credit,
1617 1168 1669 1208 non
1685 1158 1768 1212 reniet

972 1221 1000 1276 ιιι
1010 1223 1139 1292 judicium
1151 1242 1160 1280 .·
1171 1237 1198 1284 ει
1209 1230 1252 1284 ille
1262 1232 1308 1302 qui
1320 1248 1371 1286 non
1385 1234 1478 1302 credit,
1490 1237 1550 1309 joon
1557 1241 1696 1310 judicetur
1707 1260 1764 1305 est:

973 1316 1020 1370 ubi
1036 1325 1102 1398 sunt
1117 1334 1187 1390 quos
1203 1321 1379 1390 judicaturus
1392 1334 1434 1383 est
1449 1326 1582 1388 Domitius
1597 1335 1624 1390 in
1640 1335 1684 1393 die
1694 1339 1769 1408 judi-

973 1410 1032 1464 cii?
1048 1409 1109 1466 Non
1130 1413 1286 1486 intelligunt
1309 1421 1477 1488 praeteritum
1502 1429 1610 1496 ιειιιριιε
1635 1432 1699 1501 poni
1718 1447 1768 1503 pro

973 1501 1077 1558 loturo.
1097 1503 1164 1559 Nam
1187 1507 1327 1578 judicatus
1352 1519 1404 1576 cst,
1432 1512 1534 1571 dieitur
1558 1520 1704 1580 damnatus
1725 1531 1771 1582 εει

125 1598 204 1656 tilius
225 1599 346 1655 borniuis
369 1601 529 1656 ambulabat
549 1602 579 1656 in
604 1609 687 1659 terra.
713 1601 766 1658 Per
787 1603 922 1660 unitatem
973 1598 1021 1656 Dei
1038 1603 1226 1674 praescientia,
1241 1609 1287 1678 qui
1303 1611 1380 1666 novit
1392 1613 1459 1683 quid
1482 1615 1625 1672 immineat
1639 1631 1693 1672 non
1708 1633 1771 1674 cre·

125 1708 196 1748 vero
209 1707 336 1762 personae
349 1710 411 1764 quae
425 1694 452 1749 in
467 1694 575 1751 duobus
586 1696 694 1751 naturis
709 1711 780 1752 uuus
794 1697 922 1753 Christus
973 1695 1112 1762 dentibus,
1128 1707 1154 1754 ει
1172 1701 1219 1756 ubi
1242 1703 1353 1770 dieitur,
1377 1723 1432 1762 non
1455 1711 1546 1766 veniet
1567 1713 1600 1768 ad
1613 1713 1745 1782 judicium
1759 1731 1768 1779 ;

124 1791 181 1846 εει,
196 1791 225 1840 ει
240 1783 326 1841 Filius
340 1784 389 1841 Dei
409 1786 567 1842 ambulabat
587 1787 615 1841 in
637 1796 720 1852 terra,
736 1796 763 1843 et
777 1788 849 1843 idem
864 1790 924 1858 ipse
940 1781 1014 1842 Dita
1026 1786 1229 1860 intelligendum
1242 1801 1294 1858 est,
1307 1811 1362 1850 non
1373 1798 1463 1854 veniet
1474 1800 1507 1854 ad
1518 1800 1731 1861 damnationem,

125 1875 203 1932 filins
218 1877 338 1935 bominis
351 1879 454 1935 dicitnr
472 1878 651 1937 descendisse
672 1882 706 1937 de
726 1882 808 1951 coelo,
821 1890 848 1938 ει
860 1891 924 1940 ante
1012 1875 1070 1931 Hoc
1092 1889 1131 1932 est
1152 1890 1238 1936 antem
1255 1884 1407 1954 judicium,
1432 1891 1495 1960 quio
1511 1891 1557 1945 ltro
1569 1894 1638 1948 uenit
1651 1896 1679 1949 in
1693 1913 1771 1951 mnn-

125 1973 288 2043 passionem
303 1973 391 2030 inisse
404 1974 434 2029 in
452 1976 533 2031 ceelo.
559 1974 663 2032 Sensus
675 1991 742 2048 erqo
757 1985 821 2034 est:
838 1976 924 2033 Nemo
975 1966 1049 2034 dum,
1065 1979 1089 2025 et
1103 1971 1253 2030 dilexeram
1266 1975 1384 2033 tournines
1399 1983 1483 2052 inopia
1499 1983 1618 2040 terrebros
1632 2003 1712 2057 qnam
1728 1989 1771 2044 ln-

124 2065 250 2121 aseendit
265 2067 293 2121 in
307 2067 411 2132 coelunt,
431 2081 552 2138 namque
572 2068 726 2134 descendit,
747 2078 779 2124 ut
793 2070 822 2124 in
836 2070 885 2125 illo
896 2077 925 2126 et
976 2077 1042 2116 com.
1056 2057 1142 2118 Erant
1155 2067 1224 2122 enim
1239 2085 1330 2126 eornm
1345 2074 1417 2128 arola
1430 2091 1519 2145 opero.
1536 2079 1629 2134 Omnia
1643 2083 1712 2135 enim
1726 2085 1771 2154 qui

124 2174 192 2212 cum
217 2160 265 2215 illo
289 2175 375 2216 unum
399 2167 512 2224 essent,
537 2161 584 2232 qui
610 2177 659 2232 per
682 2161 759 2217 illum
782 2163 925 2219 ascensuri
976 2155 1046 2209 male
1060 2157 1125 2224 epit,
1142 2158 1197 2215 odit
1211 2161 1313 2228 lneem;
1328 2175 1352 2219 et
1368 2171 1501 2224 conuenit
1515 2171 1550 2225 od
1565 2171 1659 2238 lucem,
1675 2183 1704 2229 ιιι
1718 2193 1771 2230 rtou

124 2260 218 2306 erant.
237 2251 372 2309 Dominus
387 2253 521 2320 aseendit,
537 2269 639 2326 corpus
653 2263 743 2312 autem
757 2273 814 2311 non
828 2271 925 2313 ascen·
976 2257 1124 2316 “sanamur
1134 2265 1213 2320 ‘tatto
1223 2252 1290 2323 ejot-

124 2343 181 2412 dit,
205 2345 254 2401 sed
278 2346 397 2401 leuatum
421 2348 515 2403 estin
539 2350 650 2413 emittm,
678 2350 724 2404 illo
749 2351 857 2406 levante
877 2352 925 2422 qui
1011 2339 1151 2396 iuditium
1166 2343 1234 2399 dieu
1248 2357 1377 2403 :uternam
1394 2349 1608 2420 damnationem,
1632 2358 1705 2427 quod
1720 2361 1772 2416 erit

125 2439 267 2494 ascendit.
285 2437 430 2513 [intutu]
454 2439 483 2495 Si
503 2441 566 2512 quis
586 2442 659 2497 enim
673 2441 832 2507 descendat,
848 2442 925 2497 verbi
976 2449 1032 2490 non
1047 2451 1215 2506 cognoscere
1231 2438 1327 2504 Deum,
1344 2443 1416 2498 sieut
1430 2454 1532 2500 eterna
1547 2448 1601 2504 vita
1618 2456 1660 2504 est
1674 2467 1772 2522 coqtro-

127 2531 233 2601 gratia,
257 2531 293 2587 de
316 2540 409 2588 monte
429 2533 530 2598 nudus,
557 2549 619 2589 enm
646 2541 737 2589 autem
760 2535 924 2598 ascenderit,
976 2543 1055 2584 scere
1068 2545 1142 2586 euru.
1163 2529 1232 2597 Quia
1247 2533 1392 2601 tonuerit,
1416 2536 1535 2592 Verbum
1549 2539 1654 2596 scilicet
1669 2542 1697 2596 in
1710 2557 1773 2598 ear-

125 2625 230 2680 vestiat
243 2640 273 2680 se
287 2632 362 2681 recte
374 2625 470 2697 utique
484 2625 621 2690 dicimus,
643 2643 719 2681 nemo
734 2625 852 2682 aseendit
867 2628 923 2680 nisi
976 2637 1050 2684 nem,
1067 2631 1094 2678 et
1108 2623 1211 2680 excitat
1233 2635 1261 2682 et
1281 2636 1371 2684 movet
1394 2629 1519 2686 homines
1540 2647 1706 2703 cognoscere
1722 2649 1773 2691 sua

125 2715 177 2784 qni
186 2713 336 2779 descendit·
346 2723 511 2775 necvestem
522 2717 730 2773 consideramus
740 2733 821 2787 quam
832 2731 925 2773 secum
976 2714 1048 2768 mala
1059 2715 1196 2786 inquibus
1213 2734 1309 2776 omnes
1324 2729 1399 2784 sunt,
1417 2721 1540 2792 proiecto
1554 2725 1592 2778 illi
1601 2724 1771 2795 judicantur,

126 2807 241 2872 levavit,
256 2807 306 2864 sed
320 2808 411 2879 ipsum
431 2809 478 2880 qui
490 2810 609 2866 vestitus
629 2818 683 2876 est,
702 2812 792 2867 solum
806 2810 926 2866 dicimus
976 2808 1024 2876 qui
1039 2808 1167 2874 oderunt,
1184 2811 1376 2888 admonentem
1392 2813 1479 2870 luceru
1492 2833 1500 2884 ;
1515 2824 1542 2872 et
1556 2815 1662 2888 fugant,
1678 2835 1713 2874 ne
1727 2833 1774 2873 ar·

126 2900 302 2958 ascendisse.
976 2907 1097 2969 quaritur
1110 2903 1182 2958 mala
1196 2918 1302 2968 eorum,
1324 2921 1385 2976 qum
1409 2915 1474 2963 sunt
1488 2909 1625 2980 impietus,
1643 2909 1773 2966 incredu-

166 2993 203 3048 m
216 2996 286 3050 sient
300 2994 404 3067 linquet
417 2995 545 3052 exaltavit
558 3008 702 3067 serpentem
716 2998 745 3051 in
759 2995 872 3059 deserto,
887 2996 926 3049 ita
978 2992 1052 3057 litas,
1067 2994 1161 3049 odium
1181 3003 1290 3052 «eternae
1311 2999 1393 3063 lucis,
1419 3007 1447 3055 et
1467 3001 1540 3057 nolle
1564 3017 1623 3057 eam
1639 3003 1772 3074 aspicere,

126 3087 249 3143 exultari
264 3097 365 3160 oportet
380 3089 468 3160 filium
486 3089 609 3153 bominis,
634 3098 663 3143 ιιι
684 3089 769 3143 omnis
784 3089 830 3159 qni
843 3085 926 3142 eredit
940 3128 961 3187 c
978 3084 1027 3142 sed
1043 3086 1110 3142 velle
1124 3087 1152 3142 in
1167 3089 1289 3146 tenebris
1303 3100 1479 3161 peecatorum
1494 3108 1645 3152 remanere.
1674 3081 1775 3166 Utique

126 3184 157 3236 in
173 3183 412 3252 ipsorummet,
428 3181 474 3236 aed
488 3179 583 3237 babent
598 3184 680 3238 uitam
696 3191 834 3238 eternam.
977 3177 1069 3236 enanis
1083 3179 1130 3250 qui
1150 3187 1193 3234 εει
1214 3180 1368 3237 ιιιιειιιιιιιιε
1392 3185 1468 3249 mali,
1490 3201 1553 3240 omn
1580 3201 1673 3242 amore
1686 3189 1776 3259 ipsius

167 3271 321 3347 [deorsus]
340 3272 477 3332 Pertaesus
490 3273 519 3330 in
532 3291 625 3331 eremo
641 3274 715 3346 longi
729 3273 831 3330 laberis
844 3287 929 3344 popu·
977 3271 1043 3326 titali
1059 3279 1199 3342 operatur,
1224 3273 1282 3329 odit
1301 3275 1400 3340 lucem,
1423 3292 1484 3346 quae
1505 3276 1608 3348 detegit
1629 3279 1723 3334 mala:
1748 3287 1775 3336 et

126 3363 176 3423 lus
189 3366 286 3430 lsrael,
299 3366 480 3422 murmuravit
490 3373 588 3421 contra
602 3365 749 3421 Dominum
763 3372 791 3421 ει
804 3364 926 3436 lioysen,
979 3361 1018 3416 ita
1034 3379 1089 3417 non
1104 3364 1178 3420 venit
1193 3366 1228 3420 ad
1248 3366 1348 3430 lucem,
1375 3375 1405 3422 ut
1422 3369 1448 3424 ei
1464 3369 1613 3440 iungentum
1630 3371 1679 3426 sed
1693 3368 1772 3442 fugit,

128 3461 251 3534 ideoque
260 3460 394 3518 Dominus
404 3461 519 3517 immisit
529 3461 557 3516 in
567 3461 643 3516 illum
654 3461 757 3532 ignitos
775 3466 926 3530 serpentes.
978 3471 1013 3510 ne
1028 3458 1098 3511 uiola
1113 3473 1173 3528 quse
1186 3457 1274 3528 diligit
1288 3466 1449 3530 arguantur.

127 3555 203 3612 Cum
224 3554 308 3626 igitur
332 3553 440 3627 ltoyses
464 3562 583 3619 orasset,
606 3554 691 3624 jussit
715 3569 777 3609 eum
795 3552 928 3608 Dominus
1015 3544 1068 3612 Ωιι·
1078 3554 1165 3600 entem
1178 3546 1241 3615 lecit
1253 3548 1399 3610 ueritatem,
1412 3547 1481 3600 uenit
1493 3543 1528 3600 ed
1540 3545 1634 3611 lucent,
1649 3555 1678 3600 ιιι
1689 3549 1775 3602 moni·

128 3649 224 3705 iacere
238 3655 393 3719 serpentem
407 3663 524 3712 aeneum,
549 3656 577 3703 et
590 3647 678 3718 plagis
692 3662 839 3718 percussos
853 3646 928 3716 aspi·
978 3639 1107 3709 sectentur
1118 3656 1195 3708 opero
1207 3640 1275 3710 ejus,
1288 3641 1389 3712 quintin
1400 3639 1455 3694 Deo
1466 3639 1538 3708 [octo
1550 3649 1622 3694 snut.

129 3757 197 3798 cere
211 3741 241 3796 in
260 3757 324 3796 eum
344 3748 374 3797 ue
395 3740 529 3796 viverent,
552 3739 698 3812 [auem]
718 3738 769 3806 Qui
791 3746 856 3796 sunt
871 3753 930 3794 ser.
1014 3729 1083 3797 eria
1098 3729 1206 3784 initium
1232 3729 1296 3784 boui
1314 3738 1356 3785 est
1378 3729 1517 3786 accusatio
1536 3729 1612 3794 ruali,
1628 3729 1775 3786 veritatem

128 3843 232 3906 pentes
251 3833 431 3890 mordentes?
452 3832 580 3889 Peccata.
605 3832 673 3899 Quis
692 3847 806 3902 serpens
825 3830 928 3886 exalta·
979 3822 1054 3888 satit.
1071 3823 1098 3877 'td
1120 3831 1173 3886 tsi·
1192 3837 1225 3878 ea
1245 3837 1306 3893 tluae
1324 3823 1426 3878 totilas
1445 3821 1533 3892 tubal,
1555 3822 1712 3893 quicunque
1726 3819 1776 3876 td·

129 3928 203 3983 tus?
217 3925 341 3983 blortuus
360 3924 493 3982 Dominus
516 3927 544 3980 in
566 3940 658 3990 eruce,
683 3925 731 3994 qui
752 3938 801 3993 per
813 3921 928 3992 elligiem
979 3916 1101 3971 monitus
1115 3930 1162 3985 per
1176 3916 1275 3981 lucem,
1299 3929 1350 3972 sua
1368 3915 1440 3970 mala
1455 3921 1578 3979 accusat,
1597 3922 1627 3969 ut
1641 3914 1700 3970 baec
1713 3913 1775 3984 ejus

129 4021 272 4091 serpentis
285 4019 429 4091 figuratur,
445 4019 510 4090 quia
524 4033 540 4072 a
555 4025 682 4089 serpente
696 4032 780 4072 mors.
796 4014 928 4070 Liberan-
979 4009 1122 4064 accusatio
1145 4016 1173 4062 et
1197 4007 1250 4062 alia
1274 4007 1346 4064 bona
1368 4023 1429 4078 qnae
1453 4005 1538 4072 iacit,
1563 4005 1776 4063 manifestentur

129 4121 182 4168 tur
193 4127 261 4183 ergo
273 4112 322 4184 qni
335 4127 398 4168 eum
414 4111 466 4166 lide
479 4112 632 4174 intuentur,
648 4125 663 4162 a
679 4107 765 4179 plagis
781 4106 929 4177 ignitorum
979 4100 1053 4170 quod
1065 4099 1264 4155 illuminatione
1276 4098 1368 4154 divina
1384 4097 1455 4152 laerta
1471 4104 1546 4154 sunt.
1564 4095 1709 4170 [arouse]
1723 4096 1776 4163 Qui

130 4205 318 4276 serpentium,
334 4205 361 4260 id
377 4212 419 4260 est
432 4205 467 4258 ab
480 4203 627 4260 incentivis
640 4201 780 4264 vitiorum,
797 4214 857 4269 quae
870 4198 929 4252 ani·
979 4195 1039 4248 vult
1052 4209 1117 4264 ergo
1131 4195 1224 4250 venire
1237 4193 1271 4247 ad
1287 4193 1385 4255 lucem,
1402 4207 1457 4246 non
1472 4197 1578 4245 tanturn
1597 4205 1612 4244 a
1625 4189 1776 4260 grandibus

130 4314 210 4354 mam
223 4303 347 4368 pungunt
358 4297 387 4351 in
399 4303 526 4351 mortem.
970 4303 1010 4343 ‘se
1023 4287 1144 4358 peccatis
1157 4285 1304 4348 abstineat,
1321 4285 1368 4342 sed
1382 4285 1464 4340 etiam
1479 4299 1495 4338 a
1510 4283 1664 4338 minoribus
1679 4296 1774 4336 vertum

170 4391 218 4447 stc
230 4392 300 4445 euim
318 4388 413 4444 dilexit
434 4387 505 4443 Deua
524 4385 662 4448 mundum,
683 4393 713 4438 nt
734 4383 835 4438 Filium
853 4399 929 4438 snum
980 4379 1181 4436 confessionem
1193 4377 1284 4441 iaciat,
1296 4377 1427 4446 quoniam
1439 4376 1517 4446 plura
1531 4375 1636 4430 minuta
1648 4381 1772 4445 peecata,

130 4487 300 4555 enipeuitnm
313 4484 401 4547 daret,
423 4491 453 4539 att
471 4481 557 4536 omnia
579 4479 625 4550 qni
644 4476 728 4532 eredit
748 4478 776 4531 in
793 4491 864 4542 enm,
878 4490 931 4529 rtort
946 4481 968 4535 l)
981 4475 1005 4531 si
1021 4473 1202 4546 negligantur,
1217 4469 1355 4528 occidunt.
1371 4469 1438 4526 Nam
1454 4471 1567 4525 tuinutae
1581 4475 1664 4540 guttae
1674 4466 1776 4526 ilunren

130 4589 238 4643 nerent,
253 4577 299 4634 ted
312 4575 407 4632 belem
421 4576 502 4630 uitam
516 4582 655 4628 oeternum.
983 4567 1107 4638 implent,
1125 4572 1153 4622 et
1168 4564 1272 4620 minuta
1286 4579 1370 4636 grana
1385 4579 1484 4627 arettae,
1501 4563 1524 4618 si
1540 4563 1626 4617 multa
1643 4561 1710 4626 sint,
1727 4576 1776 4631 op-

169 4672 267 4743 Aperit
280 4685 393 4726 eausam
409 4668 537 4723 humanae
550 4665 664 4728 salutis,
686 4663 861 4720 dilectionem
875 4661 930 4717 sci-
982 4662 1105 4733 primunt
1115 4674 1223 4715 navem.
1239 4656 1272 4711 Et
1286 4657 1339 4711 boc
1353 4655 1418 4711 lacit
1431 4656 1538 4712 scrutina
1554 4655 1689 4727 neglecta,
1702 4654 1774 4724 quod

131 4766 200 4820 licet
220 4762 268 4819 Dei
290 4761 382 4816 Patris
401 4775 435 4816 ex
455 4773 510 4830 quo
533 4764 577 4813 est
596 4754 686 4811 omnis
710 4752 876 4809 restauratio
889 4753 932 4808 vel
982 4753 1082 4809 Ductus
1098 4753 1216 4817 irruens,
1233 4748 1366 4821 paulatim
1379 4750 1464 4804 intrat
1477 4763 1548 4820 aqua
1562 4763 1612 4818 per
1627 4747 1774 4809 sentinam,

133 4856 278 4914 institutio
292 4870 341 4926 per
354 4852 456 4908 Filium
471 4865 551 4908 suum
565 4849 594 4907 in
608 4847 714 4920 Spiritu
726 4854 833 4903 saneto.
858 4844 933 4902 ldem
983 4846 1032 4904 sed
1050 4845 1095 4900 diu
1115 4843 1244 4898 intrando
1266 4849 1293 4898 et
1313 4857 1368 4896 iton
1390 4839 1587 4902 exinaniendo,
1607 4840 1706 4909 mergit
1725 4853 1775 4892 na-

134 4948 207 5004 dicit
218 4962 253 5003 ex
268 4943 340 5000 Filio
354 4943 414 5008 Dei,
429 4943 504 5014 quod
521 4957 605 5013 supra
619 4957 652 4997 ex
667 4939 722 4996 lilio
736 4938 857 4995 bominis
872 4953 933 4994 cre-
983 4956 1054 4996 vem.
1072 4937 1105 4991 Et
1118 4936 1182 5007 quia
1198 4933 1270 4990 Deus
1284 4941 1444 5004 peccatores
1459 4932 1576 5004 flagellat
1591 4931 1625 4985 ad
1640 4929 1773 4986 emunda·

135 5040 235 5096 dentes
248 5038 401 5108 consequi,
427 5044 458 5092 ut
471 5036 519 5107 qui
534 5051 583 5106 per
603 5049 685 5104 quem
704 5034 732 5087 in
752 5032 853 5088 deitate
866 5045 933 5086 con·
984 5034 1086 5087 tionem
1102 5029 1130 5084 in
1146 5028 1199 5082 lroc
1215 5025 1326 5089 saeculo,
1342 5024 1412 5080 terto
1426 5033 1531 5096 patrem
1545 5023 1725 5086 erudientem,
1738 5035 1773 5076 ne

136 5134 189 5190 diti
202 5146 309 5198 sumus,
322 5146 373 5202 per
383 5129 508 5185 eumdem
521 5128 547 5181 iu
559 5126 670 5182 bomine
681 5131 878 5180 restauremur.
984 5125 1087 5182 sentias
1098 5122 1218 5194 jndicem
1229 5120 1399 5192 punientem.

175 5200 323 5280 &eueniat
343 5223 416 5278 misit
436 5220 508 5275 Dent
529 5219 630 5274 Filium
651 5234 729 5272 snum
752 5217 779 5270 iu
795 5215 932 5276 mundaum,
1319 5229 1350 5316 Α
1407 5209 1439 5321 Sp

1358 5291 1370 5315 ⁸

137 5330 168 5374 ιιι
177 5318 281 5389 judicet
294 5315 434 5377 mundum,
456 5311 501 5368 sed
515 5320 545 5366 ιιι
565 5310 680 5366 soluetur
697 5308 811 5366 mundat
830 5323 877 5377 per
891 5306 932 5375 ip-

139 5431 209 5470 sum,
1022 5385 1054 5441 m
1067 5387 1163 5442 reuersi
1175 5394 1236 5440 sunt
1251 5382 1427 5452 unusquisqne
1438 5379 1466 5434 itt
1479 5377 1586 5432 domum
1597 5393 1684 5433 suom.
1695 5374 1774 5430 leant

174 5507 257 5563 licuit
272 5502 399 5559 Salvator
421 5511 451 5555 ut
475 5499 574 5560 salt-et,
591 5511 646 5551 non
666 5501 696 5549 ut
712 5493 828 5564 judicet,
850 5491 934 5546 idest
984 5491 1073 5538 antem
1087 5480 1200 5550 perrexit
1216 5476 1250 5532 nd
1271 5484 1385 5534 montem
1407 5472 1503 5528 Olineti
1513 5513 1521 5537 ,
1537 5481 1562 5526 et
1576 5469 1693 5524 diluculo
1706 5468 1774 5522 uertit

139 5602 252 5655 damnet
266 5617 273 5652 :
289 5595 343 5651 Sed
363 5594 386 5648 si
399 5591 541 5663 judicatur
556 5589 648 5654 bomo,
662 5602 696 5642 ex
711 5601 741 5642 se
752 5583 856 5646 babuit,
870 5581 933 5653 quia
984 5581 1080 5634 iternru
1095 5577 1122 5632 iu
1137 5574 1270 5644 templum.
1289 5571 1323 5626 m
1336 5571 1420 5626 ornetis
1434 5569 1546 5639 populna
1562 5567 1630 5628 uenit
1642 5563 1676 5620 od
1690 5581 1750 5620 enm
1764 5604 1773 5630 ,

984 5680 1010 5726 et
1021 5669 1111 5726 sedent
1123 5665 1231 5722 docebat
1242 5680 1285 5718 eos

1021 5763 1148 5822 Reversis
1161 5759 1307 5822 universis,
1321 5758 1368 5828 qui
1383 5752 1468 5812 seruo
1485 5750 1592 5809 inerarrt
1604 5763 1668 5806 eum
1685 5746 1720 5802 dc
1731 5759 1759 5814 ,cp
1775 5805 1780 5816 ,

139 5709 195 5750 nou
207 5689 337 5746 credidit.

166 5790 222 5862 Qui
242 5788 328 5846 ‘credit
343 5789 371 5842 ιἰι
384 5801 454 5851 euru,
477 5801 528 5839 non
539 5781 686 5854 judicetur.
712 5778 766 5854 Qut
778 5783 865 5832 antem
882 5791 933 5836 trop

1967 5933 1972 6089 ᾧ
