3967 6334
119 316 175 370 ΥΠ

563 310 597 367 lu
618 311 717 370 buum
736 311 782 368 EX
803 311 973 382 QUATUOR
992 307 1097 366 Lmen
1116 299 1310 368 SECUNDUS.

1702 311 1760 367 Μ’

118 431 169 486 alii
179 429 209 484 in
220 427 436 494 damnationem,
450 435 477 485 et
489 434 555 484 tunc
568 428 699 486 discretio
714 429 812 500 judicii
830 444 915 500 eppa·
930 432 954 487 Α
968 426 1042 498 quod
1056 427 1173 484 interius
1188 425 1271 482 corde
1280 425 1421 482 bominum
1431 423 1465 479 ed
1479 439 1523 480 me
1537 428 1755 498 cognoscendum

119 517 202 582 rebit.
218 521 510 594 Audientuocemejus,
527 523 643 592 bocest,
661 525 779 581 sentient
801 525 916 582 manile-

117 617 242 674 statione
255 616 325 688 ejus.
343 615 392 672 Vel
410 615 561 686 ipseJudex
575 632 671 674 rocem
696 619 801 674 emittet
824 619 917 674 burna·

116 724 195 775 nam,
209 709 253 764 rel
265 723 314 778 per
337 709 449 778 angelos
461 707 635 775 formabitur,
657 709 737 780 justa
750 709 816 764 illud
838 708 913 766 Psal-

116 801 228 858 mistae:
243 799 370 855 Ascendit
385 799 515 856 Dominus
531 802 558 856 in
577 818 637 857 uoce
655 801 734 856 tubos.

154 891 219 947 Non
232 909 340 963 possunt
354 909 400 964 epo
419 893 544 963 ameipso
554 893 698 965 quidquam
711 893 806 963 iacere,
823 892 869 949 sed
878 895 915 948 si-

967 516 1102 575 accendit.

1128 608 1250 714 n,‘*
1223 685 1249 717 ι,
1283 625 1346 713 Μ.
1383 606 1429 656 ¹¹²
1462 625 1515 712 L
1552 605 1598 656 ¹¹⁹

1002 751 1094 822 Neque
1108 769 1194 807 uocem
1203 757 1261 824 ejus
1273 769 1390 824 uuquam
1407 753 1532 818 audistis,
1550 769 1630 824 nermo
1644 753 1757 822 speciest

965 844 1022 915 ejus
1037 844 1150 900 uidistis.

1000 934 1030 991 ln
1053 937 1105 991 boc
1126 936 1248 991 ostendit
1272 937 1454 992 substantiam
1479 936 1632 992 divinitatis
1650 933 1752 992 ineam·

833 1028 840 1041 ⁶
886 1076 901 1088 ..
965 1029 1177 1102 prehensibilem
1196 1045 1257 1085 esse
1279 1039 1306 1083 et
1325 1029 1502 1095 invisibilem,
1522 1045 1672 1100 vocemque
1694 1029 1755 1100 ejus

152 1076 292 1148 Explanat
306 1075 380 1147 quod
388 1075 504 1140 dixerat,
516 1082 679 1147 potestatem
687 1075 762 1131 dedit
772 1077 798 1132 ei
806 1075 912 1146 judicu.

964 1139 1020 1178 uon
1034 1122 1095 1194 cupi
1111 1137 1177 1178 sure
1192 1122 1307 1186 carnali,
1320 1122 1368 1177 sed
1391 1128 1499 1176 tuntum
1513 1121 1692 1193 spiritualiter
1713 1123 1756 1176 iu-

115 1164 168 1221 litt
177 1182 286 1236 possunt
301 1184 319 1221 o
331 1168 428 1236 meipso
443 1166 550 1238 facere:
572 1167 652 1238 quasi
663 1163 750 1232 ilicet,
767 1183 783 1222 a
810 1167 914 1239 meipso
1016 1215 1021 1226 .
1043 1214 1050 1226 .

113 1274 175 1314 uon
190 1275 271 1328 sum;
287 1259 336 1316 sed
350 1259 470 1324 aPatre‚
488 1274 503 1313 a
518 1275 572 1330 quo
585 1268 613 1314 et
626 1275 689 1314 cum
703 1274 758 1330 quo
774 1257 845 1314 lucio
855 1275 912 1314 om·

113 1351 173 1406 nia.
188 1351 266 1408 Sicut
280 1353 371 1420 audio,
384 1353 475 1419 idest,
487 1355 559 1408 sicut
571 1353 691 1426 intelligo
711 1370 760 1426 per
781 1356 914 1410 unitatem

113 1444 285 1499 substantiae
299 1445 333 1500 ab
343 1445 420 1498 illos
440 1461 494 1515 quo
506 1460 578 1510 sum,
595 1445 632 1500 ita
643 1445 745 1516 judico.
762 1445 912 1520 [dusinus]

114 1533 165 1592 Vel
178 1535 239 1592 ita:
256 1536 313 1608 Ego
326 1535 414 1594 Filius
428 1536 559 1602 bominis,
586 1539 655 1594 nihil
676 1555 692 1594 ιι
719 1555 762 1596 me
781 1555 911 1627 posstuu;

113 1629 165 1684 sed
179 1630 254 1686 sicut
268 1630 351 1686 audio
365 1646 381 1684 a
397 1629 452 1686 Deo
464 1629 571 1701 judico.

459 1762 512 1850 t.
549 1743 580 1856 i

149 1907 182 1964 Si
203 1925 251 1980 epo
270 1909 449 1964 testimonium
468 1909 588 1980 perhibeo
607 1907 639 1965 dc
660 1927 710 1979 ιιιι,
726 1911 907 1966 testimouium

113 2017 206 2056 meunt
217 2017 269 2056 non
280 2011 320 2057 cst
331 2017 430 2057 uerum.

965 1215 1061 1286 telltgt.

1303 1323 1337 1411 Α
1394 1306 1424 1355 ΕΞ

1345 1388 1356 1409 ⁶
1400 1383 1418 1417 1

1000 1449 1035 1505 tu
1051 1451 1156 1506 uerbum
1170 1451 1227 1522 ejus
1244 1467 1295 1504 uon
1310 1451 1412 1506 ltabctis
1426 1451 1453 1505 in
1468 1451 1539 1505 uobis
1555 1466 1675 1516 manens,
1691 1449 1756 1520 prtia

963 1559 1040 1615 quem
1055 1545 1129 1598 misit
1142 1543 1197 1608 illc,
1213 1543 1275 1598 ltuic
1290 1560 1334 1598 uos
1350 1559 1403 1598 non
1418 1541 1535 1598 creditis.

999 1633 1120 1692 Verbum
1134 1636 1281 1706 quoderat
1295 1636 1324 1690 iu
1338 1635 1485 1706 principio,
1500 1642 1527 1690 et
1548 1651 1597 1706 per
1607 1634 1680 1706 quod
1694 1648 1756 1705 pos·

964 1731 1030 1788 setis
1045 1731 1079 1786 ad
1093 1730 1183 1786 Patris
1209 1730 1302 1786 venire
1327 1729 1522 1800 cognitionem,
1545 1744 1602 1783 non
1619 1736 1712 1783 mouet
1725 1727 1756 1783 in

965 1824 1097 1882 cordibus
1110 1825 1228 1891 restris3
1244 1825 1310 1896 qnia
1322 1825 1366 1880 bis
1386 1840 1447 1896 qum
1463 1823 1580 1878 audistis
1594 1839 1610 1877 a
1624 1839 1678 1888 nte,
1697 1837 1755 1878 nan

963 1917 1087 1982 creditis,
1102 1919 1248 1973 netellam
1265 1916 1428 1987 scripturis,
1443 1914 1516 1970 unde
1529 1915 1672 1984 sequitur:

1000 2006 1164 2063 Scrutamini
1188 2005 1352 2078 Scripturas,
1380 2009 1443 2078 quia
1470 2007 1626 2076 uosputatis
1647 2006 1673 2060 irr
1688 2005 1756 2073 ipsis

148 2090 298 2158 Quomodo
310 2100 402 2148 sutem
416 2107 522 2158 verum,
543 2092 597 2149 nisi
611 2093 763 2150 secundum
779 2096 912 2150 carnemt
963 2099 1045 2155 uitam
1058 2109 1185 2156 aternam
1198 2099 1303 2154 ltobcrc.
1320 2097 1355 2152 Ει
1370 2098 1425 2153 illue
1440 2097 1755 2170 suutpuatectimoninnt

113 2182 196 2240 Unde
218 2185 304 2242 stibi:
330 2184 361 2241 Si
375 2185 495 2256 purifica
520 2186 657 2254 meipsum,
671 2186 758 2258 picria
785 2203 845 2241 mea
870 2187 911 2240 ni-

113 2277 154 2333 bil
171 2287 225 2334 est.

962 2190 1097 2261 perbibent
1110 2190 1143 2246 de
1157 2207 1208 2256 me,
1218 2199 1243 2244 ct
1257 2206 1309 2244 non
1322 2187 1401 2244 uultis
1411 2190 1498 2243 uenire
1512 2187 1613 2252 adme,
1624 2196 1653 2240 ut
1668 2187 1752 2242 uitam

963 2283 1093 2338 babeatis.

149 2367 234 2423 Alius
248 2377 288 2425 est
307 2371 352 2441 oui
374 2370 554 2425 testimonium
575 2368 691 2439 portitor
711 2369 744 2424 tic
756 2387 807 2435 me,
820 2376 845 2426 et
857 2371 912 2426 scio
998 2378 1068 2434 Dum
1090 2394 1144 2443 me,
1160 2379 1207 2450 qod
1228 2393 1291 2432 sum
1303 2381 1370 2444 vlla,
1386 2377 1517 2448 abjicitis,
1538 2377 1623 2430 vitam
1642 2376 1670 2430 in
1682 2372 1755 2431 Scri-

111 2461 180 2532 quia
196 2477 288 2516 rernm
300 2471 343 2516 est
356 2463 536 2518 testimonium
549 2461 618 2534 quod
629 2461 746 2533 perbibet
757 2462 789 2517 de
800 2479 850 2519 me.

963 2473 1054 2543 pluris
1066 2488 1122 2528 non
1138 2468 1293 2535 invenietis,
1309 2478 1336 2528 et
1353 2479 1445 2528 tamen
1459 2485 1506 2540 per
1520 2485 1552 2524 ea
1567 2484 1628 2539 qum
1639 2468 1691 2523 illae
1706 2466 1754 2522 do-

148 2549 182 2608 ln
198 2555 377 2625 sequemmus
394 2555 515 2612 ostendit
525 2556 588 2627 quis
602 2556 638 2612 sit
647 2555 704 2620 ille,
716 2555 763 2611 ubi
775 2556 832 2612 nit:
859 2555 913 2622 Qui
964 2568 1038 2625 cent,
1056 2576 1112 2616 uon
1136 2560 1220 2615 tultis
1234 2559 1328 2616 venire
1355 2557 1389 2614 ad
1414 2574 1468 2623 me,
1491 2559 1519 2612 id
1539 2565 1582 2614 est
1597 2556 1710 2613 credere
1725 2556 1753 2611 in

112 2646 191 2700 misit
201 2663 242 2702 nte
252 2645 345 2712 Pater,
353 2650 408 2718 ipse
420 2648 599 2704 testimonium
607 2648 738 2719 perbibuit
749 2647 782 2703 de
793 2664 843 2704 me.
855 2647 913 2704 lloc
964 2670 1018 2718 me,
1034 2660 1065 2708 ut
1080 2653 1203 2709 habentis
1217 2653 1302 2706 vitam
1316 2666 1400 2723 qurum
1413 2651 1441 2705 in
1452 2650 1522 2721 ipsis
1530 2650 1663 2720 utrmritis.

111 2737 306 2792 tssumonium
317 2737 369 2792 luit
379 2737 408 2793 in
420 2738 569 2808 baptismo.
582 2736 652 2805 Quia
661 2739 764 2794 veritas
776 2736 908 2805 estDeus,

109 2845 178 2886 uera
195 2836 264 2886 sunt
278 2830 437 2887 testimonia
452 2833 523 2901 ejus.

1001 2743 1159 2802 Claritatem
1178 2742 1211 2798 ab
1230 2742 1378 2798 bominibus
1393 2759 1446 2796 non
1461 2742 1571 2812 accipio,
1587 2742 1634 2796 scd
1647 2741 1754 2812 coenosi

964 2852 1020 2900 uos,
1036 2835 1099 2907 quio
1113 2833 1280 2890 dilectionem
1293 2832 1343 2888 Dei
1353 2849 1405 2886 non
1419 2830 1520 2887 ltabetis
1530 2833 1558 2886 in
1572 2831 1654 2886 uoltis.
1683 2886 1686 2893 ,

149 2921 207 2978 Vos
219 2923 332 2978 misistis
346 2922 381 2977 ad
391 2921 534 2989 loannem,
550 2931 575 2977 et
588 2921 911 2996 testimoniumpcrbibuit
1000 2926 1153 2982 Hutnunam
1169 2926 1277 2981 leudem
1290 2941 1346 2981 nen
1362 2941 1465 2997 quaero,
1482 2940 1533 2981 nee
1547 2925 1678 2980 bonorem
1692 2939 1753 2981 cer-

110 3015 234 3070 neritati.
249 3013 306 3086 Epo
315 3022 404 3068 autern
425 3030 478 3068 non
489 3013 521 3068 ab
532 3013 637 3069 dominc
645 3013 825 3069 testimonium
839 3014 911 3068 acci·

964 3021 1066 3085 nalem,
1082 3019 1129 3091 qui
1143 3019 1205 3075 teni
1219 3017 1286 3073 dare
1297 3018 1468 3089 spiritualem
1481 3035 1488 3085 ;
1504 3017 1551 3073 sed
1567 3016 1645 3072 robis
1658 3031 1751 3072 erran·

109 3107 165 3174 pio,
177 3104 297 3160 udloec
308 3105 367 3160 dieo
378 3105 462 3171 uobis,
474 3115 557 3161 atuor
568 3105 635 3160 salui
650 3105 719 3160 sitis.
734 3104 785 3160 lile
801 3114 860 3160 crnt
871 3104 946 3181 luc
963 3109 1039 3166 tibus
1051 3110 1193 3175 condoleo,
1209 3109 1275 3180 qula
1297 3123 1354 3163 uon
1370 3108 1478 3164 habetis
1498 3108 1673 3164 dilectionem
1694 3107 1763 3172 bei,

114 3212 199 3251 cerna
215 3195 347 3253 ordenset
360 3197 517 3264 lacoontos
532 3205 620 3251 autem
631 3195 752 3251 uoluistis
766 3194 801 3250 ad
819 3194 912 3251 lteram
962 3213 992 3261 ee
1004 3204 1040 3260 nd
1054 3204 1127 3258 viam
1142 3203 1266 3259 veniretis
1278 3203 1411 3258 reducere
1425 3202 1498 3257 uolo.

110 3287 254 3344 exsultare
264 3289 294 3342 in
305 3289 362 3344 luce
370 3288 439 3359 ejus.

999 3293 1056 3366 Epo
1072 3295 1129 3349 ueni
1140 3298 1167 3348 in
1178 3295 1283 3348 nomine
1299 3293 1390 3348 Patris
1410 3293 1472 3357 ruci,
1486 3300 1511 3346 et
1539 3307 1592 3346 non
1618 3287 1754 3354 accepistis

146 3378 310 3454 [Auernus]
343 3378 487 3435 Perhlbuii
514 3377 634 3436 loannes
662 3380 850 3438 testimonium
878 3382 912 3439 de
962 3405 1013 3444 me.
1030 3387 1061 3443 Si
1076 3388 1147 3442 eiius
1168 3387 1304 3443 ueneritin
1319 3384 1592 3450 uonrinesuo‚ilium
1607 3382 1753 3453 accipietis.

109 3471 230 3528 cbristo
241 3471 495 3542 tunqunmlucerua
506 3471 539 3528 ud
552 3471 909 3532 contundendosinimioos
997 3479 1100 3536 Probat
1121 3479 1186 3550 quio
1204 3479 1314 3535 dilectio
1333 3477 1383 3534 Ilei
1396 3494 1453 3534 nou
1466 3477 1610 3534 estineis.
1621 3474 1679 3546 ligo
1690 3474 1755 3530 reni

108 3562 171 3618 dam
189 3565 267 3620 enirn
289 3564 462 3655 predictum
471 3571 531 3620 crat
552 3565 580 3620 in
599 3567 704 3636 psolmo
719 3569 771 3624 sub
794 3583 911 3640 persono
961 3586 1054 3649 depes
1068 3575 1203 3631 meParer
1232 3574 1408 3646 glorificetur,
1432 3585 1456 3629 ct
1472 3591 1525 3629 uon
1543 3573 1679 3644 accepistis
1701 3589 1752 3632 mc.

109 3653 231 3712 Putris:
248 3633 499 3712 Parauilucernam
510 3655 705 3723 Gltristonteo,·
720 3657 928 3730 inimicoscjus
961 3667 990 3723 id
1014 3677 1058 3724 est
1076 3682 1132 3722 non
1151 3665 1327 3722 credidistis
1321 3683 1349 3720 tn
1377 3682 1430 3730 me,
1444 3667 1493 3722 sed
1517 3663 1675 3737 indepoeua
1690 3678 1758 3734 pec·

109 3747 228 3802 induam
242 3748 417 3820 consummi
426 3764 600 3819 tripertitum
611 3760 699 3805 aulem
717 3751 818 3824 effloreit
822 3753 912 3806 iiten
962 3759 1016 3815 cati
1027 3759 1087 3814 baec
1100 3758 1179 3814 nobis
1193 3759 1256 3814 erit.
1268 3757 1335 3813 Curn
1356 3757 1545 3814 Antichristus
1556 3765 1652 3812 renent
1666 3756 1695 3810 in
1704 3771 1754 3810 no·

108 3841 246 3910 sttpcatlo
258 3857 316 3898 meo
331 3839 420 3914 (Psoi.
432 3839 642 3912 exart).0mnes
656 3843 796 3914 prophetoe
805 3853 832 3900 ct
845 3859 912 3914 apo·
963 3852 1098 3916 orbreseo,
1110 3850 1176 3922 quia
1190 3850 1328 3921 propt-inm
1337 3850 1453 3921 gloriam
1462 3855 1565 3921 quaeret
1579 3858 1607 3904 et
1624 3863 1654 3904 se
1668 3846 1754 3903 Deum

110 3932 178 3988 stoli
191 3941 261 3988 sunt
276 3933 414 4000 lucernae;
430 3932 558 3990 Christus
570 3949 659 3989 uerunt
673 3935 772 4000 iumen,
787 3935 856 4008 quod
877 3937 912 3991 ii·
963 3940 1046 4006 dicet,
1062 3940 1141 3994 illum
1156 3941 1297 4009 accipietis.
1314 3939 1371 3995 lloc
1385 3948 1427 3996 est
1441 3941 1514 4011 qrrotl
1526 3940 1674 4012 Apostolus
1695 3940 1754 3994 ait:

110 4025 232 4080 luminat
251 4041 354 4080 omnem
369 4025 499 4080 haurirem
510 4027 654 4082 oculorium
666 4027 694 4080 ln
709 4026 911 4083 tauromenium
965 4035 1000 4090 lit
1013 4031 1122 4089 credant
1134 4031 1270 4086 oleoducto
1281 4033 1326 4104 quo·
1340 4050 1392 4087 non
1404 4031 1573 4088 crediderunt
1591 4032 1697 4086 seruari
1708 4027 1754 4102 (ll

110 4115 210 4188 (ioan.
220 4117 252 4190 ι).
265 4116 306 4174 Ab
315 4117 427 4174 homine
442 4132 498 4172 non
509 4119 615 4188 occipio
629 4119 817 4175 testimonium
831 4120 911 4190 quusi
964 4123 1053 4178 Tltcss.
1072 4123 1115 4196 ιι).

110 4211 324 4278 necessarimm
348 4209 396 4267 sed
422 4216 517 4266 tamen
535 4211 594 4266 haec
615 4209 677 4268 dico
695 4211 729 4268 de
753 4213 911 4268 testimonio
996 4216 1133 4284 Quomodo
1148 4218 1257 4287 potestis
1272 4233 1316 4272 uos
1332 4217 1446 4282 credere,
1469 4218 1515 4289 pai
1541 4215 1655 4288 ploriam
1669 4212 1701 4268 ab
1716 4214 1754 4268 in-

109 4299 246 4366 loannis,
262 4310 292 4358 ut
301 4317 350 4375 per
363 4303 502 4358 hominem
518 4319 567 4360 vos
578 4303 703 4360 homines
720 4303 754 4358 sd
770 4305 911 4360 veritatem
962 4308 1043 4362 uicem
1060 4308 1191 4377 scripum,
1207 4317 1232 4362 ct
1247 4307 1362 4378 ploriam
1386 4323 1445 4377 que
1460 4323 1477 4360 a
1491 4305 1549 4360 solo
1574 4304 1628 4360 beo
1638 4312 1689 4371 ert,
1701 4320 1757 4358 non·

111 4393 208 4465 ipsam
222 4393 371 4460 ducamini,
387 4400 415 4450 et
438 4395 581 4454 eredentes
603 4395 672 4453 salvi
695 4397 766 4453 sitis.
791 4381 911 4454 Ioannes
961 4399 1105 4471 quaeritis?

111 4487 259 4542 enituerat
270 4483 485 4540 ardenslucerna
496 4485 809 4556 spirituscbaritatis,ct
820 4485 949 4544 lucensi)
997 4489 1058 4547 Non
1080 4491 1216 4564 quianon
1240 4497 1283 4547 est
1308 4498 1403 4563 aperta
1418 4488 1531 4557 ueritas,
1545 4504 1603 4546 non
1626 4489 1752 4555 credunt,

111 4576 221 4632 lumine
242 4575 378 4642 veritatis,
400 4577 576 4634 ostendens'
570 4595 598 4632 ru
622 4577 701 4633 sole
691 4576 910 4647 justitiaeeusul-
965 4584 1014 4639 sed
1029 4583 1094 4655 qula
1119 4582 1248 4656 superbie
1270 4599 1319 4639 eos
1332 4593 1452 4639 excaeesr
1466 4590 1493 4638 et
1513 4582 1627 4638 ambitio
1652 4582 1752 4648 laudis,

111 4669 231 4729 tandum
247 4667 317 4723 iore.
334 4665 390 4724 Vos
406 4675 497 4728 autem
511 4669 663 4726 uoluistis'
656 4687 684 4724 ιιι
705 4670 765 4750 lpce
780 4671 1024 4746 incertumque
1039 4677 1143 4748 appetit
1157 4675 1191 4730 de
1205 4691 1235 4731 se
1249 4675 1402 4731 existimari
1416 4675 1490 4747 quod
1509 4675 1537 4731 in
1549 4691 1578 4731 se
1592 4691 1648 4730 non
1662 4676 1753 4738 babet,

111 4761 196 4831 quasi
212 4759 341 4826 sufficiat,
353 4775 507 4826 remanere,
529 4761 595 4816 dnm
608 4760 743 4818 ioannem
758 4761 908 4818 crederetis

111 4853 258 4910 Christum
273 4867 347 4910 esse.

148 4944 210 5016 Epa
236 4953 325 5000 autem
363 4945 446 5000 babeo
479 4947 658 5002 testimouium
685 4947 772 5018 majus
796 4946 908 5004 ioanne.

112 5037 358 5110 operarumque
381 5037 454 5094 dedit
470 5039 534 5094 milti
545 5038 638 5105 Pater,
661 5049 690 5094 ut
703 5041 838 5112 perficiam
868 5057 909 5104 ea,

110 5131 173 5199 ipsa
189 5130 373 5187 testimonium
383 5130 519 5201 perbibent
530 5132 562 5187 de
574 5150 623 5198 ute,
635 5134 698 5205 puin
713 5133 795 5188 Pater
811 5151 851 5188 rne
861 5136 911 5188 mi-

111 5222 159 5277 sit.
178 5219 215 5276 Et
229 5222 277 5293 qui
287 5223 360 5278 misit
375 5239 416 5279 me
438 5222 532 5288 Rcter,
554 5226 608 5295 ipse
623 5226 804 5282 testimonium
825 5227 912 5296 periti-

113 5311 172 5366 init
189 5312 222 5368 de
235 5330 287 5369 me.

149 5402 257 5460 Verum
276 5404 389 5476 quidem
412 5412 440 5462 et
463 5407 580 5476 perutile
601 5409 695 5464 multis
711 5409 764 5465 luit
786 5412 911 5468 testimo-

962 4773 989 4822 et
1006 4766 1169 4838 supertulios
1190 4783 1221 4822 se
1236 4766 1345 4832 ell'erre,
1369 4767 1511 4823 humilitas
1524 4783 1591 4822 uero
1609 4765 1695 4822 solius
1706 4763 1755 4821 Dei

962 4858 1078 4930 glorium
1088 4857 1196 4929 quaemt,
1212 4858 1293 4929 elque
1307 4858 1359 4913 soli
1370 4858 1477 4929 placere
1488 4857 1601 4929 oppetit.

999 4948 1091 5006 Nolite
1104 4958 1198 5019 putare
1221 4951 1284 5021 quia
1308 4966 1354 5022 epo
1369 4958 1543 5004 accusaturus
1557 4949 1609 5004 sim
1624 4963 1668 5002 nos
1685 4947 1756 5014 apud

962 5041 1082 5096 Patrem.
1096 5039 1145 5096 Est
1158 5043 1203 5113 aui
1218 5051 1326 5096 accusat
1343 5059 1386 5097 uos
1401 5041 1520 5113 diopros,
1535 5041 1564 5094 in
1578 5056 1629 5111 pua
1645 5055 1689 5092 uos
1700 5051 1761 5107 spe·

963 5132 1162 5190 ratissimum
1176 5134 1316 5189 crederetis
1331 5132 1430 5206 llopsi,
1443 5130 1583 5188 crederetis
1600 5129 1718 5224 [oreitap
1728 5137 1755 5183 et

962 5224 1038 5279 milti.
1054 5223 1094 5278 Dr
1103 5242 1144 5280 me
1157 5225 1227 5279 enim
1240 5225 1286 5280 iile
1296 5226 1414 5296 scripsit.

999 5317 1077 5383 Quod
1093 5319 1141 5382 ait,
1157 5317 1303 5387 forsitan,
1297 5319 1390 5374 irrisio
1405 5323 1448 5372 est
1467 5312 1613 5379 increduli,
1629 5327 1687 5369 non
1702 5311 1747 5366 du·

962 5408 1060 5463 bitatio
1079 5409 1227 5480 loquentis.
1254 5408 1319 5466 ideo
1330 5425 1386 5464 non
1409 5423 1520 5474 accuso,
1533 5407 1598 5478 quia
1619 5405 1753 5460 nanneni

113 5493 195 5553 nium
205 5493 333 5562 ioannis,
349 5497 398 5554 sed
413 5497 502 5555 babeo
523 5501 628 5571 majora
642 5501 912 5572 testimoniu'Opera
963 5499 1106 5564 damnare,
1130 5499 1178 5557 sed
1202 5501 1317 5558 salvare.
1335 5500 1442 5573 blopses
1463 5515 1528 5556 nero
1553 5504 1675 5558 accusat.
1690 5495 1755 5566 quia

113 5588 191 5646 euim
207 5588 297 5648 Patris
321 5607 385 5665 quae
402 5607 453 5664 ego
472 5594 618 5652 visibiliter
641 5595 728 5662 lanio,
748 5605 913 5654 attestentur
963 5593 1098 5649 increduli
1112 5594 1180 5651 estis
1193 5595 1253 5649 voci
1264 5594 1338 5651 illius
1353 5609 1408 5666 qua
1429 5593 1487 5649 nit:
1502 5590 1665 5662 Proplrctam
1680 5585 1753 5642 uoltis

112 5683 182 5752 quia
196 5681 277 5742 Pater
293 5700 338 5742 tue
351 5685 437 5742 utisit.
453 5686 487 5742 Et
497 5689 685 5745 testimonium
697 5688 786 5746 Putris
800 5698 854 5755 cst,
865 5691 911 5762 qui
964 5684 1105 5742 suscitabit
1120 5683 1250 5740 Dominus
1274 5684 1346 5740 Deus
1371 5683 1403 5740 de
1419 5683 1550 5750 [ratribus
1565 5679 1669 5745 nestris,
1693 5685 1754 5733 tan·

114 5787 162 5830 Μ
186 5777 472 5838 exteriusoomlocro
495 5781 585 5838 oculis
614 5781 749 5838 risibilem
774 5781 910 5848 exhibuit,
965 5795 1045 5851 poam
1060 5777 1322 5848 meipsum‚aurtietrt
1337 5777 1685 5857 cum.⁴t)tnmsaurnrapuc
1701 5785 1762 5825 m
