3967 6334
259 356 316 415 875
757 350 1028 411 nonsummum
1048 352 1076 410 S.
1096 352 1129 408 R.
1152 352 1182 409 E.
1201 352 1410 410 cincinnus
1838 350 1890 409 bid

259 470 359 529 bereti
377 468 458 540 Quod
473 478 565 527 autem
580 470 626 527 alii
637 486 722 527 carisa
735 478 817 528 estut
830 471 876 536 sit,
893 472 955 543 quis
965 484 998 525 co
1009 486 1056 525 ex·
1070 476 1092 533 Α
1108 470 1200 541 plures
1222 469 1261 525 dii
1275 476 1386 536 essent,
1403 470 1476 526 sicut
1489 485 1561 527 unus
1583 474 1611 526 et
1623 474 1725 541 prater
1737 482 1822 541 quem
1842 484 1904 527 non.

261 564 407 621 cellentius
420 579 482 620 esse
503 562 636 635 negabit?
655 562 710 617 dut
729 561 814 635 igitur
828 561 902 617 bens
920 560 1054 617 existendi
1106 570 1149 617 εει
1162 562 1243 628 alius,
1268 552 1498 619 natira‘bonitate
1515 578 1585 634 opus
1606 560 1707 617 bonum
1723 560 1836 630 incoepit
1848 600 1855 621 ,
1868 568 1892 617 et

260 657 398 731 principio
406 656 520 719 carebit,
534 664 581 711 aut
592 655 771 711 excellentius
785 666 815 710 se
825 660 853 710 et
861 653 1001 723 antiquius
1009 653 1056 706 ali·
1106 656 1235 725 quoniam
1245 654 1463 725 perfectissimus
1472 662 1525 719 est,
1542 652 1762 709 consummarit:
1779 652 1821 705 ita
1834 666 1893 722 quo·

261 748 328 821 quid
342 749 463 805 habehit.
479 747 593 805 Constet
611 746 705 819 itaque
718 746 803 804 Ιιειιιιι
817 762 890 811 εεεε,
905 756 932 803 ει
945 747 1055 802 initium
1106 764 1159 819 que
1173 748 1220 802 atii
1230 748 1283 803 alia
1297 748 1400 805 eisdem
1415 746 1448 804 de
1460 746 1553 803 causis
1564 760 1645 801 suum
1655 744 1759 817 quique
1769 759 1841 815 opus
1852 742 1893 797 bo-
1976 742 1977 745 ’

262 840 429 899 subsistendi
443 855 497 895 non
512 838 624 895 babere.
1107 840 1402 909 nurnincrcpissent,et
1418 848 1663 894 consummassent.
1679 836 1747 893 llam
1757 836 1893 891 sirutsan·

297 931 438 1004 Quidquid
453 939 544 988 autem
564 939 622 997 est,
637 931 682 986 rel
694 928 862 995 substantia,
883 930 908 986 si
920 928 1056 986 Aristote-
1107 942 1151 989 eta
1166 940 1193 989 ει
1210 934 1330 1005 gloriosa
1351 930 1485 997 Trinitas,
1505 930 1635 1003 quoniam
1652 947 1722 987 unus
1746 939 1790 988 εει
1809 928 1891 995 Deus,

261 1024 316 1080 lem
322 1024 464 1095 sequimur
474 1022 524 1095 (t),
538 1022 580 1077 vel
596 1021 725 1077 accidens
738 1022 892 1092 est,!utrum
903 1020 1004 1075 borum
1013 1028 1056 1077 est
1108 1040 1162 1081 una
1176 1025 1314 1081 voluntate
1327 1025 1476 1095 eademque
1486 1025 1619 1097 potentia,
1630 1024 1747 1081 indivisa
1760 1023 1895 1097 lacitope-

261 1114 359 1173 beust
383 1116 412 1171 Si
428 1116 557 1171 accidens
571 1122 630 1184 est,
654 1130 703 1185 per
717 1114 792 1169 aliud
805 1114 865 1181 est',
885 1114 932 1184 qul
948 1114 1056 1170 eaeteris
1107 1136 1150 1183 ra,
1168 1119 1206 1174 lta
1221 1119 1407 1191 pluralitatem
1415 1120 1528 1175 deorum
1539 1118 1680 1190 pluralitas
1694 1125 1841 1190 prosecuta
1852 1133 1895 1172 sn·
1977 1186 1978 1195 ἵ

262 1207 731 1277 etseconserl35lsubsittnlleesl,
747 1206 932 1276 suscepllltllls
947 1214 1057 1260 conita-
1107 1212 1294 1284 predictarum
1309 1210 1477 1267 conscientia
1500 1227 1592 1267 rerum
1615 1212 1702 1267 diuisa
1732 1210 1899 1281 produceret
1977 1208 1978 1241 t

262 1302 370 1358 riorum
380 1311 422 1357 εει
432 1302 493 1373 :qui
504 1300 685 1363 invariabilis,
696 1307 723 1354 et
732 1298 912 1353 immutabilis
923 1305 975 1354 est.
985 1296 1058 1355 Sub·
1108 1317 1201 1375 opcm.
1215 1302 1348 1375 Quisquis
1363 1304 1435 1359 euim
1450 1303 1503 1359 sibi
1517 1302 1664 1367 sulliciens,
1681 1318 1713 1359 ae
1728 1319 1775 1374 per
1789 1320 1823 1359 se
1834 1303 1898 1359 sob-

264 1394 368 1451 stantia
387 1394 461 1450 enim
474 1393 548 1449 dicta
563 1401 621 1455 est,
641 1393 705 1463 quia
728 1388 917 1447 accidentibus
934 1391 1057 1461 subiecta
1108 1394 1219 1462 sistens,
1231 1396 1332 1452 trustra
1346 1396 1424 1451 alteri
1436 1396 1828 1467 eorrrmunicarctopus,quasi
1839 1396 1899 1465 op's
1977 1392 1978 1421 ³

263 1493 317 1542 est.
332 1484 375 1541 An
387 1484 510 1539 dicemus
527 1483 719 1548 substantiam,
736 1498 792 1538 non
806 1482 874 1552 quia'
887 1481 934 1535 alii
948 1498 978 1537 εε
992 1482 1058 1537 sub-
1108 1489 1218 1561 indigus
1232 1490 1335 1546 alienu,
1348 1489 1426 1557 Quod
1435 1490 1507 1545 enim
1522 1490 1592 1546 atius
1608 1490 1653 1544 atii
1665 1498 1842 1561 cooperatur,
1855 1496 1900 1543 aus

263 1578 352 1650 liciat,
368 1577 416 1635 sed
430 1578 495 1649 quia
508 1593 558 1649 per
576 1593 606 1633 se
620 1584 648 1633 et
663 1593 718 1632 non
732 1593 781 1648 per
796 1576 871 1632 aliud
892 1576 1015 1633 existat?
1028 1575 1058 1631 Si
1108 1590 1214 1636 naturae
1224 1588 1276 1646 est,
1293 1580 1366 1636 unde
1380 1581 1409 1636 in
1428 1586 1523 1636 saneta
1540 1578 1690 1645 Trinitatis,
1705 1596 1756 1635 uec
1769 1580 1900 1635 rotunia-

265 1670 304 1725 ita
317 1678 369 1734 est,
385 1667 458 1724 inter
469 1668 548 1725 nobis
562 1676 642 1724 notas
656 1684 713 1724 uon
726 1669 863 1740 reperitur
875 1668 1057 1734 substantias,
1108 1682 1177 1739 tum,
1194 1690 1244 1731 nee
1256 1674 1375 1731 scienciae
1401 1690 1488 1745 neque
1499 1672 1636 1745 potentia,
1652 1673 1706 1727 imo
1722 1688 1814 1743 neque
1835 1686 1900 1742 ope·

263 1776 335 1835 quas
347 1778 404 1819 non
416 1761 629 1818 aliternorimus
641 1763 696 1817 nisi
707 1763 846 1832 subjectas
860 1763 1056 1819 accidentibus.
1108 1769 1245 1834 rationis,
1260 1768 1316 1823 ulla
1338 1768 1451 1823 omnino
1468 1773 1633 1837 potestesse
1650 1764 1801 1819 distantia:
1821 1764 1901 1831 Qus·

266 1852 297 1909 Si
310 1854 349 1909 lta
361 1863 415 1919 est,
433 1855 509 1909 nullo
523 1852 684 1926 designatur
694 1856 823 1922 nomine;
837 1854 903 1927 quia
916 1869 997 1911 omne
1010 1869 1060 1909 no-
1074 1826 1096 1881 B
1110 1877 1219 1933 curiaque
1232 1860 1300 1915 euim
1323 1858 1405 1914 Pater
1419 1860 1501 1931 fucit,
1516 1858 1570 1913 bue
1582 1856 1606 1909 F
1606 1858 1668 1912 ilius
1686 1859 1812 1913 similiter
1838 1858 1902 1927 sarit

265 1962 330 2003 men
339 1946 478 2019 signifieat
489 1947 669 2003 substantiam
681 1962 743 2002 cum
753 1948 896 2018 qualitate,
906 1954 988 2019 atque
999 1948 1060 2004 ideo
1112 1951 1199 2023 (Psoi.
1213 1968 1280 2017 xrrr,
1300 1950 1325 2023 t)
1339 1970 1346 2015 ;
1362 1956 1410 2007 aut
1424 1949 1548 2006 beneticii
1562 1956 1617 2015 est,
1637 1950 1708 2005 unde
1721 1966 1784 2005 eum
1802 1961 1902 2005 sancto
1978 1940 1979 1961 ¹

265 2039 446 2113 dissyllabum
462 2040 524 2104 hoc,
538 2038 621 2105 Deus,
638 2055 703 2111 pars
712 2039 847 2097 orationis
857 2049 965 2097 nonest
977 2059 984 2109 ;
996 2042 1059 2112 quia
1112 2053 1224 2101 sarretus
1236 2051 1277 2100 est
1291 2042 1443 2111 bomiuus;
1459 2050 1506 2097 aut
1527 2041 1699 2098 necessitatis
1718 2048 1750 2097 ut
1769 2058 1839 2097 eum
1855 2058 1903 2113 ope
1978 2024 1979 2037 ³

266 2130 302 2187 de
315 2146 371 2203 quo
384 2130 472 2202 magis
491 2130 600 2186 ridetur
613 2146 728 2198 nomen,
751 2140 873 2187 nonest.
899 2130 953 2185 dut
968 2132 991 2187 si
1006 2139 1059 2195 εει,
1111 2136 1330 2209 egemusaliena.

266 2238 329 2295 quae
340 2229 383 2279 est
399 2222 460 2293 ejus
473 2222 628 2279 substantia
641 2223 767 2294 qualitati
792 2220 936 2293 subjectat
955 2222 1062 2279 Nomen
1149 2228 1202 2287 Sed
1217 2229 1311 2285 dices:
1327 2226 1464 2283 Alternum
1477 2226 1520 2281 lrie
1534 2226 1635 2298 eripere
1646 2225 1815 2291 eburitetem,
1833 2236 1865 2279 ιι
1882 2238 1902 2280 et

266 2314 356 2380 enlm,
378 2320 409 2369 ut
424 2320 458 2370 de
477 2329 577 2386 genere
598 2320 625 2369 et
639 2315 731 2386 specie
743 2314 869 2385 perbibet
887 2312 1059 2380 Aristoteles.
1113 2339 1172 2377 cunt
1184 2330 1366 2391 opusuouest,
1378 2322 1550 2377 comuruuicet
1562 2318 1818 2391 operationem.Sed
1835 2320 1904 2373 inter
1979 2370 1980 2373 ,

267 2406 342 2463 enea
355 2406 540 2462 substantiam
555 2405 715 2476 qualitatem
730 2406 906 2463 determinat.
1113 2413 1287 2469 horricomes
1299 2411 1435 2467 honinem
1447 2411 1546 2466 tuaest:
1560 2409 1792 2467 astuertteumet
1803 2408 1903 2475 Deum,

580 2498 697 2555 CAPUT
712 2499 745 2556 ll·
1114 2506 1152 2562 ita
1166 2521 1226 2561 esse
1241 2520 1297 2559 non
1311 2510 1412 2576 potest.
1435 2500 1521 2559 Filius
1536 2517 1646 2558 carnem
1665 2503 1798 2573 suscepit,
1827 2501 1905 2557 Pater

287 2589 388 2649 Contra
405 2591 566 2647 auctotarite
585 2608 701 2648 errorem
715 2608 784 2647 uuus
798 2600 900 2647 tautum
913 2591 984 2647 Deus
995 2600 1043 2647 est.
1114 2596 1304 2661 arnarFiiiuin,
1319 2604 1346 2652 ει
1356 2602 1447 2650 tamen
1457 2594 1596 2666 qniaopus
1605 2602 1734 2658 nouerat,
1748 2591 1835 2649 Pater
1847 2609 1905 2653 curn

272 2696 275 2701 ·
304 2681 471 2740 idololatriae
492 2684 601 2740 cecitas
616 2684 802 2755 pluralitatem
817 2684 931 2739 deorum
948 2682 1063 2755 prelatio
1114 2690 1184 2747 Filio
1200 2688 1338 2745 incarnari
1355 2688 1502 2744 reeusarit.
1527 2686 1561 2743 Et
1580 2687 1654 2743 sicut
1667 2684 1750 2742 Pater
1772 2701 1806 2741 ae
1820 2684 1907 2743 Filias

269 2793 319 2835 ore
332 2782 451 2834 conatur
464 2784 600 2832 astruere.
618 2775 672 2833 Sed
683 2793 743 2849 que
753 2778 832 2847 plura
847 2783 921 2842 sunt,
938 2776 991 2831 alia
1002 2777 1063 2832 aliis
1115 2799 1177 2839 cum
1189 2782 1290 2839 Sancto
1298 2781 1412 2853 Spiritu,
1423 2780 1673 2853 propterunitatem
1681 2780 1907 2851 diuinitatisque

269 2878 319 2926 aut
329 2869 522 2943 praestantiora
532 2868 717 2935 invenientur,
732 2869 912 2941 autaequalla.
927 2866 1002 2925 Deus
1014 2884 1065 2924 au·
1115 2886 1147 2925 ra
1162 2868 1226 2927 lacit
1240 2884 1314 2937 una;
1332 2869 1371 2924 ita·
1385 2868 1408 2923 si
1423 2868 1504 2923 multi
1522 2864 1565 2921 Dii
1586 2874 1690 2931 essent,
1716 2866 1907 2937 multiplicitas

270 2969 329 3020 tem
341 2962 413 3018 nulli
430 2961 545 3017 subesse
559 2966 659 3033 potest.
677 2955 717 3018 tle
730 2978 778 3033 per
793 2963 855 3028 hoe,
873 2962 911 3017 dii
927 2962 1020 3033 pluras
1040 2962 1063 3019 si
1115 2961 1236 3027 (leuatis,
1248 2960 1377 3031 quonium
1387 2960 1579 3031 cooperatione
1589 2973 1659 3029 opus
1670 2972 1727 3013 non
1739 2968 1828 3023 esset,
1841 2960 1906 3013 mut
1980 2966 1981 3019 t

271 3062 348 3119 aunt,
359 3070 441 3127 pares
452 3052 607 3125 utiquesibi
618 3061 694 3110 surrt.
707 3054 842 3110 Nimirum
852 3052 923 3112 Deus
933 3057 1064 3127 quoniam
1117 3054 1288 3125 tiplicitatem
1297 3060 1324 3108 et
1333 3052 1495 3109 diuisionem
1505 3052 1669 3123 produceret
1678 3052 1865 3123 operationis.
1877 3052 1906 3107 Et

270 3146 352 3204 initio
363 3154 448 3212 caret,
461 3160 513 3202 nee
523 3144 604 3202 ΐιιιεει
618 3146 719 3203 babere
729 3147 810 3203 valet.
824 3145 1002 3221 Quaecunque
1010 3147 1064 3220 32
1078 3170 1099 3229 C
1116 3144 1246 3215 quoniam
1258 3142 1414 3214 hujusmodi
1428 3142 1637 3214 investigandis,
1654 3148 1752 3199 noster
1762 3144 1859 3197 minus
1871 3144 1907 3197 ri-

270 3240 345 3299 enim
358 3240 543 3295 terminantur
556 3236 619 3303 dne,
629 3238 773 3294 exordium
782 3240 1065 3296 sortiunturexisten·
1116 3246 1161 3309 εει
1175 3253 1284 3299 sensus,
1301 3236 1346 3292 ubi
1361 3236 1432 3291 ratio
1446 3234 1548 3300 delicit,
1565 3234 1631 3291 tides
1646 3236 1816 3292 auctoritate
1832 3234 1907 3297 tulta,

271 3334 326 3391 tiae.
343 3332 417 3391 ittert
431 3334 542 3407 quidem
556 3340 648 3406 potest
663 3341 694 3389 ut
706 3350 751 3391 res
762 3350 824 3391 esse
838 3334 962 3406 incipiat,
981 3334 1066 3391 bene-
1117 3328 1265 3394 succurrit,
1279 3326 1416 3383 allirmans
1431 3344 1515 3383 unum
1527 3343 1588 3383 esse
1601 3324 1697 3383 ileum.

273 3428 391 3499 licioque
405 3427 466 3497 eius
480 3441 621 3499 perquem
631 3428 726 3498 erupit,
738 3426 820 3484 tinem
835 3427 950 3483 nesciat.
964 3426 1066 3482 lerum
1419 3420 1534 3477 CAPUT
1552 3419 1596 3477 lli.

272 3536 334 3593 quae
348 3520 383 3576 ab
402 3534 464 3577 esse
478 3518 513 3575 ad
534 3534 591 3574 non
603 3534 675 3586 esse,
694 3519 788 3575 nativo
802 3525 931 3591 properat
945 3516 1065 3583 delectu,
1374 3512 1436 3569 Trea
1445 3528 1562 3582 personae
1576 3523 1648 3568 sunt.

272 3624 290 3667 a
305 3626 361 3667 non
375 3627 438 3668 esse
453 3626 563 3683 quoque
585 3607 618 3665 ad
632 3625 704 3672 esse,
718 3625 832 3666 mernere
846 3610 920 3666 venit
934 3610 1065 3675 auctoris,
1154 3606 1192 3679 (8)
1208 3604 1262 3662 Sed
1274 3606 1298 3662 si
1310 3622 1382 3661 unius
1390 3613 1433 3662 est
1446 3604 1518 3661 Deus
1528 3613 1645 3662 testante
1656 3604 1763 3679 lloyse,
1774 3606 1861 3671 Aucti,
1873 3605 1909 3659 ls-

275 3702 406 3775 quoniam
414 3703 442 3758 id
449 3703 865 3774 propriocontingereuequibat
873 3709 973 3758 conatu
985 3722 991 3757 :
1003 3718 1067 3757 nam
1118 3698 1185 3763 ruet,
1197 3696 1325 3753 Dominus
1336 3698 1407 3753 lieris
1419 3707 1479 3753 tuus
1490 3714 1557 3753 anus
1566 3710 1604 3753 eat
1613 3698 1703 3771 (lieet.
1716 3714 1756 3761 rr,
1769 3698 1817 3769 at)
1827 3718 1839 3765 ;
1851 3715 1910 3771 quo

275 3796 301 3852 si
315 3810 424 3866 semper
433 3795 596 3861 exstitisset,
608 3794 637 3851 id
649 3796 744 3866 utique
757 3794 891 3851 obtineret
903 3796 1025 3861 virtutis,
1037 3800 1068 3850 ut
1118 3790 1199 3845 modo
1207 3797 1250 3847 est
1259 3798 1327 3855 tres,
1335 3792 1414 3861 juxta
1424 3790 1510 3846 illud:
1526 3790 1589 3846 Tres
1600 3799 1661 3846 scrut
1669 3794 1716 3862 qai
1728 3793 1908 3847 testimoniata

276 3902 417 3960 nunquam
432 3886 549 3943 delicere
568 3894 671 3959 posset.
686 3884 870 3954 Quamobrem
885 3886 980 3955 lieum,
998 3902 1068 3959 quo-
1119 3880 1222 3937 duntin
1237 3882 1301 3937 crelo
1315 3881 1408 3946 Pater,
1422 3890 1447 3937 ει
1461 3880 1561 3947 Filius,
1576 3892 1601 3937 et
1617 3882 1735 3953 Spiritus
1749 3896 1875 3948 emtas,
1889 3896 1909 3937 er

277 3981 352 4040 niam
366 3985 536 4051 propagatur
549 3979 722 4045 eternitate,
738 3978 808 4035 nibil
820 3978 895 4036 aliud
910 3980 998 4045 decet,
1014 3979 1067 4035 nisi
1119 3970 1147 4026 ltl
1167 3982 1219 4028 tttt
1234 3990 1316 4027 tuum
1336 3982 1397 4027 suat
1410 3970 1500 4043 (lott-
1520 3989 1540 4039 ¹.
1552 3974 1579 4038 5,
1591 3973 1628 4047 7)-
1643 3972 1715 4044 Ειεῠ
1726 3990 1819 4030 unum
1829 3976 1908 4029 fleat·

275 4081 309 4130 ut
321 4071 577 4144 intransgressibili,
593 4070 660 4136 imo,
672 4071 853 4127 inaccessibili
865 4072 1010 4128 decoretur
1019 4072 1070 4127 bo-
1119 4064 1203 4132 lleus,
1219 4074 1261 4121 est
1275 4066 1304 4121 lai
1319 4072 1386 4123 tres.
1401 4064 1504 4122 llorum
1519 4074 1611 4122 autem
1625 4066 1710 4121 trium
1733 4068 1911 4139 stnqntuses

278 4162 374 4229 nitate,
391 4162 518 4229 scientia,
532 4162 727 4227 immensitate,
739 4163 872 4234 potentia.
889 4161 981 4229 Quare
992 4164 1016 4219 si
1030 4162 1069 4219 dii
1119 4156 1192 4214 licus
1207 4158 1307 4226 bonus,
1321 4160 1450 4229 sapiens;
1467 4173 1552 4230 quare
1567 4173 1622 4213 non
1641 4167 1697 4213 tres
1713 4158 1752 4213 dii
1778 4159 1858 4223 boni,
1872 4174 1912 4213 sa·

275 4256 333 4314 duo
343 4263 419 4322 sunt,
433 4263 481 4311 aut
490 4256 594 4326 plures,
608 4270 697 4326 neque
709 4254 852 4318 atiusalio,
864 4254 938 4311 satra
949 4251 998 4310 oet
1011 4268 1070 4309 ma·
1121 4252 1236 4325 pientes,
1248 4250 1294 4307 sed
1305 4252 1391 4307 unus?
1402 4248 1479 4307 Sicut
1489 4252 1676 4307 bornmtrium
1689 4250 1826 4315 librabae,
1842 4250 1912 4309 isaar

275 4346 387 4421 testate,
403 4354 571 4419 potestesse
586 4344 711 4415 interior,
729 4347 823 4417 procul
839 4346 922 4401 dubio
935 4353 1070 4418 quotquot
1121 4352 1149 4401 et
1163 4344 1258 4409 iacob,
1274 4344 1391 4415 quisque
1406 4344 1563 4415 siugulatim
1579 4350 1622 4399 est
1642 4344 1726 4399 borno
1742 4344 1847 4409 bonu,
1873 4362 1910 4401 sa-

278 4448 353 4507 sunt‚
368 4436 544 4505 indifferenti,
556 4446 586 4493 ut
597 4439 701 4495 dietum
714 4446 766 4501 est,
777 4438 933 4511 aequalitate
942 4455 1071 4495 reveren·
1122 4437 1211 4509 piens.
1225 4435 1357 4491 Similiter
1368 4442 1459 4492 cirtem
1480 4443 1537 4492 tres
1551 4436 1676 4492 homines
1694 4436 1762 4491 boni
1777 4438 1912 4509 sapientes

277 4530 307 4585 di
323 4539 398 4587 sunt.
415 4528 566 4587 Erubescat
577 4545 642 4601 ergo
657 4530 818 4586 idololatriae
830 4529 948 4594 vanitas,
964 4530 1070 4586 conlin—
1086 4518 1175 4583 Dnon
1190 4544 1271 4583 tinais.
1298 4526 1385 4582 Unam
1410 4528 1438 4582 in
1453 4525 1559 4583 Deitate
1573 4528 1782 4595 salutantium,
1797 4528 1911 4583 dormit

278 4634 347 4693 qens
360 4619 427 4676 deos
440 4619 509 4676 alios
521 4619 665 4691 juniores,
679 4619 750 4676 alios
764 4618 902 4685 seniores,
918 4620 988 4676 ulios
1000 4634 1070 4693 quo-
1120 4621 1247 4687 bomine,
1263 4620 1319 4691 Epo
1332 4628 1357 4677 et
1373 4620 1454 4675 Pater
1475 4636 1557 4673 unum
1570 4636 1661 4675 samue
1673 4617 1768 4691 (toea.
1785 4620 1827 4694 x),
1852 4635 1912 4677 rue

278 4726 334 4785 que
348 4713 480 4783 majores,
495 4713 565 4767 alios
579 4718 671 4768 autem
686 4712 817 4768 minores.
1122 4714 1239 4771 btemur.
1262 4712 1405 4780 Quomodo
1420 4726 1485 4784 ergo
1509 4722 1565 4768 tres
1580 4710 1727 4783 personae?
1750 4722 1799 4767 aut
1814 4713 1840 4769 si
1863 4724 1914 4767 tres

316 4802 451 4861 Sedetilli
459 4803 673 4870 confundantur,
690 4794 718 4861 si'
726 4805 772 4876 qui
787 4804 840 4861 diis
848 4805 974 4875 pluribus
982 4819 1087 4881 requa-⁸
1122 4820 1265 4881 personae,
1292 4822 1408 4862 cernon
1423 4804 1536 4860 totidem
1555 4804 1728 4867 substantias,
1746 4806 1796 4862 sed
1812 4812 1914 4861 tantan

278 4897 386 4954 litatem
399 4896 549 4952 ascribant.
564 4894 687 4969 Namque
694 4898 766 4953 sicut
776 4898 995 4953 divinitatisevo
1005 4912 1071 4952 con·
1122 4894 1231 4954 unatln
1238 4896 1455 4968 creaturisjeninr
1465 4896 1597 4951 unitatem
1606 4896 1916 4969 &substantiarum

279 5002 379 5060 gruere
398 4988 517 5054 videtur,
537 4996 568 5042 ut
588 5003 728 5059 nunquam
748 4989 874 5061 eruperit,
898 4989 1014 5061 ejusque
1026 5006 1073 5061 po·
1123 4998 1198 5045 tatur
1213 4990 1343 5047 identitas
1356 5004 1497 5061 persona,
1519 4989 1766 5064 diversitatemque
1785 5004 1918 5063 penan-

279 5080 483 5148 tentiartiileio,
498 5089 528 5136 ut
538 5096 584 5137 res
594 5081 838 5152 quasquemateria
848 5081 990 5153 formaque
1003 5098 1072 5153 con·
1124 5096 1195 5149 rum,
1208 5081 1396 5152 multiplicitas
1404 5082 1529 5153 sequitur
1539 5082 1767 5139 substantiarum.
1779 5082 1882 5141 Petras
1891 5094 1917 5137 rt

280 5174 468 5239 autumarent,
478 5174 517 5228 ita
528 5188 638 5246 quoque
646 5173 745 5229 rationi
753 5174 851 5244 piaret,
867 5174 999 5245 cordique
1005 5174 1074 5231 bene
1125 5188 1179 5227 una
1193 5182 1237 5229 est
1258 5172 1422 5239 substantia,
1438 5172 1476 5227 ita
1493 5179 1522 5229 et
1536 5184 1665 5245 persona,
1679 5174 1780 5233 Petrus
1800 5176 1917 5233 tatanus

278 5265 374 5332 sedet,
398 5278 430 5323 ut
442 5274 521 5323 tanta
539 5265 712 5333 excellentia,
733 5266 925 5337 singularitate
943 5267 1074 5337 maiesta·
1124 5270 1152 5320 et
1167 5260 1297 5329 loannes,
1313 5264 1385 5321 sicut
1396 5272 1460 5323 sunt
1473 5272 1532 5323 tres
1545 5280 1679 5338 persona,
1696 5268 1734 5323 ita
1748 5277 1775 5325 et
1789 5272 1918 5327 ειιιεειεε-

281 5358 327 5421 tis,
343 5358 504 5415 admiranda
521 5358 664 5415 habeatur.
679 5356 824 5426 Quomodo
836 5358 910 5415 enim
925 5356 999 5415 beus
1013 5359 1075 5431 ptus
1125 5356 1181 5413 tie.

280 5458 325 5505 est
342 5464 425 5521 quam
436 5464 518 5515 unus,
534 5449 1076 5523 stercatorqnoqnenonesrutsiunust
1161 5447 1237 5505 Dicet
1260 5448 1436 5507 dialecticus:
1460 5450 1561 5523 Species
1576 5462 1615 5508 est
1636 5460 1692 5508 tore
1708 5453 1865 5510 substantie
1882 5456 1920 5507 εἰ·

282 5538 361 5599 Unus
375 5548 467 5599 autern
480 5547 508 5598 et
518 5542 595 5599 sotus
606 5542 721 5599 creator
734 5558 797 5599 esse
810 5543 1000 5616 cognoscitur,
1012 5561 1077 5615 quo
1126 5538 1305 5607 ituraeorum,
1317 5551 1422 5616 totaque
1431 5544 1539 5613 trecies.
1553 5544 1695 5619 redeunte
1704 5546 1733 5601 ur
1748 5548 1866 5619 εἰπειιίι
1882 5562 1919 5600 r*

282 5634 358 5691 niam
371 5649 427 5692 una
438 5641 467 5691 et
480 5634 539 5691 sola
555 5633 651 5692 mundi
666 5634 771 5693 [abrica
785 5634 935 5695 irrreuitnr.
958 5634 988 5693 Si
1003 5639 1077 5697 enim
1126 5634 1228 5704 peritur
1240 5634 1392 5692 individuis.
1409 5635 1504 5709 ltaque
1514 5639 1611 5708 species
1628 5655 1681 5695 uuo
1700 5650 1740 5696 eat
1750 5638 1919 5703 esaum:

318 5788 358 5862 (7)
371 5788 498 5858 Praedia,
513 5804 538 5860 e.
553 5788 649 5845 ietl.
1165 5790 1204 5871 ιθ)
1220 5789 1339 5861 biugist,
1361 5808 1380 5848 1.
1397 5793 1595 5863 sent.,dist.2.
