3967 6334
256 274 308 330 ote
729 282 880 340 nonanti
905 285 1007 343 rotor
1032 285 1061 344 S.
1087 286 1120 346 R.
1141 289 1172 346 E.
1198 290 1403 348 canolttuls
1792 309 1829 370 epe

256 402 392 452 tormenta
399 402 530 467 tanquam
543 395 608 452 honi
622 396 731 454 athletae
743 398 847 455 Christi
862 400 971 458 fortiter
985 419 1044 460 sus·
1058 407 1080 463 Α
1095 407 1184 462 cessio
1194 406 1321 477 primum,
1344 415 1374 462 ut
1392 413 1488 478 gentes
1502 422 1517 462 a
1532 405 1708 468 Romanorum
1724 414 1832 482 discessui

257 489 393 545 tinebant.
420 488 532 545 Interim
555 496 647 545 autem
671 491 744 545 mala
767 493 880 548 habehit
911 511 978 566 qeins
998 495 1044 550 illa
1096 499 1249 570 principum
1270 500 1403 570 imperio;
1424 509 1517 570 posta
1536 501 1598 566 nde,
1621 515 1695 574 atque
1710 508 1835 584 imaqpqq.

254 582 474 639 miscricordiam
497 582 608 638 tandem
633 593 826 641 consecutura.
852 586 930 643 Unde
951 587 1045 642 Domi·
1096 591 1163 645 tuali
1186 589 1316 647 Romanae
1331 591 1459 648 Ecclesiae
1477 593 1600 664 irnperio.
1613 592 1672 650 llree
1689 597 1836 661 dimension-

256 693 310 733 nus
324 697 331 732 :
347 676 406 730 Erit
419 678 627 746 enimpressuro
640 695 737 748 anapna
750 690 988 748 superintonet
1002 683 1045 736 ira
1095 699 1177 753 grutem
1196 684 1249 739 erit
1265 683 1318 740 diei
1342 683 1459 749 Domini,
1482 685 1529 740 scd
1551 687 1690 754 praereniet
1711 689 1837 753 Antichrisq

256 769 317 824 huie
326 772 432 839 populo,
444 780 469 824 et
484 770 577 826 cadent
592 773 619 826 in
630 789 675 827 ore
689 773 784 844 qlodii,
802 783 828 828 et
839 776 937 844 captiui
948 775 1045 830 ducen—
1096 781 1215 846 tempus.
1238 775 1315 831 Unde
1330 775 1489 846 Apostolus,
1516 777 1570 832 illis
1592 779 1638 847 qui
1650 780 1766 836 timebant
1784 791 1839 856 quod

256 871 300 916 tur
314 864 341 916 in
351 879 440 917 omnes
453 875 551 934 pentes,
568 874 592 918 et
607 863 756 920 Jerusalem
768 867 848 938 267
863 866 1010 922 minabitur
1029 884 1045 922 a
1096 863 1154 921 dies
1168 865 1276 920 Domini
1297 867 1430 930 instaret,
1453 868 1501 921 tali
1519 868 1617 922 ordine
1634 869 1731 928 lucrinus
1746 882 1781 930 est
1793 897 1798 930 ι
1812 877 1841 932 le

255 955 386 1027 pentilus,
400 956 481 1011 donee
496 957 655 1026 impleantur
674 969 790 1027 tempora
808 960 945 1013 nationum
968 958 1043 1030 (Luc.
1096 957 1154 1026 quis
1172 974 1215 1011 uos
1239 955 1349 1011 seducet
1372 957 1428 1012 ullu
1448 957 1544 1022 modo,
1565 960 1684 1030 qnoniam
1704 963 1751 1016 nisi
1769 971 1841 1026 seman

255 1063 314 1115 ιιι,
328 1047 387 1120 st).
406 1047 469 1105 llaee
487 1050 581 1120 utique
595 1066 724 1120 pressura
744 1060 772 1106 et
789 1051 830 1105 ira
854 1066 941 1122 usque
964 1053 1045 1108 hodie
1097 1048 1222 1106 discessio
1240 1050 1366 1120 primurn,
1390 1059 1414 1104 et
1433 1050 1562 1104 revelatus
1577 1050 1656 1120 {uerit
1671 1051 1739 1106 inmo
1756 1062 1841 1123 peccati,

255 1143 357 1213 populo
373 1143 411 1197 illi
431 1159 480 1214 per
499 1159 594 1198 omnes
617 1150 712 1213 gentes
732 1142 857 1213 disperso
872 1143 971 1212 durat;
989 1161 1046 1200 non
1097 1141 1169 1210 filius
1185 1141 1338 1212 perditionis
1357 1143 1401 1214 qui
1419 1142 1576 1197 aduersatus
1599 1153 1623 1198 et
1642 1145 1766 1200 extollitur
1783 1165 1843 1218 supra

256 1240 348 1288 tamen
371 1233 400 1287 in
429 1241 561 1288 aeternnm
587 1233 706 1288 durabit.
732 1231 810 1288 Unde
833 1242 895 1305 post
920 1235 1046 1291 ordinem
1097 1250 1174 1288 omne
1186 1233 1254 1305 qnod
1266 1233 1366 1289 dieitur
1379 1233 1462 1298 Deus,
1477 1245 1524 1289 out
1539 1234 1608 1308 quod
1627 1235 1724 1305 colitur,
1738 1239 1772 1292 ito
1788 1251 1810 1294 ut
1824 1244 1844 1296 in

255 1339 405 1394 pressurae,
422 1325 457 1380 de
475 1324 662 1380 misericordia
685 1325 871 1396 subjungitur,
887 1326 975 1381 Donec
995 1327 1046 1382 ime
1099 1325 1193 1393 templo
1217 1325 1266 1380 Dei
1290 1326 1378 1380 sedeat
1402 1325 1539 1382 ostendens
1559 1344 1588 1382 se
1607 1334 1727 1399 tunquam
1744 1332 1774 1386 n‘t
1793 1332 1845 1389 Deru

255 1418 377 1486 pleantur
392 1427 509 1486 ternpore
524 1418 678 1483 nationum,
695 1417 724 1473 id
743 1425 786 1474 est
800 1418 887 1474 donec
907 1418 1046 1489 plenitudo
1098 1417 1845 1491 (idid,3‚l).NimirumantequamdiesDominiadrenist

256 1511 377 1581 gentium
392 1511 545 1574 intraverit,
562 1518 593 1565 ut
612 1511 652 1566 sie
667 1511 757 1568 omnis
776 1510 860 1567 lsrael
874 1513 967 1568 saluus
987 1511 1044 1576 irat,
1098 1526 1149 1566 suo
1163 1518 1285 1582 tempore
1299 1513 1434 1582 completa
1453 1513 1622 1577 accessione,
1634 1513 1846 1586 aderitdlscessio;

182 1584 199 1603 ⁸
253 1602 377 1674 etquasi
400 1604 435 1658 ad
460 1603 560 1660 solium
581 1604 699 1674 propriae
722 1604 876 1660 nativitatis
901 1604 1047 1675 gavisurus
1098 1604 1378 1674 quaimpleta,adcrit
1393 1604 1847 1678 illeiniquushoma,tntuspeceati,

255 1694 361 1750 redeat.
1099 1695 1170 1751 lilius
1194 1695 1357 1764 perditionis
1373 1697 1416 1751 vel
1433 1695 1546 1761 diaboli,
1570 1697 1617 1768 qui
1633 1697 1719 1768 perdit
1743 1699 1849 1765 honrines,

292 1787 363 1854 outo
378 1795 420 1844 est
442 1804 508 1861 ergo
524 1789 597 1861 quod
619 1789 647 1843 in
670 1787 806 1859 Propheta
825 1786 911 1842 Jrrdaei
935 1788 970 1843 de
988 1786 1045 1842 Dec
1061 1751 1083 1806 B
1097 1787 1140 1840 rel
1151 1787 1223 1857 quod
1240 1788 1298 1857 ipse
1313 1787 1477 1858 perdendus,
1494 1795 1521 1844 et
1533 1789 1601 1844 alins
1623 1790 1736 1860 perdens
1747 1808 1754 1856 ;
1766 1793 1804 1861 qui
1816 1795 1849 1848 ad·

258 1881 352 1937 alunt:
369 1880 403 1935 Et
414 1898 467 1936 eron
478 1900 525 1936 nos
538 1891 674 1953 requescet
698 1880 811 1949 amplius
821 1883 833 1937 l
845 1880 933 1952 (Psoi.
946 1895 1044 1943 uxurrr,
1097 1889 1233 1945 versatur,
1249 1880 1305 1934 imo
1317 1880 1502 1936 Antichristus
1514 1880 1615 1935 dieitur
1625 1890 1654 1936 et
1668 1862 1795 1936 extollitur
1805 1884 1852 1940 ele·

257 1969 298 2042 9.)
312 1970 412 2042 Utique
425 1988 480 2027 non
493 1971 601 2027 lrrdaeos
625 1986 708 2041 regno
721 1970 832 2041 antiquo
852 1969 987 2037 restituet,
999 1968 1047 2024 sed
1097 1971 1183 2028 rende
1210 1989 1239 2029 se
1263 1989 1345 2044 super
1366 1989 1445 2028 onrne
1464 1971 1538 2044 quod
1565 1973 1668 2028 dieitur
1685 1973 1766 2038 Dens,
1788 1983 1812 2029 ut
1824 1977 1850 2030 ii

258 2072 291 2120 ut
304 2064 454 2122 Christiani
470 2065 545 2129 dant,
557 2064 670 2121 reducet
684 2063 768 2135 (ise).
794 2062 868 2119 inter
880 2064 983 2135 primos
998 2079 1048 2118 nu·
1097 2065 1219 2136 gent-ium
1247 2065 1290 2119 rel
1316 2065 1416 2128 sancti,
1432 2072 1480 2120 aut
1497 2066 1571 2135 qund
1597 2067 1697 2120 colitur
1720 2067 1783 2122 sieut
1801 2066 1853 2122 Deus

255 2164 313 2225 tam
335 2157 409 2215 Elias
419 2166 447 2215 et
456 2157 561 2224 Enoch,
576 2164 689 2229 peracto
703 2157 784 2212 ollicii
799 2158 842 2213 sui
860 2158 998 2212 curricula
1014 2157 1048 2212 nh
1099 2155 1220 2212 Trinitas
1232 2175 1239 2224 ;
1251 2158 1288 2212 ita
1300 2165 1329 2212 ut
1342 2157 1488 2214 ostendens
1501 2174 1531 2214 se
1545 2166 1676 2230 tanquam
1690 2161 1724 2214 sit
1738 2159 1808 2222 Dens,
1819 2161 1852 2214 hei

252 2240 428 2308 ¹Antichristo
451 2260 580 2322 tanquam
612 2251 767 2306 rationibus
788 2249 847 2306 suis
869 2250 1046 2316 incommodi,
1100 2250 1192 2305 sedeat
1218 2251 1246 2304 in
1272 2251 1383 2321 templo,
1407 2251 1434 2305 id
1458 2257 1501 2306 est
1524 2251 1553 2305 in
1569 2251 1645 2322 (too)
1656 2249 1781 2315 Ecclesia,
1792 2254 1825 2306 rel
1836 2254 1854 2308 in

257 2346 459 2404 interficientur
482 2353 509 2402 et
530 2346 559 2401 in
574 2346 672 2416 plateis
692 2345 817 2416 jacentes
832 2345 940 2416 sepeliri
954 2345 1048 2415 prohi-
1100 2342 1225 2411 templon
1241 2340 1371 2398 Romanis
1383 2342 1456 2414 tiso)
1468 2343 1618 2407 destructo,
1630 2344 1704 2414 quod
1719 2352 1778 2398 tarne
1791 2343 1853 2398 iudei

257 2440 406 2504 hebuntur,
426 2457 461 2496 ne
481 2456 536 2511 qua
556 2439 656 2494 lidueia
681 2438 717 2494 sit
741 2437 953 2494 resurrectionis
965 2452 1048 2508 quarn
1099 2432 1311 2488 reaediticnhunt.
1326 2433 1360 2486 Et
1374 2435 1422 2506 qni
1443 2431 1539 2497 ludaei,
1552 2435 1606 2489 nisi
1621 2434 1663 2488 illi
1674 2434 1720 2504 qui
1731 2435 1797 2490 eirea
1808 2435 1855 2488 illul

260 2533 485 2606 predicaverunt,
507 2548 596 2603 neque
622 2531 729 2586 illorum
752 2530 871 2586 imitatio
895 2529 932 2586 sit
952 2539 1000 2584 aut
1021 2529 1047 2584 in
1099 2529 1206 2594 ternpus
1230 2522 1426 2595 lerosolymam
1449 2523 1482 2578 de
1506 2523 1622 2580 dirersis
1644 2523 1738 2578 mrrudi
1760 2525 1855 2593 partibus

258 2627 386 2684 doctrina
401 2633 447 2680 aut
459 2626 488 2681 in
498 2627 565 2691 rita,
577 2641 648 2696 quos
659 2624 776 2680 miseros
786 2623 910 2678 uniuersi
924 2629 1046 2677 cernant.
1100 2623 1164 2671 sunt
1177 2616 1352 2672 confluxuri?

259 2718 328 2774 Post
340 2726 457 2774 mortem
472 2725 563 2773 numm
581 2717 690 2772 illorum
709 2716 780 2786 (qum
793 2715 886 2770 lutma
901 2715 975 2769 cirea
997 2714 1049 2768 ini·
1136 2709 1209 2782 tesi)
1230 2708 1287 2766 lloc
1297 2725 1362 2781 ergo
1377 2716 1462 2764 restat
1477 2716 1595 2774 tantum,
1618 2716 1651 2764 ut
1666 2709 1711 2780 qui
1724 2715 1795 2772 tenet,
1808 2723 1857 2760 nau

259 2813 329 2865 tium
352 2809 528 2865 existimatur
553 2807 629 2876 regni
653 2804 826 2877 Antichristi)
853 2804 882 2860 in
909 2819 959 2858 soa
981 2817 1049 2874 paee
1100 2810 1197 2868 teneat,
1212 2801 1293 2857 donec
1307 2803 1339 2858 de
1357 2803 1441 2856 medio
1456 2803 1526 2872 fiet:
1546 2811 1572 2856 et
1588 2811 1651 2856 tune
1672 2799 1858 2856 reeeluliturillr

261 2901 334 2958 eirca
344 2906 402 2956 tres
418 2914 505 2955 annes
524 2905 553 2954 et
573 2897 728 2962 dimidium,
751 2896 957 2968 srrhjuqatosihi
972 2895 1049 2965 prius
1099 2895 1215 2966 iniquus,
1230 2894 1256 2951 id
1283 2905 1325 2950 cst
1348 2897 1393 2966 qni
1415 2905 1483 2950 tenet
1503 2912 1570 2950 nuria
1585 2894 1678 2966 fidem,
1697 2903 1787 2956 terreat,
1800 2893 1859 2946 doner

260 2993 345 3048 variis
355 2990 445 3047 modis
464 2989 576 3053 mundo,
592 2997 756 3061 regnaturus
776 2995 896 3060 putatur.
913 2987 973 3055 Qun
983 3001 1049 3058 ergo
1101 2987 1273 3057 refripeseot,·
1294 2987 1367 3058 quod
1382 2989 1434 3042 erit
1447 3002 1507 3042 eam
1522 2986 1657 3042 demedio
1674 2987 1743 3053 deri,
1754 2986 1778 3040 id
1793 2991 1827 3040 est
1836 2983 1859 3038 de

260 3084 513 3142 numerochristus
525 3084 693 3155 praediearit,
710 3099 743 3139 eo
764 3082 897 3140 adrentus
916 3083 960 3138 sui
978 3098 1083 3164 prae-c
1100 3081 1191 3137 medio
1213 3081 1308 3136 mrrndi
1336 3083 1403 3137 tolli.
1424 3081 1483 3148 Vel,
1504 3082 1549 3153 qui
1571 3080 1673 3135 detinet
1687 3081 1771 3144 illum,
1790 3079 1811 3133 id
1831 3085 1860 3132 ot

261 3193 345 3234 eones
358 3175 507 3248 predicare
520 3176 616 3242 volrrit,
630 3175 725 3231 eodem
737 3174 935 3230 Antichristum
952 3182 1047 3246 tyran·
1101 3185 1217 3245 potestas
1232 3173 1320 3230 lionae
1334 3175 1458 3245 adquam
1475 3173 1559 3228 adhue
1575 3191 1667 3228 omnes
1683 3172 1790 3242 undique
1804 3169 1860 3240 quusi

261 3266 353 3323 uidem
367 3282 495 3322 exercere
509 3267 658 3336 permittet,
675 3273 705 3320 ut
722 3265 796 3336 quod
818 3265 947 3322 Christus
961 3265 1049 3320 trien·
1101 3266 1135 3322 ed
1160 3277 1238 3338 eaput
1257 3267 1392 3336 confluunt
1403 3282 1413 3331 ,·
1440 3268 1508 3330 sire,
1530 3267 1655 3322 accessio
1680 3281 1740 3336 qnae
1768 3263 1861 3318 nondun

259 3361 308 3415 nio
319 3359 464 3426 adstruxit,
483 3359 603 3414 triennio
625 3356 798 3413 authenticos
823 3373 871 3428 per
887 3357 962 3411 uiros
977 3354 1049 3410 allrr-
1101 3367 1301 3431 complessem,
1321 3359 1451 3423 detineat,
1471 3359 1557 3414 donec
1576 3359 1663 3430 268
1683 3366 1792 3428 utraque
1804 3355 1862 3408 tolla-

260 3459 338 3518 met;
365 3450 485 3506 triennio
511 3465 621 3520 queque
641 3449 763 3519 prauitas
788 3447 970 3512 Antichristi,
1001 3445 1049 3502 sed
1101 3459 1146 3507 tur
1171 3452 1323 3516 demedio,
1344 3453 1386 3508 rel
1415 3451 1657 3522 doneciniquitas,
1675 3467 1736 3521 qnae
1758 3449 1862 3504 modern

262 3545 377 3610 frustra,
401 3545 541 3615 impugnet
553 3543 786 3615 (lidicrihratio
799 3556 917 3612 namque
938 3541 984 3595 illa
999 3539 1050 3594 du·
1101 3544 1215 3614 mystica
1239 3552 1267 3599 et
1298 3545 1407 3599 occulta
1431 3541 1505 3615 (nam
1528 3542 1688 3614 lipsterinrn
1715 3542 1772 3611 jam
1795 3555 1864 3606 opera-

261 3638 411 3709 plex,quae
430 3643 458 3691 et
479 3635 667 3708 persequendo
689 3644 716 3691 et
735 3634 975 3695 laisismiraeulis‚
992 3631 1050 3688 sive
1102 3643 1145 3688 tur
1169 3635 1315 3706 iniqnitatis
1346 3633 1434 3706 titio,
1466 3634 1503 3706 η)
1535 3634 1629 3690 ssatde
1660 3634 1761 3698 medio,
1784 3631 1807 3686 id
1826 3639 1863 3688 est

262 3730 358 3786 mundi
373 3730 453 3784 honis
467 3729 632 3784 blandiendo
655 3727 778 3792 attrahit,
794 3727 884 3797 qualis
896 3726 931 3780 ab
944 3723 1049 3796 origine
1102 3727 1181 3797 quasi
1202 3727 1305 3798 aliquid
1327 3728 1361 3783 de
1390 3727 1591 3792 communibus,
1614 3735 1647 3780 ut
1670 3742 1728 3780 non
1748 3724 1864 3780 eruhescat

262 3824 339 3879 nulla
366 3821 416 3877 luit
437 3819 532 3893 (atque
555 3820 618 3876 ideo
630 3819 677 3890 qui
691 3819 821 3874 resistent
844 3818 962 3873 maxime
979 3819 1051 3872 inter
1102 3819 1184 3874 honio
1201 3819 1360 3884 adulterari,
1376 3820 1447 3876 sient
1459 3834 1511 3876 nec
1533 3819 1698 3886 arnhulare;
1725 3824 1751 3872 et
1765 3823 1821 3871 tunc
1833 3829 1864 3884 pe

263 3924 375 3974 saumas
387 3916 471 3971 luturi
483 3914 568 3987 sunt),
585 3919 763 3986 purgamenta
779 3912 853 3966 loras
867 3925 954 3982 usque
967 3925 1051 3965 excu·
1103 3919 1162 3967 rata
1175 3911 1227 3967 sihi
1242 3911 1317 3976 sede,
1329 3911 1411 3984 digno
1431 3928 1460 3968 se
1472 3911 1575 3966 mundo
1594 3910 1765 3966 revelahitur
1776 3910 1815 3963 ille
1829 3908 1866 3960 in'e

261 4011 323 4070 tiet.·
331 4010 454 4065 triticum
464 4016 554 4064 antem
562 4008 637 4061 intus
651 4005 911 4061 tnntnmconcutiet.
921 4002 975 4058 Sed
986 4017 1051 4073 quo-
1103 4024 1192 4079 quae,
1208 4008 1293 4079 eujus,
1304 4015 1375 4064 teste
1391 4008 1522 4079 Apostolo
1532 4027 1539 4064 ε
1551 4006 1598 4062 lt'st
1610 4007 1743 4062 adrentus
1753 4001 1866 4060 secundm

263 4106 350 4169 niam,
359 4105 412 4158 nisi
422 4102 601 4158 breviarentur
610 4100 667 4154 dies
676 4097 871 4166 illi,nonsalaa
884 4098 957 4168 fieret
966 4096 1051 4150 enanis
1103 4101 1280 4169 operationem
1294 4099 1403 4156 Satanoe
1420 4099 1526 4172 (idid.);
1541 4100 1604 4171 quia
1619 4099 1735 4154 diaholo
1748 4098 1868 4166 instigante

265 4215 328 4262 earo
344 4194 452 4269 (liettlr.
468 4210 542 4258 xxru,
555 4193 606 4265 di)
632 4211 640 4261 ;
653 4191 854 4264 persecutionis
876 4205 947 4245 onus
960 4187 1052 4252 hreni·
1102 4197 1190 4246 totum
1206 4192 1306 4260 laciet;
1320 4201 1479 4250 nontamen
1505 4193 1565 4248 sine
1587 4207 1674 4248 sensu
1690 4198 1722 4245 ut
1733 4185 1868 4262 phrenetici.

264 4295 321 4344 tate
334 4293 512 4358 temperatur.
532 4283 594 4339 Cito
608 4284 682 4338 enim
697 4291 760 4354 post
771 4297 896 4352 regnum,
912 4280 988 4334 illum
1003 4276 1053 4332 D0·
1104 4285 1163 4354 qui,
1175 4283 1346 4341 utDoetores
1357 4286 1445 4350 aiunt,
1459 4287 1565 4355 culpam
1580 4301 1637 4340 non
1650 4285 1755 4340 hahent
1767 4283 1798 4337 da
1810 4278 1869 4334 mals

265 4382 358 4436 minos
372 4378 453 4436 lesus
467 4378 606 4448 interficiet
618 4377 716 4447 spiritu
726 4376 779 4429 oris
796 4374 838 4428 sui
854 4372 897 4446 (ll
914 4372 1006 4427 These·
1019 4385 1050 4434 ll.
1104 4372 1188 4448 (458).
1203 4373 1352 4431 Secnrnduru
1362 4389 1443 4448 quam
1459 4377 1634 4445 operationem
1650 4375 1773 4438 Satanm,
1783 4373 1807 4426 in
1819 4369 1871 4425 unni

265 4471 305 4543 8),
318 4472 399 4527 idest
413 4469 678 4540 potentiajussionis
694 4483 770 4534 suae,
785 4469 843 4523 sire
866 4481 915 4536 per
936 4481 976 4528 se,
993 4463 1051 4519 sive
1066 4481 1089 4536 p
1104 4467 1199 4522 uirtute
1214 4476 1239 4521 et
1249 4469 1343 4540 siquis,
1354 4479 1379 4522 et
1390 4467 1517 4540 prodigiis
1541 4469 1726 4533 mendacibus,
1745 4475 1770 4521 et
1781 4468 1805 4519 in
1818 4463 1871 4517 nnn

265 4580 316 4636 per
327 4563 487 4618 llichaelem
503 4560 588 4633 (itt).
602 4559 749 4617 Occidetur
762 4554 863 4624 antem,
880 4567 910 4613 ut
924 4558 1052 4613 doctores
1104 4559 1255 4615 seductione
1270 4562 1427 4632 iniquitatis,
1446 4561 1486 4616 iris
1501 4562 1546 4633 qui
1569 4569 1692 4630 pereunt,
1710 4561 1739 4614 in
1759 4557 1823 4612 omni
1835 4556 1872 4610 dr·

266 4656 390 4718 tradunt,
404 4654 433 4709 in
447 4660 540 4708 monte
554 4639 692 4708 Dlireti'in
704 4649 841 4722 papilione
855 4655 882 4704 et
897 4648 967 4704 salio
981 4662 1051 4712 stro,
1066 4644 1070 4652 '
1105 4661 1170 4716 tute,
1183 4639 1308 4708 humanae
1318 4653 1463 4722 potestatis
1484 4663 1511 4709 et
1521 4651 1695 4710 divitiarum.
1722 4649 1798 4706 l'nde
1809 4669 1814 4702 :
1827 4646 1872 4701 os

266 4748 315 4802 illo
328 4747 358 4802 in
372 4748 433 4802 loco
443 4752 538 4801 contra
552 4759 632 4816 quem
653 4742 786 4800 Dominus
806 4740 930 4798 ascendit
951 4740 979 4795 in
997 4754 1054 4796 coe-
1104 4745 1178 4800 nium
1197 4743 1364 4800 inimieorum
1378 4761 1487 4800 suorum
1501 4742 1685 4800 dominabitur
1699 4743 1787 4816 (Psoi.
1802 4740 1871 4802 nih.

267 4839 334 4896 lum.
1105 4837 1194 4909 Siquis
1208 4847 1233 4892 et
1245 4835 1384 4908 prodipiis,
1396 4837 1548 4906 maioribus
1558 4845 1585 4892 et
1600 4836 1778 4900 ruinorihus;
1792 4829 1874 4886 merle

558 4905 673 4962 CAPUT
691 4904 761 4963 xm·
1105 4929 1189 4996 relus,
1204 4930 1338 5000 quianon
1357 4945 1433 4994 uera,
1450 4937 1480 4984 ut
1494 4928 1611 4992 ridetur,
1634 4927 1686 4984 sed
1703 4943 1753 5000 per
1765 4927 1873 4996 maqirau

304 5024 524 5096 disprocedens
538 5023 637 5080 Christi
653 5024 803 5090 aduentum,
814 5034 839 5078 et
852 5022 885 5077 de
898 5021 1019 5077 doctrino
1105 5029 1192 5078 artem
1204 5022 1388 5093 phantastica,
1401 5022 1444 5076 rel
1455 5022 1478 5078 si
1493 5035 1567 5084 vera,
1589 5019 1635 5076 Dei
1660 5019 1838 5090 permissione
1851 5011 1873 5065 al

598 5095 728 5167 ΑΡΜ-
1106 5113 1277 5170 mendacium
1287 5115 1409 5179 trahunt,
1420 5115 1485 5186 quia
1497 5113 1671 5168 mendacium
1684 5105 1874 5168 cenomanni

303 5210 373 5267 hnte
397 5211 479 5284 hujus
496 5211 660 5284 nequissimi
687 5210 834 5266 adrentum
849 5210 983 5282 praecedet
995 5209 1053 5266 dis·
1106 5218 1222 5266 osteum
1235 5225 1296 5265 esse
1314 5207 1419 5275 Deum.;
1440 5209 1469 5262 in
1488 5209 1560 5263 omni
1580 5207 1748 5273 seductione,
1770 5201 1875 5277 quonian

313 5386 378 5530 iffi}
399 5386 517 5471 Tentyri„
529 5405 561 5444 su
582 5403 660 5454 ra,c¹
674 5388 718 5471 dl).
738 5459 742 5471 Ι
984 5459 989 5470 ι
1144 5389 1218 5464 (ihil)
1238 5389 1278 5445 lta
1293 5389 1364 5445 lren.
1390 5389 1499 5460 liippnl.
1520 5395 1548 5446 et
1570 5387 1667 5460 Cyrill.
1692 5383 1825 5442 Dierosel.
1840 5379 1877 5431 Dt-

314 5458 368 5538 lod
399 5457 431 5513 V.
451 5460 553 5514 librum
619 5461 788 5516 Antichristo
809 5457 1055 5531 apolloniates
1107 5464 1277 5524 musclis,
1293 5461 1444 5524 uidete.
1825 5521 1850 5534 Η

266 5535 378 5668 5qu
389 5526 544 5668 Diffusum.
573 5616 654 5672 sum
1108 5535 1218 5660 c(ilgi'll
1240 5533 1395 5604 Utrumque
1420 5530 1548 5602 proponit
1574 5532 1657 5602 hup,
1686 5547 1725 5586 xx
1753 5525 1791 5584 De
1810 5529 1876 5580 crath·

269 5600 378 5805 ΔΞΑἹίἐό)
391 5640 617 5811 ὲιψιῗῖιοοιῑιιιιι,
643 5670 667 5726 ll
684 5669 781 5727 Thess.
798 5686 830 5738 n,
845 5677 873 5727 et
895 5668 998 5727 llieron
1022 5668 1054 5724 ad
1127 5647 1219 5749 ’(458)
1242 5675 1323 5746 hug„
1343 5691 1378 5730 ιιι
1394 5672 1430 5730 De
1445 5673 1532 5740 cinit,
1545 5688 1605 5744 cap.
1624 5673 1667 5728 te.
