<?xml version="1.0" encoding="UTF-8"?>
<!DOCTYPE html PUBLIC "-//W3C//DTD XHTML 1.0 Transitional//EN"
    "http://www.w3.org/TR/xhtml1/DTD/xhtml1-transitional.dtd">
<html xmlns="http://www.w3.org/1999/xhtml" xml:lang="en" lang="en">
 <head>
  <title>
</title>
<meta http-equiv="Content-Type" content="text/html;charset=utf-8" />
  <meta name='ocr-system' content='tesseract 3.04.00' />
  <meta name='ocr-capabilities' content='ocr_page ocr_carea ocr_par ocr_line ocrx_word'/>
</head>
<body>
  <div class='ocr_page' id='page_1' title='image "./patrologiaecurs141migngoog_0368.png"; bbox 0 0 3967 6334; ppageno 0'>
   <div class='ocr_carea' id='block_1_1' title="bbox 288 313 1858 408">
    <p class='ocr_par' dir='ltr' id='par_1_1' title="bbox 288 313 1858 408">
     <span class='ocr_line' id='line_1_1' title="bbox 288 313 1858 408; baseline 0.005 -38"><span class='ocrx_word' id='word_1_1' title='bbox 288 313 341 370; x_wconf 76' lang='lat' dir='ltr'><strong>tat</strong></span> <span class='ocrx_word' id='word_1_2' title='bbox 781 313 932 372; x_wconf 78' lang='lat' dir='ltr'><strong>ausuum</strong></span> <span class='ocrx_word' id='word_1_3' title='bbox 949 315 1052 373; x_wconf 77' lang='lat' dir='ltr'><strong>retu</strong></span> <span class='ocrx_word' id='word_1_4' title='bbox 1069 317 1098 374; x_wconf 79' lang='lat' dir='ltr'><strong>S.</strong></span> <span class='ocrx_word' id='word_1_5' title='bbox 1116 315 1149 374; x_wconf 80' lang='lat' dir='ltr'><strong>tl.</strong></span> <span class='ocrx_word' id='word_1_6' title='bbox 1168 317 1199 376; x_wconf 80' lang='grc' dir='ltr'><strong>Ε.</strong></span> <span class='ocrx_word' id='word_1_7' title='bbox 1219 317 1426 376; x_wconf 70' lang='lat' dir='ltr'><strong>caramalus</strong></span> <span class='ocrx_word' id='word_1_8' title='bbox 1824 343 1858 408; x_wconf 57' lang='lat' dir='ltr'><strong>q„</strong></span> 
     </span>
    </p>
   </div>
   <div class='ocr_carea' id='block_1_2' title="bbox 196 427 1866 2901">
    <p class='ocr_par' dir='ltr' id='par_1_2' title="bbox 196 427 1866 2439">
     <span class='ocr_line' id='line_1_2' title="bbox 287 427 1861 516; baseline 0.017 -32"><span class='ocrx_word' id='word_1_9' title='bbox 287 430 340 501; x_wconf 79' lang='lat' dir='ltr'><strong>gir,</strong></span> <span class='ocrx_word' id='word_1_10' title='bbox 352 435 379 484; x_wconf 93' lang='lat' dir='ltr'><strong>et</strong></span> <span class='ocrx_word' id='word_1_11' title='bbox 393 430 421 484; x_wconf 90' lang='lat' dir='ltr'><strong>in</strong></span> <span class='ocrx_word' id='word_1_12' title='bbox 435 427 489 484; x_wconf 92' lang='lat' dir='ltr'><strong>sibi</strong></span> <span class='ocrx_word' id='word_1_13' title='bbox 501 427 620 484; x_wconf 77' lang='lat' dir='ltr'><strong>debitam</strong></span> <span class='ocrx_word' id='word_1_14' title='bbox 633 427 789 486; x_wconf 75' lang='lat' dir='ltr'><strong>diffusionis</strong></span> <span class='ocrx_word' id='word_1_15' title='bbox 798 431 1006 501; x_wconf 87' lang='lat' dir='ltr'><strong>amplitudinem</strong></span> <span class='ocrx_word' id='word_1_16' title='bbox 1016 432 1075 489; x_wconf 86' lang='lat' dir='ltr'><strong>die·</strong></span> <span class='ocrx_word' id='word_1_17' title='bbox 1090 445 1112 504; x_wconf 71' lang='grc' dir='ltr'><strong>Α</strong></span> <span class='ocrx_word' id='word_1_18' title='bbox 1126 440 1216 490; x_wconf 88' lang='lat' dir='ltr'><strong>autem</strong></span> <span class='ocrx_word' id='word_1_19' title='bbox 1237 433 1282 490; x_wconf 91' lang='lat' dir='ltr'><strong>ubi</strong></span> <span class='ocrx_word' id='word_1_20' title='bbox 1296 434 1437 507; x_wconf 90' lang='lat' dir='ltr'><strong>originalis</strong></span> <span class='ocrx_word' id='word_1_21' title='bbox 1454 437 1539 494; x_wconf 71' lang='lat' dir='ltr'><strong>anmit</strong></span> <span class='ocrx_word' id='word_1_22' title='bbox 1550 439 1740 514; x_wconf 79' lang='lat' dir='ltr'><strong>praernrieatid,</strong></span> <span class='ocrx_word' id='word_1_23' title='bbox 1753 455 1861 516; x_wconf 75' lang='lat' dir='ltr'><strong>memissa</strong></span> 
     </span>
     <span class='ocr_line' id='line_1_3' title="bbox 288 519 1862 603; baseline 0.01 -25"><span class='ocrx_word' id='word_1_24' title='bbox 288 519 421 586; x_wconf 76' lang='lat' dir='ltr'>tenditur,</span> <span class='ocrx_word' id='word_1_25' title='bbox 437 536 543 592; x_wconf 81' lang='lat' dir='ltr'><strong>suoque</strong></span> <span class='ocrx_word' id='word_1_26' title='bbox 569 520 653 578; x_wconf 89' lang='lat' dir='ltr'><strong>statui</strong></span> <span class='ocrx_word' id='word_1_27' title='bbox 668 521 874 578; x_wconf 78' lang='lat' dir='ltr'><strong>accommodam</strong></span> <span class='ocrx_word' id='word_1_28' title='bbox 889 522 1028 578; x_wconf 78' lang='lat' dir='ltr'>coloratur</span> <span class='ocrx_word' id='word_1_29' title='bbox 1045 526 1073 580; x_wconf 92' lang='lat' dir='ltr'><strong>in</strong></span> <span class='ocrx_word' id='word_1_30' title='bbox 1126 524 1305 582; x_wconf 92' lang='lat' dir='ltr'><strong>subsecutura</strong></span> <span class='ocrx_word' id='word_1_31' title='bbox 1322 527 1440 600; x_wconf 90' lang='lat' dir='ltr'><strong>punitio,</strong></span> <span class='ocrx_word' id='word_1_32' title='bbox 1455 535 1482 584; x_wconf 90' lang='lat' dir='ltr'><strong>et</strong></span> <span class='ocrx_word' id='word_1_33' title='bbox 1495 527 1641 600; x_wconf 76' lang='lat' dir='ltr'><strong>Apostolus</strong></span> <span class='ocrx_word' id='word_1_34' title='bbox 1652 536 1759 592; x_wconf 83' lang='lat' dir='ltr'><strong>testatur</strong></span> <span class='ocrx_word' id='word_1_35' title='bbox 1770 557 1778 596; x_wconf 77' lang='lat' dir='ltr'><strong>a</strong></span> <span class='ocrx_word' id='word_1_36' title='bbox 1790 541 1862 603; x_wconf 74' lang='lat' dir='ltr'><strong>Scine.</strong></span> 
     </span>
     <span class='ocr_line' id='line_1_4' title="bbox 287 613 1861 698; baseline 0.018 -32"><span class='ocrx_word' id='word_1_37' title='bbox 287 613 511 676; x_wconf 78' lang='lat' dir='ltr'><strong>distinctionem,</strong></span> <span class='ocrx_word' id='word_1_38' title='bbox 532 613 664 682; x_wconf 88' lang='lat' dir='ltr'><strong>integram</strong></span> <span class='ocrx_word' id='word_1_39' title='bbox 687 613 730 668; x_wconf 92' lang='lat' dir='ltr'><strong>sui</strong></span> <span class='ocrx_word' id='word_1_40' title='bbox 754 619 834 673; x_wconf 88' lang='lat' dir='ltr'><strong>nacta</strong></span> <span class='ocrx_word' id='word_1_41' title='bbox 852 613 1071 680; x_wconf 89' lang='lat' dir='ltr'><strong>absolutionem,</strong></span> <span class='ocrx_word' id='word_1_42' title='bbox 1125 621 1177 685; x_wconf 71' lang='lat' dir='ltr'><strong>tur,</strong></span> <span class='ocrx_word' id='word_1_43' title='bbox 1190 621 1325 692; x_wconf 88' lang='lat' dir='ltr'><strong>inquiens,</strong></span> <span class='ocrx_word' id='word_1_44' title='bbox 1340 621 1566 696; x_wconf 73' lang='lat' dir='ltr'><strong>peccattmorsql</strong></span> <span class='ocrx_word' id='word_1_45' title='bbox 1575 623 1861 698; x_wconf 80' lang='lat' dir='ltr'><strong>Cor.xr,59).Pertatm</strong></span> 
     </span>
     <span class='ocr_line' id='line_1_5' title="bbox 288 702 1863 788; baseline 0.013 -24"><span class='ocrx_word' id='word_1_46' title='bbox 288 706 387 764; x_wconf 75' lang='lat' dir='ltr'><strong>animae</strong></span> <span class='ocrx_word' id='word_1_47' title='bbox 400 712 490 759; x_wconf 90' lang='lat' dir='ltr'><strong>tamen</strong></span> <span class='ocrx_word' id='word_1_48' title='bbox 512 702 657 775; x_wconf 75' lang='lat' dir='ltr'>dedignata</span> <span class='ocrx_word' id='word_1_49' title='bbox 682 705 772 761; x_wconf 91' lang='lat' dir='ltr'><strong>accire</strong></span> <span class='ocrx_word' id='word_1_50' title='bbox 785 704 998 771; x_wconf 73' lang='lat' dir='ltr'><strong>adminiculum,</strong></span> <span class='ocrx_word' id='word_1_51' title='bbox 1024 721 1073 761; x_wconf 89' lang='lat' dir='ltr'><strong>eur</strong></span> <span class='ocrx_word' id='word_1_52' title='bbox 1124 710 1202 781; x_wconf 87' lang='lat' dir='ltr'><strong>quasi</strong></span> <span class='ocrx_word' id='word_1_53' title='bbox 1216 725 1321 766; x_wconf 85' lang='lat' dir='ltr'><strong>veneno</strong></span> <span class='ocrx_word' id='word_1_54' title='bbox 1346 709 1451 777; x_wconf 79' lang='lat' dir='ltr'><strong>inlicit,</strong></span> <span class='ocrx_word' id='word_1_55' title='bbox 1472 727 1546 770; x_wconf 91' lang='lat' dir='ltr'><strong>mors</strong></span> <span class='ocrx_word' id='word_1_56' title='bbox 1560 714 1637 784; x_wconf 89' lang='lat' dir='ltr'><strong>qnasi</strong></span> <span class='ocrx_word' id='word_1_57' title='bbox 1660 713 1747 775; x_wconf 90' lang='lat' dir='ltr'><strong>dolore</strong></span> <span class='ocrx_word' id='word_1_58' title='bbox 1766 738 1863 788; x_wconf 83' lang='lat' dir='ltr'><strong>teneam</strong></span> 
     </span>
     <span class='ocr_line' id='line_1_6' title="bbox 288 793 1864 880; baseline 0.016 -28"><span class='ocrx_word' id='word_1_59' title='bbox 288 813 345 853; x_wconf 90' lang='lat' dir='ltr'><strong>non</strong></span> <span class='ocrx_word' id='word_1_60' title='bbox 355 797 449 853; x_wconf 90' lang='lat' dir='ltr'><strong>eadem</strong></span> <span class='ocrx_word' id='word_1_61' title='bbox 459 795 501 851; x_wconf 86' lang='lat' dir='ltr'><strong>ris</strong></span> <span class='ocrx_word' id='word_1_62' title='bbox 511 803 649 851; x_wconf 82' lang='lat' dir='ltr'><strong>natureet</strong></span> <span class='ocrx_word' id='word_1_63' title='bbox 661 793 775 878; x_wconf 82' lang='lat' dir='ltr'><strong>lormam</strong></span> <span class='ocrx_word' id='word_1_64' title='bbox 784 807 908 852; x_wconf 88' lang='lat' dir='ltr'><strong>materno</strong></span> <span class='ocrx_word' id='word_1_65' title='bbox 918 798 1071 868; x_wconf 86' lang='lat' dir='ltr'><strong>conceptui,</strong></span> <span class='ocrx_word' id='word_1_66' title='bbox 1124 800 1263 874; x_wconf 87' lang='lat' dir='ltr'><strong>depungit.</strong></span> <span class='ocrx_word' id='word_1_67' title='bbox 1285 802 1445 874; x_wconf 80' lang='lat' dir='ltr'><strong>Ubicunque</strong></span> <span class='ocrx_word' id='word_1_68' title='bbox 1464 819 1529 876; x_wconf 87' lang='lat' dir='ltr'><strong>ergo</strong></span> <span class='ocrx_word' id='word_1_69' title='bbox 1547 821 1678 861; x_wconf 84' lang='lat' dir='ltr'><strong>uenenum</strong></span> <span class='ocrx_word' id='word_1_70' title='bbox 1697 815 1787 880; x_wconf 86' lang='lat' dir='ltr'><strong>peceati</strong></span> <span class='ocrx_word' id='word_1_71' title='bbox 1802 819 1864 878; x_wconf 84' lang='lat' dir='ltr'><strong>inlnu</strong></span> 
     </span>
     <span class='ocr_line' id='line_1_7' title="bbox 288 883 1864 972; baseline 0.014 -27"><span class='ocrx_word' id='word_1_72' title='bbox 288 899 317 945; x_wconf 89' lang='lat' dir='ltr'><strong>et</strong></span> <span class='ocrx_word' id='word_1_73' title='bbox 327 888 453 953; x_wconf 89' lang='lat' dir='ltr'><strong>modum,</strong></span> <span class='ocrx_word' id='word_1_74' title='bbox 472 893 500 944; x_wconf 91' lang='grc' dir='ltr'><strong>ει</strong></span> <span class='ocrx_word' id='word_1_75' title='bbox 520 894 583 945; x_wconf 90' lang='lat' dir='ltr'><strong>ante</strong></span> <span class='ocrx_word' id='word_1_76' title='bbox 595 883 680 944; x_wconf 86' lang='lat' dir='ltr'><strong>ritar&#39;u</strong></span> <span class='ocrx_word' id='word_1_77' title='bbox 692 889 850 960; x_wconf 78' lang='lat' dir='ltr'><strong>dispenset?</strong></span> <span class='ocrx_word' id='word_1_78' title='bbox 862 888 930 947; x_wconf 76' lang='lat' dir='ltr'><strong>bam</strong></span> <span class='ocrx_word' id='word_1_79' title='bbox 944 890 968 945; x_wconf 89' lang='lat' dir='ltr'><strong>si</strong></span> <span class='ocrx_word' id='word_1_80' title='bbox 982 890 1073 950; x_wconf 88' lang='lat' dir='ltr'><strong>anima</strong></span> <span class='ocrx_word' id='word_1_81' title='bbox 1124 891 1208 958; x_wconf 90' lang='lat' dir='ltr'><strong>ditur,</strong></span> <span class='ocrx_word' id='word_1_82' title='bbox 1231 895 1342 966; x_wconf 91' lang='lat' dir='ltr'><strong>punctio</strong></span> <span class='ocrx_word' id='word_1_83' title='bbox 1357 897 1453 952; x_wconf 90' lang='lat' dir='ltr'><strong>mortis</strong></span> <span class='ocrx_word' id='word_1_84' title='bbox 1474 904 1654 968; x_wconf 79' lang='lat' dir='ltr'><strong>exspectetur.</strong></span> <span class='ocrx_word' id='word_1_85' title='bbox 1678 897 1749 959; x_wconf 77' lang='lat' dir='ltr'><strong>Unde</strong></span> <span class='ocrx_word' id='word_1_86' title='bbox 1765 908 1785 962; x_wconf 85' lang='lat' dir='ltr'><strong>ri</strong></span> <span class='ocrx_word' id='word_1_87' title='bbox 1801 913 1864 972; x_wconf 85' lang='lat' dir='ltr'><strong>anim</strong></span> 
     </span>
     <span class='ocr_line' id='line_1_8' title="bbox 288 977 1865 1072; baseline 0.009 -36"><span class='ocrx_word' id='word_1_88' title='bbox 288 981 381 1036; x_wconf 87' lang='lat' dir='ltr'><strong>statim</strong></span> <span class='ocrx_word' id='word_1_89' title='bbox 395 979 482 1035; x_wconf 88' lang='lat' dir='ltr'><strong>eliuso</strong></span> <span class='ocrx_word' id='word_1_90' title='bbox 496 980 592 1036; x_wconf 89' lang='lat' dir='ltr'><strong>semini</strong></span> <span class='ocrx_word' id='word_1_91' title='bbox 609 977 759 1038; x_wconf 87' lang='lat' dir='ltr'><strong>lomentum</strong></span> <span class='ocrx_word' id='word_1_92' title='bbox 777 989 938 1051; x_wconf 81' lang='lat' dir='ltr'><strong>praestatura</strong></span> <span class='ocrx_word' id='word_1_93' title='bbox 951 981 1073 1038; x_wconf 90' lang='lat' dir='ltr'><strong>inlundi-</strong></span> <span class='ocrx_word' id='word_1_94' title='bbox 1124 985 1248 1042; x_wconf 88' lang='lat' dir='ltr'><strong>seminali</strong></span> <span class='ocrx_word' id='word_1_95' title='bbox 1263 986 1290 1042; x_wconf 93' lang='lat' dir='ltr'><strong>in</strong></span> <span class='ocrx_word' id='word_1_96' title='bbox 1304 1001 1419 1058; x_wconf 89' lang='lat' dir='ltr'><strong>corpore</strong></span> <span class='ocrx_word' id='word_1_97' title='bbox 1432 989 1592 1052; x_wconf 89' lang='lat' dir='ltr'><strong>constituta,</strong></span> <span class='ocrx_word' id='word_1_98' title='bbox 1608 991 1727 1046; x_wconf 86' lang='lat' dir='ltr'><strong>seminali</strong></span> <span class='ocrx_word' id='word_1_99' title='bbox 1740 1009 1769 1049; x_wconf 86' lang='lat' dir='ltr'><strong>er</strong></span> <span class='ocrx_word' id='word_1_100' title='bbox 1780 1011 1865 1072; x_wconf 59' lang='lat' dir='ltr'><strong>corpore</strong></span> 
     </span>
     <span class='ocr_line' id='line_1_9' title="bbox 288 1073 1865 1154; baseline 0.009 -24"><span class='ocrx_word' id='word_1_101' title='bbox 288 1080 344 1135; x_wconf 90' lang='lat' dir='ltr'><strong>tur,</strong></span> <span class='ocrx_word' id='word_1_102' title='bbox 353 1079 399 1126; x_wconf 90' lang='lat' dir='ltr'><strong>aut</strong></span> <span class='ocrx_word' id='word_1_103' title='bbox 412 1073 592 1140; x_wconf 80' lang='lat' dir='ltr'><strong>personaliter</strong></span> <span class='ocrx_word' id='word_1_104' title='bbox 601 1073 694 1128; x_wconf 89' lang='lat' dir='ltr'><strong>unitur</strong></span> <span class='ocrx_word' id='word_1_105' title='bbox 706 1074 732 1129; x_wconf 92' lang='lat' dir='ltr'><strong>ei</strong></span> <span class='ocrx_word' id='word_1_106' title='bbox 743 1073 790 1145; x_wconf 93' lang='lat' dir='ltr'><strong>qui</strong></span> <span class='ocrx_word' id='word_1_107' title='bbox 801 1073 883 1129; x_wconf 87' lang='lat' dir='ltr'><strong>bomo</strong></span> <span class='ocrx_word' id='word_1_108' title='bbox 893 1089 948 1130; x_wconf 92' lang='lat' dir='ltr'><strong>non</strong></span> <span class='ocrx_word' id='word_1_109' title='bbox 962 1082 1015 1142; x_wconf 91' lang='lat' dir='ltr'><strong>est,</strong></span> <span class='ocrx_word' id='word_1_110' title='bbox 1026 1084 1073 1134; x_wconf 88' lang='lat' dir='ltr'><strong>aut</strong></span> <span class='ocrx_word' id='word_1_111' title='bbox 1123 1076 1334 1144; x_wconf 87' lang='lat' dir='ltr'><strong>contaminatur,</strong></span> <span class='ocrx_word' id='word_1_112' title='bbox 1351 1078 1413 1148; x_wconf 82' lang='lat' dir='ltr'><strong>jure</strong></span> <span class='ocrx_word' id='word_1_113' title='bbox 1422 1078 1508 1134; x_wconf 85' lang='lat' dir='ltr'><strong>rideri</strong></span> <span class='ocrx_word' id='word_1_114' title='bbox 1521 1086 1603 1151; x_wconf 92' lang='lat' dir='ltr'><strong>queat</strong></span> <span class='ocrx_word' id='word_1_115' title='bbox 1620 1082 1737 1154; x_wconf 90' lang='lat' dir='ltr'><strong>corporis</strong></span> <span class='ocrx_word' id='word_1_116' title='bbox 1753 1086 1789 1140; x_wconf 87' lang='lat' dir='ltr'><strong>sui</strong></span> <span class='ocrx_word' id='word_1_117' title='bbox 1804 1100 1865 1150; x_wconf 79' lang='lat' dir='ltr'><strong>none</strong></span> 
     </span>
     <span class='ocr_line' id='line_1_10' title="bbox 288 1163 1864 1252; baseline 0.008 -32"><span class='ocrx_word' id='word_1_118' title='bbox 288 1163 378 1220; x_wconf 80' lang='lat' dir='ltr'><strong>adbuc</strong></span> <span class='ocrx_word' id='word_1_119' title='bbox 393 1163 479 1219; x_wconf 89' lang='lat' dir='ltr'><strong>altera</strong></span> <span class='ocrx_word' id='word_1_120' title='bbox 498 1179 611 1221; x_wconf 89' lang='lat' dir='ltr'><strong>manens</strong></span> <span class='ocrx_word' id='word_1_121' title='bbox 625 1180 758 1234; x_wconf 89' lang='lat' dir='ltr'><strong>persona,</strong></span> <span class='ocrx_word' id='word_1_122' title='bbox 775 1167 881 1222; x_wconf 91' lang='lat' dir='ltr'><strong>nullum</strong></span> <span class='ocrx_word' id='word_1_123' title='bbox 896 1175 1008 1238; x_wconf 83' lang='lat' dir='ltr'><strong>praestat</strong></span> <span class='ocrx_word' id='word_1_124' title='bbox 1027 1183 1074 1224; x_wconf 90' lang='lat' dir='ltr'><strong>re·</strong></span> <span class='ocrx_word' id='word_1_125' title='bbox 1123 1169 1284 1236; x_wconf 88' lang='lat' dir='ltr'><strong>crucianda,</strong></span> <span class='ocrx_word' id='word_1_126' title='bbox 1301 1179 1332 1225; x_wconf 93' lang='lat' dir='ltr'><strong>ut</strong></span> <span class='ocrx_word' id='word_1_127' title='bbox 1345 1171 1416 1227; x_wconf 92' lang='lat' dir='ltr'><strong>sicut</strong></span> <span class='ocrx_word' id='word_1_128' title='bbox 1435 1170 1537 1226; x_wconf 89' lang='lat' dir='ltr'><strong>dietum</strong></span> <span class='ocrx_word' id='word_1_129' title='bbox 1549 1181 1601 1236; x_wconf 91' lang='lat' dir='ltr'><strong>est,</strong></span> <span class='ocrx_word' id='word_1_130' title='bbox 1613 1172 1684 1229; x_wconf 92' lang='lat' dir='ltr'><strong>unde</strong></span> <span class='ocrx_word' id='word_1_131' title='bbox 1695 1175 1864 1252; x_wconf 81' lang='lat' dir='ltr'><strong>tralritculpan¹</strong></span> 
     </span>
     <span class='ocr_line' id='line_1_11' title="bbox 287 1257 1865 1334; baseline 0.006 -22"><span class='ocrx_word' id='word_1_132' title='bbox 287 1257 419 1330; x_wconf 84' lang='lat' dir='ltr'><strong>gelationi</strong></span> <span class='ocrx_word' id='word_1_133' title='bbox 435 1257 614 1322; x_wconf 81' lang='lat' dir='ltr'><strong>beneficium,</strong></span> <span class='ocrx_word' id='word_1_134' title='bbox 629 1257 766 1329; x_wconf 93' lang='lat' dir='ltr'><strong>quomodo</strong></span> <span class='ocrx_word' id='word_1_135' title='bbox 780 1274 858 1316; x_wconf 91' lang='lat' dir='ltr'><strong>meus</strong></span> <span class='ocrx_word' id='word_1_136' title='bbox 872 1258 995 1316; x_wconf 89' lang='lat' dir='ltr'><strong>neudum</strong></span> <span class='ocrx_word' id='word_1_137' title='bbox 1015 1261 1075 1320; x_wconf 89' lang='lat' dir='ltr'><strong>nati</strong></span> <span class='ocrx_word' id='word_1_138' title='bbox 1123 1260 1215 1315; x_wconf 89' lang='lat' dir='ltr'><strong>trabat</strong></span> <span class='ocrx_word' id='word_1_139' title='bbox 1229 1269 1256 1316; x_wconf 90' lang='lat' dir='ltr'><strong>et</strong></span> <span class='ocrx_word' id='word_1_140' title='bbox 1269 1261 1441 1332; x_wconf 60' lang='lat' dir='ltr'><strong>pcenam.‘‚.Ut</strong></span> <span class='ocrx_word' id='word_1_141' title='bbox 1455 1271 1545 1319; x_wconf 90' lang='lat' dir='ltr'><strong>autem</strong></span> <span class='ocrx_word' id='word_1_142' title='bbox 1561 1263 1650 1334; x_wconf 88' lang='lat' dir='ltr'><strong>ipsum</strong></span> <span class='ocrx_word' id='word_1_143' title='bbox 1667 1266 1794 1333; x_wconf 88' lang='lat' dir='ltr'><strong>moriatur,</strong></span> <span class='ocrx_word' id='word_1_144' title='bbox 1805 1273 1865 1328; x_wconf 77' lang='lat' dir='ltr'><strong>atii.</strong></span> 
     </span>
     <span class='ocr_line' id='line_1_12' title="bbox 288 1337 1865 1432; baseline 0.01 -30"><span class='ocrx_word' id='word_1_145' title='bbox 288 1347 356 1432; x_wconf 81' lang='lat' dir='ltr'><strong>nibil</strong></span> <span class='ocrx_word' id='word_1_146' title='bbox 379 1346 444 1404; x_wconf 90' lang='lat' dir='ltr'><strong>lacit</strong></span> <span class='ocrx_word' id='word_1_147' title='bbox 470 1354 585 1404; x_wconf 74' lang='lat' dir='ltr'><strong>morture</strong></span> <span class='ocrx_word' id='word_1_148' title='bbox 607 1350 769 1421; x_wconf 77' lang='lat' dir='ltr'><strong>pregnanti.</strong></span> <span class='ocrx_word' id='word_1_149' title='bbox 795 1349 903 1418; x_wconf 76' lang='lat' dir='ltr'><strong>Quare?</strong></span> <span class='ocrx_word' id='word_1_150' title='bbox 926 1351 991 1425; x_wconf 88' lang='lat' dir='ltr'><strong>quia</strong></span> <span class='ocrx_word' id='word_1_151' title='bbox 1010 1352 1073 1410; x_wconf 88' lang='lat' dir='ltr'><strong>licet</strong></span> <span class='ocrx_word' id='word_1_152' title='bbox 1123 1360 1197 1408; x_wconf 89' lang='lat' dir='ltr'><strong>ctum</strong></span> <span class='ocrx_word' id='word_1_153' title='bbox 1219 1361 1277 1419; x_wconf 90' lang='lat' dir='ltr'><strong>est,</strong></span> <span class='ocrx_word' id='word_1_154' title='bbox 1298 1355 1374 1426; x_wconf 90' lang='lat' dir='ltr'><strong>prins</strong></span> <span class='ocrx_word' id='word_1_155' title='bbox 1398 1356 1489 1412; x_wconf 84' lang='lat' dir='ltr'><strong>virere</strong></span> <span class='ocrx_word' id='word_1_156' title='bbox 1509 1337 1619 1414; x_wconf 85' lang='lat' dir='ltr'><strong>neeesse</strong></span> <span class='ocrx_word' id='word_1_157' title='bbox 1641 1367 1698 1426; x_wconf 91' lang='lat' dir='ltr'><strong>est;</strong></span> <span class='ocrx_word' id='word_1_158' title='bbox 1716 1373 1785 1417; x_wconf 89' lang='lat' dir='ltr'><strong>omne</strong></span> <span class='ocrx_word' id='word_1_159' title='bbox 1801 1373 1865 1422; x_wconf 85' lang='lat' dir='ltr'><strong>auten</strong></span> 
     </span>
     <span class='ocr_line' id='line_1_13' title="bbox 287 1439 1864 1517; baseline 0.01 -23"><span class='ocrx_word' id='word_1_160' title='bbox 287 1439 459 1495; x_wconf 87' lang='lat' dir='ltr'><strong>contineatur</strong></span> <span class='ocrx_word' id='word_1_161' title='bbox 471 1442 501 1497; x_wconf 93' lang='lat' dir='ltr'><strong>in</strong></span> <span class='ocrx_word' id='word_1_162' title='bbox 515 1439 571 1504; x_wconf 90' lang='lat' dir='ltr'><strong>illa,</strong></span> <span class='ocrx_word' id='word_1_163' title='bbox 583 1449 672 1497; x_wconf 88' lang='lat' dir='ltr'><strong>tamen</strong></span> <span class='ocrx_word' id='word_1_164' title='bbox 684 1443 864 1517; x_wconf 82' lang='lat' dir='ltr'><strong>personaliter</strong></span> <span class='ocrx_word' id='word_1_165' title='bbox 874 1452 917 1500; x_wconf 88' lang='grc' dir='ltr'><strong>εει</strong></span> <span class='ocrx_word' id='word_1_166' title='bbox 930 1443 1070 1501; x_wconf 91' lang='lat' dir='ltr'><strong>dictincta.</strong></span> <span class='ocrx_word' id='word_1_167' title='bbox 1122 1445 1195 1516; x_wconf 92' lang='lat' dir='ltr'><strong>quod</strong></span> <span class='ocrx_word' id='word_1_168' title='bbox 1207 1446 1289 1510; x_wconf 84' lang='lat' dir='ltr'><strong>uiuit,</strong></span> <span class='ocrx_word' id='word_1_169' title='bbox 1304 1454 1351 1502; x_wconf 93' lang='lat' dir='ltr'><strong>ant</strong></span> <span class='ocrx_word' id='word_1_170' title='bbox 1371 1447 1538 1506; x_wconf 73' lang='lat' dir='ltr'><strong>sensibiliter</strong></span> <span class='ocrx_word' id='word_1_171' title='bbox 1557 1457 1604 1503; x_wconf 86' lang='lat' dir='ltr'><strong>aut</strong></span> <span class='ocrx_word' id='word_1_172' title='bbox 1624 1447 1802 1508; x_wconf 85' lang='lat' dir='ltr'><strong>insensibiliter</strong></span> <span class='ocrx_word' id='word_1_173' title='bbox 1812 1456 1864 1513; x_wconf 83' lang='lat' dir='ltr'><strong>rint</strong></span> 
     </span>
     <span class='ocr_line' id='line_1_14' title="bbox 196 1529 1865 1618; baseline 0.01 -34"><span class='ocrx_word' id='word_1_174' title='bbox 196 1603 201 1614; x_wconf 24' lang='grc' dir='ltr'><em>α</em></span> <span class='ocrx_word' id='word_1_175' title='bbox 288 1529 334 1592; x_wconf 79' lang='lat' dir='ltr'><strong>Sic</strong></span> <span class='ocrx_word' id='word_1_176' title='bbox 347 1547 394 1587; x_wconf 89' lang='lat' dir='ltr'><strong>aer</strong></span> <span class='ocrx_word' id='word_1_177' title='bbox 407 1533 480 1603; x_wconf 88' lang='lat' dir='ltr'><strong>capit</strong></span> <span class='ocrx_word' id='word_1_178' title='bbox 494 1533 630 1597; x_wconf 91' lang='lat' dir='ltr'><strong>animum,</strong></span> <span class='ocrx_word' id='word_1_179' title='bbox 645 1535 685 1589; x_wconf 94' lang='lat' dir='ltr'><strong>sic</strong></span> <span class='ocrx_word' id='word_1_180' title='bbox 710 1535 823 1604; x_wconf 84' lang='lat' dir='ltr'><strong>coelurn,</strong></span> <span class='ocrx_word' id='word_1_181' title='bbox 840 1537 880 1592; x_wconf 90' lang='lat' dir='ltr'><strong>sic</strong></span> <span class='ocrx_word' id='word_1_182' title='bbox 894 1537 1012 1609; x_wconf 87' lang='lat' dir='ltr'><strong>denique</strong></span> <span class='ocrx_word' id='word_1_183' title='bbox 1028 1538 1069 1594; x_wconf 90' lang='lat' dir='ltr'><strong>in·</strong></span> <span class='ocrx_word' id='word_1_184' title='bbox 1122 1536 1319 1595; x_wconf 89' lang='lat' dir='ltr'><strong>insensibiliter</strong></span> <span class='ocrx_word' id='word_1_185' title='bbox 1334 1547 1425 1595; x_wconf 91' lang='lat' dir='ltr'><strong>antem</strong></span> <span class='ocrx_word' id='word_1_186' title='bbox 1439 1541 1529 1596; x_wconf 84' lang='lat' dir='ltr'><strong>rivere</strong></span> <span class='ocrx_word' id='word_1_187' title='bbox 1551 1555 1607 1597; x_wconf 90' lang='lat' dir='ltr'><strong>non</strong></span> <span class='ocrx_word' id='word_1_188' title='bbox 1620 1543 1742 1612; x_wconf 75' lang='lat' dir='ltr'><strong>opiner,</strong></span> <span class='ocrx_word' id='word_1_189' title='bbox 1761 1544 1805 1600; x_wconf 91' lang='lat' dir='ltr'><strong>nisi</strong></span> <span class='ocrx_word' id='word_1_190' title='bbox 1816 1549 1865 1618; x_wconf 83' lang='lat' dir='ltr'><strong>qnod</strong></span> 
     </span>
     <span class='ocr_line' id='line_1_15' title="bbox 286 1623 1865 1706; baseline 0.009 -26"><span class='ocrx_word' id='word_1_191' title='bbox 286 1623 391 1689; x_wconf 83' lang='lat' dir='ltr'><strong>lentus,</strong></span> <span class='ocrx_word' id='word_1_192' title='bbox 402 1631 557 1683; x_wconf 80' lang='lat' dir='ltr'><strong>nontamen</strong></span> <span class='ocrx_word' id='word_1_193' title='bbox 573 1626 607 1681; x_wconf 90' lang='lat' dir='ltr'><strong>ab</strong></span> <span class='ocrx_word' id='word_1_194' title='bbox 617 1627 709 1682; x_wconf 91' lang='lat' dir='ltr'><strong>animo</strong></span> <span class='ocrx_word' id='word_1_195' title='bbox 719 1628 907 1699; x_wconf 79' lang='lat' dir='ltr'><strong>vegetabiliter</strong></span> <span class='ocrx_word' id='word_1_196' title='bbox 917 1636 1070 1695; x_wconf 83' lang='lat' dir='ltr'><strong>mouentur,</strong></span> <span class='ocrx_word' id='word_1_197' title='bbox 1123 1631 1255 1688; x_wconf 84' lang='lat' dir='ltr'><strong>radicitus</strong></span> <span class='ocrx_word' id='word_1_198' title='bbox 1278 1631 1410 1688; x_wconf 86' lang='lat' dir='ltr'><strong>soliditati</strong></span> <span class='ocrx_word' id='word_1_199' title='bbox 1433 1648 1488 1688; x_wconf 82' lang='lat' dir='ltr'><strong>suae</strong></span> <span class='ocrx_word' id='word_1_200' title='bbox 1502 1632 1595 1697; x_wconf 78' lang='lat' dir='ltr'><strong>beret,</strong></span> <span class='ocrx_word' id='word_1_201' title='bbox 1610 1635 1743 1706; x_wconf 88' lang='lat' dir='ltr'><strong>quomodo</strong></span> <span class='ocrx_word' id='word_1_202' title='bbox 1755 1637 1865 1694; x_wconf 89' lang='lat' dir='ltr'><strong>enimcm·</strong></span> 
     </span>
     <span class='ocr_line' id='line_1_16' title="bbox 286 1717 1866 1798; baseline 0.011 -29"><span class='ocrx_word' id='word_1_203' title='bbox 286 1717 352 1788; x_wconf 93' lang='lat' dir='ltr'><strong>qnia</strong></span> <span class='ocrx_word' id='word_1_204' title='bbox 373 1717 465 1771; x_wconf 91' lang='lat' dir='ltr'><strong>animo</strong></span> <span class='ocrx_word' id='word_1_205' title='bbox 479 1717 659 1788; x_wconf 88' lang='lat' dir='ltr'><strong>personaliter</strong></span> <span class='ocrx_word' id='word_1_206' title='bbox 672 1735 728 1774; x_wconf 92' lang='lat' dir='ltr'><strong>non</strong></span> <span class='ocrx_word' id='word_1_207' title='bbox 740 1719 888 1777; x_wconf 91' lang='lat' dir='ltr'><strong>uniuntur:</strong></span> <span class='ocrx_word' id='word_1_208' title='bbox 908 1721 982 1778; x_wconf 92' lang='lat' dir='ltr'><strong>unde</strong></span> <span class='ocrx_word' id='word_1_209' title='bbox 997 1721 1073 1778; x_wconf 86' lang='lat' dir='ltr'><strong>uide·</strong></span> <span class='ocrx_word' id='word_1_210' title='bbox 1122 1725 1195 1796; x_wconf 84' lang='lat' dir='ltr'><strong>gruit</strong></span> <span class='ocrx_word' id='word_1_211' title='bbox 1214 1724 1436 1790; x_wconf 85' lang='lat' dir='ltr'><strong>insensibilitati,</strong></span> <span class='ocrx_word' id='word_1_212' title='bbox 1462 1725 1535 1798; x_wconf 91' lang='lat' dir='ltr'><strong>quod</strong></span> <span class='ocrx_word' id='word_1_213' title='bbox 1559 1725 1651 1780; x_wconf 90' lang='lat' dir='ltr'><strong>anima</strong></span> <span class='ocrx_word' id='word_1_214' title='bbox 1670 1725 1738 1783; x_wconf 79' lang='lat' dir='ltr'><strong>rivet</strong></span> <span class='ocrx_word' id='word_1_215' title='bbox 1758 1729 1866 1788; x_wconf 79' lang='lat' dir='ltr'><strong>rationali?</strong></span> 
     </span>
     <span class='ocr_line' id='line_1_17' title="bbox 285 1801 1864 1893; baseline 0.008 -28"><span class='ocrx_word' id='word_1_216' title='bbox 285 1815 332 1865; x_wconf 88' lang='lat' dir='ltr'><strong>tur</strong></span> <span class='ocrx_word' id='word_1_217' title='bbox 347 1810 437 1864; x_wconf 90' lang='lat' dir='ltr'><strong>anima</strong></span> <span class='ocrx_word' id='word_1_218' title='bbox 455 1810 632 1867; x_wconf 89' lang='lat' dir='ltr'><strong>incrementis</strong></span> <span class='ocrx_word' id='word_1_219' title='bbox 650 1812 717 1867; x_wconf 90' lang='lat' dir='ltr'><strong>nihil</strong></span> <span class='ocrx_word' id='word_1_220' title='bbox 732 1812 884 1883; x_wconf 90' lang='lat' dir='ltr'><strong>prolutura,</strong></span> <span class='ocrx_word' id='word_1_221' title='bbox 902 1812 927 1870; x_wconf 89' lang='lat' dir='ltr'><strong>si</strong></span> <span class='ocrx_word' id='word_1_222' title='bbox 940 1816 1029 1869; x_wconf 88' lang='lat' dir='ltr'><strong>locata</strong></span> <span class='ocrx_word' id='word_1_223' title='bbox 1043 1816 1071 1872; x_wconf 91' lang='lat' dir='ltr'><strong>in</strong></span> <span class='ocrx_word' id='word_1_224' title='bbox 1087 1801 1108 1857; x_wconf 73' lang='grc' dir='ltr'><em>Β</em></span> <span class='ocrx_word' id='word_1_225' title='bbox 1122 1817 1266 1874; x_wconf 85' lang='lat' dir='ltr'><strong>aliundene</strong></span> <span class='ocrx_word' id='word_1_226' title='bbox 1286 1819 1369 1873; x_wconf 89' lang='lat' dir='ltr'><strong>vitam</strong></span> <span class='ocrx_word' id='word_1_227' title='bbox 1397 1826 1536 1884; x_wconf 84' lang='lat' dir='ltr'><strong>sumeret,</strong></span> <span class='ocrx_word' id='word_1_228' title='bbox 1567 1817 1620 1874; x_wconf 91' lang='lat' dir='ltr'><strong>nisi</strong></span> <span class='ocrx_word' id='word_1_229' title='bbox 1648 1818 1682 1874; x_wconf 94' lang='lat' dir='ltr'><strong>ab</strong></span> <span class='ocrx_word' id='word_1_230' title='bbox 1709 1820 1787 1875; x_wconf 86' lang='lat' dir='ltr'><strong>anima</strong></span> <span class='ocrx_word' id='word_1_231' title='bbox 1809 1839 1864 1893; x_wconf 78' lang='lat' dir='ltr'><strong>pan</strong></span> 
     </span>
     <span class='ocr_line' id='line_1_18' title="bbox 285 1900 1864 1982; baseline 0.008 -26"><span class='ocrx_word' id='word_1_232' title='bbox 285 1901 391 1956; x_wconf 73' lang='lat' dir='ltr'><strong>sesninc</strong></span> <span class='ocrx_word' id='word_1_233' title='bbox 412 1900 498 1956; x_wconf 87' lang='lat' dir='ltr'><strong>altera</strong></span> <span class='ocrx_word' id='word_1_234' title='bbox 514 1902 681 1960; x_wconf 82' lang='lat' dir='ltr'><strong>manetdut</strong></span> <span class='ocrx_word' id='word_1_235' title='bbox 704 1903 787 1974; x_wconf 90' lang='lat' dir='ltr'><strong>igitur</strong></span> <span class='ocrx_word' id='word_1_236' title='bbox 809 1905 899 1962; x_wconf 88' lang='lat' dir='ltr'><strong>inanis</strong></span> <span class='ocrx_word' id='word_1_237' title='bbox 913 1905 1073 1976; x_wconf 85' lang='lat' dir='ltr'><strong>conjunctio</strong></span> <span class='ocrx_word' id='word_1_238' title='bbox 1122 1911 1263 1968; x_wconf 75' lang='lat' dir='ltr'><strong>continet?</strong></span> <span class='ocrx_word' id='word_1_239' title='bbox 1284 1909 1359 1967; x_wconf 90' lang='lat' dir='ltr'><strong>Licet</strong></span> <span class='ocrx_word' id='word_1_240' title='bbox 1380 1910 1442 1982; x_wconf 89' lang='lat' dir='ltr'><strong>quis</strong></span> <span class='ocrx_word' id='word_1_241' title='bbox 1459 1920 1542 1982; x_wconf 90' lang='lat' dir='ltr'><strong>ponat</strong></span> <span class='ocrx_word' id='word_1_242' title='bbox 1563 1917 1656 1981; x_wconf 87' lang='lat' dir='ltr'><strong>partes</strong></span> <span class='ocrx_word' id='word_1_243' title='bbox 1679 1909 1810 1968; x_wconf 91' lang='lat' dir='ltr'><strong>insensibili</strong></span> <span class='ocrx_word' id='word_1_244' title='bbox 1828 1915 1864 1970; x_wconf 86' lang='lat' dir='ltr'><strong>rita</strong></span> 
     </span>
     <span class='ocr_line' id='line_1_19' title="bbox 283 1991 1865 2074; baseline 0.008 -26"><span class='ocrx_word' id='word_1_245' title='bbox 283 1993 345 2061; x_wconf 70' lang='lat' dir='ltr'><strong>cius</strong></span> <span class='ocrx_word' id='word_1_246' title='bbox 357 1991 476 2059; x_wconf 83' lang='lat' dir='ltr'><strong>videtur,</strong></span> <span class='ocrx_word' id='word_1_247' title='bbox 497 1993 520 2050; x_wconf 92' lang='lat' dir='ltr'><strong>si</strong></span> <span class='ocrx_word' id='word_1_248' title='bbox 535 1995 688 2064; x_wconf 88' lang='lat' dir='ltr'><strong>personalis</strong></span> <span class='ocrx_word' id='word_1_249' title='bbox 702 2011 760 2050; x_wconf 88' lang='lat' dir='ltr'><strong>non</strong></span> <span class='ocrx_word' id='word_1_250' title='bbox 782 2003 838 2064; x_wconf 91' lang='lat' dir='ltr'><strong>est;</strong></span> <span class='ocrx_word' id='word_1_251' title='bbox 854 2005 901 2051; x_wconf 89' lang='lat' dir='ltr'><strong>aut</strong></span> <span class='ocrx_word' id='word_1_252' title='bbox 914 1995 1035 2052; x_wconf 89' lang='lat' dir='ltr'><strong>absurda</strong></span> <span class='ocrx_word' id='word_1_253' title='bbox 1048 1995 1072 2054; x_wconf 90' lang='lat' dir='ltr'><strong>si</strong></span> <span class='ocrx_word' id='word_1_254' title='bbox 1122 2001 1229 2074; x_wconf 87' lang='lat' dir='ltr'><strong>degere,</strong></span> <span class='ocrx_word' id='word_1_255' title='bbox 1247 2003 1298 2074; x_wconf 91' lang='lat' dir='ltr'><strong>ipsi</strong></span> <span class='ocrx_word' id='word_1_256' title='bbox 1312 2011 1403 2060; x_wconf 89' lang='lat' dir='ltr'><strong>tamen</strong></span> <span class='ocrx_word' id='word_1_257' title='bbox 1418 2003 1468 2059; x_wconf 92' lang='lat' dir='ltr'><strong>toti</strong></span> <span class='ocrx_word' id='word_1_258' title='bbox 1487 2009 1597 2074; x_wconf 88' lang='lat' dir='ltr'><strong>propter</strong></span> <span class='ocrx_word' id='word_1_259' title='bbox 1613 2004 1729 2058; x_wconf 91' lang='lat' dir='ltr'><strong>animam</strong></span> <span class='ocrx_word' id='word_1_260' title='bbox 1743 2005 1865 2062; x_wconf 84' lang='lat' dir='ltr'><strong>sentimten</strong></span> 
     </span>
     <span class='ocr_line' id='line_1_20' title="bbox 285 2084 1865 2166; baseline 0.005 -22"><span class='ocrx_word' id='word_1_261' title='bbox 285 2085 437 2155; x_wconf 78' lang='lat' dir='ltr'><strong>personatis</strong></span> <span class='ocrx_word' id='word_1_262' title='bbox 450 2090 501 2140; x_wconf 82' lang='lat' dir='ltr'><strong>est.</strong></span> <span class='ocrx_word' id='word_1_263' title='bbox 513 2084 581 2139; x_wconf 83' lang='lat' dir='ltr'><strong>Nam</strong></span> <span class='ocrx_word' id='word_1_264' title='bbox 596 2085 670 2157; x_wconf 83' lang='lat' dir='ltr'><strong>quod</strong></span> <span class='ocrx_word' id='word_1_265' title='bbox 687 2085 779 2141; x_wconf 83' lang='lat' dir='ltr'><strong>anima</strong></span> <span class='ocrx_word' id='word_1_266' title='bbox 793 2095 820 2142; x_wconf 84' lang='grc' dir='ltr'><strong>ει</strong></span> <span class='ocrx_word' id='word_1_267' title='bbox 829 2087 913 2142; x_wconf 86' lang='lat' dir='ltr'><strong>homo</strong></span> <span class='ocrx_word' id='word_1_268' title='bbox 926 2085 1072 2160; x_wconf 80' lang='lat' dir='ltr'><strong>deputetur</strong></span> <span class='ocrx_word' id='word_1_269' title='bbox 1122 2112 1221 2152; x_wconf 78' lang='lat' dir='ltr'><strong>ssnsus</strong></span> <span class='ocrx_word' id='word_1_270' title='bbox 1235 2096 1303 2152; x_wconf 85' lang='lat' dir='ltr'><strong>solet</strong></span> <span class='ocrx_word' id='word_1_271' title='bbox 1318 2095 1425 2151; x_wconf 82' lang='lat' dir='ltr'><strong>addici:</strong></span> <span class='ocrx_word' id='word_1_272' title='bbox 1442 2094 1515 2166; x_wconf 87' lang='lat' dir='ltr'><strong>quod</strong></span> <span class='ocrx_word' id='word_1_273' title='bbox 1535 2103 1626 2151; x_wconf 83' lang='lat' dir='ltr'><strong>autern</strong></span> <span class='ocrx_word' id='word_1_274' title='bbox 1640 2093 1761 2152; x_wconf 81' lang='lat' dir='ltr'><strong>sensibile</strong></span> <span class='ocrx_word' id='word_1_275' title='bbox 1769 2105 1811 2162; x_wconf 85' lang='lat' dir='ltr'><strong>est,</strong></span> <span class='ocrx_word' id='word_1_276' title='bbox 1826 2097 1865 2152; x_wconf 77' lang='lat' dir='ltr'><strong>nt</strong></span> 
     </span>
     <span class='ocr_line' id='line_1_21' title="bbox 283 2177 1865 2258; baseline 0.009 -28"><span class='ocrx_word' id='word_1_277' title='bbox 283 2191 367 2241; x_wconf 79' lang='lat' dir='ltr'><strong>tunm,</strong></span> <span class='ocrx_word' id='word_1_278' title='bbox 382 2183 410 2231; x_wconf 92' lang='grc' dir='ltr'><strong>ει</strong></span> <span class='ocrx_word' id='word_1_279' title='bbox 433 2177 504 2231; x_wconf 90' lang='lat' dir='ltr'><strong>ratio</strong></span> <span class='ocrx_word' id='word_1_280' title='bbox 525 2177 650 2235; x_wconf 91' lang='lat' dir='ltr'><strong>habetet</strong></span> <span class='ocrx_word' id='word_1_281' title='bbox 671 2195 748 2235; x_wconf 91' lang='lat' dir='ltr'><strong>usus.</strong></span> <span class='ocrx_word' id='word_1_282' title='bbox 772 2178 851 2246; x_wconf 87' lang='lat' dir='ltr'><strong>Quod</strong></span> <span class='ocrx_word' id='word_1_283' title='bbox 874 2195 940 2237; x_wconf 79' lang='lat' dir='ltr'><strong>uero</strong></span> <span class='ocrx_word' id='word_1_284' title='bbox 962 2180 1072 2238; x_wconf 83' lang='lat' dir='ltr'><strong>animus</strong></span> <span class='ocrx_word' id='word_1_285' title='bbox 1121 2187 1250 2244; x_wconf 87' lang='lat' dir='ltr'><strong>rnalesse</strong></span> <span class='ocrx_word' id='word_1_286' title='bbox 1266 2201 1377 2244; x_wconf 91' lang='lat' dir='ltr'><strong>neeesse</strong></span> <span class='ocrx_word' id='word_1_287' title='bbox 1391 2193 1452 2254; x_wconf 92' lang='lat' dir='ltr'><strong>est;</strong></span> <span class='ocrx_word' id='word_1_288' title='bbox 1475 2187 1552 2258; x_wconf 83' lang='lat' dir='ltr'><strong>origo</strong></span> <span class='ocrx_word' id='word_1_289' title='bbox 1567 2187 1652 2258; x_wconf 93' lang='lat' dir='ltr'><strong>igitur</strong></span> <span class='ocrx_word' id='word_1_290' title='bbox 1666 2187 1710 2241; x_wconf 92' lang='lat' dir='ltr'><strong>illa</strong></span> <span class='ocrx_word' id='word_1_291' title='bbox 1731 2187 1865 2246; x_wconf 84' lang='lat' dir='ltr'><strong>numanitatis</strong></span> 
     </span>
     <span class='ocr_line' id='line_1_22' title="bbox 285 2260 1864 2346; baseline 0.009 -24"><span class='ocrx_word' id='word_1_292' title='bbox 285 2284 346 2323; x_wconf 91' lang='lat' dir='ltr'><strong>eum</strong></span> <span class='ocrx_word' id='word_1_293' title='bbox 362 2284 417 2325; x_wconf 90' lang='lat' dir='ltr'><strong>aon</strong></span> <span class='ocrx_word' id='word_1_294' title='bbox 428 2260 539 2326; x_wconf 89' lang='lat' dir='ltr'><strong>bomine</strong></span> <span class='ocrx_word' id='word_1_295' title='bbox 552 2271 588 2326; x_wconf 92' lang='lat' dir='ltr'><strong>sit</strong></span> <span class='ocrx_word' id='word_1_296' title='bbox 604 2288 685 2337; x_wconf 87' lang='lat' dir='ltr'><strong>unus,</strong></span> <span class='ocrx_word' id='word_1_297' title='bbox 700 2288 751 2328; x_wconf 90' lang='lat' dir='ltr'><strong>nee</strong></span> <span class='ocrx_word' id='word_1_298' title='bbox 765 2273 837 2328; x_wconf 92' lang='lat' dir='ltr'><strong>ratio</strong></span> <span class='ocrx_word' id='word_1_299' title='bbox 850 2273 946 2338; x_wconf 88' lang='lat' dir='ltr'><strong>babet,</strong></span> <span class='ocrx_word' id='word_1_300' title='bbox 960 2279 988 2328; x_wconf 91' lang='lat' dir='ltr'><strong>et</strong></span> <span class='ocrx_word' id='word_1_301' title='bbox 1004 2273 1072 2331; x_wconf 86' lang='lat' dir='ltr'><strong>aba·</strong></span> <span class='ocrx_word' id='word_1_302' title='bbox 1122 2277 1182 2334; x_wconf 89' lang='lat' dir='ltr'><strong>sine</strong></span> <span class='ocrx_word' id='word_1_303' title='bbox 1196 2277 1280 2336; x_wconf 90' lang='lat' dir='ltr'><strong>dubio</strong></span> <span class='ocrx_word' id='word_1_304' title='bbox 1294 2277 1395 2336; x_wconf 89' lang='lat' dir='ltr'><strong>animal</strong></span> <span class='ocrx_word' id='word_1_305' title='bbox 1408 2284 1461 2346; x_wconf 88' lang='lat' dir='ltr'><strong>est,</strong></span> <span class='ocrx_word' id='word_1_306' title='bbox 1472 2277 1496 2334; x_wconf 92' lang='lat' dir='ltr'><strong>si</strong></span> <span class='ocrx_word' id='word_1_307' title='bbox 1511 2279 1549 2336; x_wconf 89' lang='lat' dir='ltr'><strong>lta</strong></span> <span class='ocrx_word' id='word_1_308' title='bbox 1559 2278 1626 2334; x_wconf 83' lang='lat' dir='ltr'><strong>uiuit</strong></span> <span class='ocrx_word' id='word_1_309' title='bbox 1638 2285 1667 2337; x_wconf 93' lang='lat' dir='ltr'><strong>ut</strong></span> <span class='ocrx_word' id='word_1_310' title='bbox 1680 2277 1864 2338; x_wconf 84' lang='lat' dir='ltr'><strong>mseusbibnu</strong></span> 
     </span>
     <span class='ocr_line' id='line_1_23' title="bbox 284 2362 1168 2439; baseline 0.003 -21"><span class='ocrx_word' id='word_1_311' title='bbox 284 2377 333 2418; x_wconf 88' lang='lat' dir='ltr'><strong>sus</strong></span> <span class='ocrx_word' id='word_1_312' title='bbox 346 2369 399 2419; x_wconf 90' lang='lat' dir='ltr'><strong>est.</strong></span> <span class='ocrx_word' id='word_1_313' title='bbox 416 2362 531 2436; x_wconf 85' lang='lat' dir='ltr'><strong>Quoquo</strong></span> <span class='ocrx_word' id='word_1_314' title='bbox 551 2371 642 2421; x_wconf 90' lang='lat' dir='ltr'><strong>autem</strong></span> <span class='ocrx_word' id='word_1_315' title='bbox 661 2365 743 2421; x_wconf 91' lang='lat' dir='ltr'><strong>modo</strong></span> <span class='ocrx_word' id='word_1_316' title='bbox 757 2367 847 2421; x_wconf 89' lang='lat' dir='ltr'><strong>anima</strong></span> <span class='ocrx_word' id='word_1_317' title='bbox 862 2366 889 2422; x_wconf 91' lang='lat' dir='ltr'><strong>in</strong></span> <span class='ocrx_word' id='word_1_318' title='bbox 901 2367 953 2422; x_wconf 91' lang='lat' dir='ltr'><strong>boe</strong></span> <span class='ocrx_word' id='word_1_319' title='bbox 967 2367 1074 2439; x_wconf 89' lang='lat' dir='ltr'><strong>liquido</strong></span> <span class='ocrx_word' id='word_1_320' title='bbox 1122 2369 1168 2430; x_wconf 78' lang='lat' dir='ltr'><strong>sit,</strong></span> 
     </span>
    </p>

    <p class='ocr_par' dir='ltr' id='par_1_3' title="bbox 283 2456 1865 2901">
     <span class='ocr_line' id='line_1_24' title="bbox 285 2456 1864 2530; baseline 0.004 -20"><span class='ocrx_word' id='word_1_321' title='bbox 285 2470 346 2510; x_wconf 87' lang='lat' dir='ltr'><strong>sese</strong></span> <span class='ocrx_word' id='word_1_322' title='bbox 361 2463 481 2527; x_wconf 88' lang='lat' dir='ltr'><strong>receptet</strong></span> <span class='ocrx_word' id='word_1_323' title='bbox 495 2456 665 2523; x_wconf 83' lang='lat' dir='ltr'><strong>habitaculo,</strong></span> <span class='ocrx_word' id='word_1_324' title='bbox 686 2459 710 2515; x_wconf 92' lang='lat' dir='ltr'><strong>si</strong></span> <span class='ocrx_word' id='word_1_325' title='bbox 723 2475 778 2530; x_wconf 92' lang='lat' dir='ltr'><strong>quo</strong></span> <span class='ocrx_word' id='word_1_326' title='bbox 789 2474 855 2518; x_wconf 87' lang='lat' dir='ltr'><strong>casu</strong></span> <span class='ocrx_word' id='word_1_327' title='bbox 867 2466 930 2515; x_wconf 89' lang='lat' dir='ltr'><strong>ante</strong></span> <span class='ocrx_word' id='word_1_328' title='bbox 944 2461 986 2516; x_wconf 89' lang='lat' dir='ltr'><strong>sui</strong></span> <span class='ocrx_word' id='word_1_329' title='bbox 1001 2460 1071 2517; x_wconf 89' lang='lat' dir='ltr'><strong>inte·</strong></span> <span class='ocrx_word' id='word_1_330' title='bbox 1159 2458 1212 2515; x_wconf 88' lang='lat' dir='ltr'><strong>Sed</strong></span> <span class='ocrx_word' id='word_1_331' title='bbox 1230 2460 1301 2516; x_wconf 88' lang='lat' dir='ltr'><strong>male</strong></span> <span class='ocrx_word' id='word_1_332' title='bbox 1323 2460 1423 2517; x_wconf 86' lang='lat' dir='ltr'><strong>arrirnal</strong></span> <span class='ocrx_word' id='word_1_333' title='bbox 1436 2459 1555 2526; x_wconf 82' lang='lat' dir='ltr'><strong>ridetur,</strong></span> <span class='ocrx_word' id='word_1_334' title='bbox 1577 2461 1643 2517; x_wconf 93' lang='lat' dir='ltr'><strong>dum</strong></span> <span class='ocrx_word' id='word_1_335' title='bbox 1667 2461 1760 2518; x_wconf 86' lang='lat' dir='ltr'><strong>sentire</strong></span> <span class='ocrx_word' id='word_1_336' title='bbox 1771 2475 1815 2515; x_wconf 90' lang='lat' dir='ltr'><strong>nou</strong></span> <span class='ocrx_word' id='word_1_337' title='bbox 1825 2473 1864 2516; x_wconf 77' lang='lat' dir='ltr'><strong>cre</strong></span> 
     </span>
     <span class='ocr_line' id='line_1_25' title="bbox 284 2547 1864 2624; baseline 0.004 -23"><span class='ocrx_word' id='word_1_338' title='bbox 284 2548 412 2620; x_wconf 90' lang='lat' dir='ltr'><strong>gritatem</strong></span> <span class='ocrx_word' id='word_1_339' title='bbox 439 2551 604 2620; x_wconf 84' lang='lat' dir='ltr'><strong>receptaculi</strong></span> <span class='ocrx_word' id='word_1_340' title='bbox 630 2551 764 2607; x_wconf 83' lang='lat' dir='ltr'><strong>uiolenter</strong></span> <span class='ocrx_word' id='word_1_341' title='bbox 787 2550 942 2607; x_wconf 78' lang='lat' dir='ltr'><strong>extruditur</strong></span> <span class='ocrx_word' id='word_1_342' title='bbox 966 2547 1073 2624; x_wconf 82' lang='lat' dir='ltr'><strong>(quales</strong></span> <span class='ocrx_word' id='word_1_343' title='bbox 1119 2553 1209 2610; x_wconf 90' lang='lat' dir='ltr'><strong>ditur:</strong></span> <span class='ocrx_word' id='word_1_344' title='bbox 1229 2570 1291 2609; x_wconf 91' lang='lat' dir='ltr'><strong>narn</strong></span> <span class='ocrx_word' id='word_1_345' title='bbox 1310 2553 1374 2624; x_wconf 89' lang='lat' dir='ltr'><strong>quis</strong></span> <span class='ocrx_word' id='word_1_346' title='bbox 1392 2553 1540 2610; x_wconf 88' lang='lat' dir='ltr'><strong>seminario</strong></span> <span class='ocrx_word' id='word_1_347' title='bbox 1560 2569 1671 2609; x_wconf 89' lang='lat' dir='ltr'><strong>sensum</strong></span> <span class='ocrx_word' id='word_1_348' title='bbox 1691 2552 1799 2609; x_wconf 79' lang='lat' dir='ltr'><strong>tribuat?</strong></span> <span class='ocrx_word' id='word_1_349' title='bbox 1815 2549 1864 2608; x_wconf 83' lang='lat' dir='ltr'><strong>aliud</strong></span> 
     </span>
     <span class='ocr_line' id='line_1_26' title="bbox 285 2642 1865 2724; baseline -0.001 -26"><span class='ocrx_word' id='word_1_350' title='bbox 285 2643 372 2712; x_wconf 86' lang='lat' dir='ltr'><strong>eaepe!</strong></span> <span class='ocrx_word' id='word_1_351' title='bbox 392 2642 557 2714; x_wconf 86' lang='lat' dir='ltr'><strong>semiplenos</strong></span> <span class='ocrx_word' id='word_1_352' title='bbox 578 2643 712 2724; x_wconf 78' lang='lat' dir='ltr'><strong>miramur</strong></span> <span class='ocrx_word' id='word_1_353' title='bbox 733 2643 851 2716; x_wconf 89' lang='lat' dir='ltr'><strong>partus),</strong></span> <span class='ocrx_word' id='word_1_354' title='bbox 865 2644 945 2716; x_wconf 90' lang='lat' dir='ltr'><strong>quale</strong></span> <span class='ocrx_word' id='word_1_355' title='bbox 969 2660 1072 2716; x_wconf 90' lang='lat' dir='ltr'><strong>corpus</strong></span> <span class='ocrx_word' id='word_1_356' title='bbox 1121 2647 1194 2724; x_wconf 86' lang='lat' dir='ltr'><strong>¹euim</strong></span> <span class='ocrx_word' id='word_1_357' title='bbox 1209 2644 1310 2700; x_wconf 89' lang='lat' dir='ltr'><strong>animai</strong></span> <span class='ocrx_word' id='word_1_358' title='bbox 1327 2659 1408 2716; x_wconf 90' lang='lat' dir='ltr'><strong>qnam</strong></span> <span class='ocrx_word' id='word_1_359' title='bbox 1423 2644 1506 2700; x_wconf 89' lang='lat' dir='ltr'><strong>bomo</strong></span> <span class='ocrx_word' id='word_1_360' title='bbox 1519 2659 1580 2701; x_wconf 91' lang='lat' dir='ltr'><strong>esse</strong></span> <span class='ocrx_word' id='word_1_361' title='bbox 1598 2659 1653 2699; x_wconf 90' lang='lat' dir='ltr'><strong>non</strong></span> <span class='ocrx_word' id='word_1_362' title='bbox 1668 2643 1773 2714; x_wconf 90' lang='lat' dir='ltr'><strong>poterit;</strong></span> <span class='ocrx_word' id='word_1_363' title='bbox 1789 2643 1865 2698; x_wconf 82' lang='lat' dir='ltr'><strong>mani·</strong></span> 
     </span>
     <span class='ocr_line' id='line_1_27' title="bbox 283 2733 1864 2810; baseline 0.003 -24"><span class='ocrx_word' id='word_1_364' title='bbox 283 2733 395 2789; x_wconf 88' lang='lat' dir='ltr'><strong>babebit</strong></span> <span class='ocrx_word' id='word_1_365' title='bbox 408 2735 437 2788; x_wconf 93' lang='lat' dir='ltr'><strong>in</strong></span> <span class='ocrx_word' id='word_1_366' title='bbox 446 2736 566 2806; x_wconf 88' lang='lat' dir='ltr'><strong>generali</strong></span> <span class='ocrx_word' id='word_1_367' title='bbox 585 2737 774 2793; x_wconf 82' lang='lat' dir='ltr'><strong>uniuersorum</strong></span> <span class='ocrx_word' id='word_1_368' title='bbox 788 2735 1071 2810; x_wconf 55' lang='lat' dir='ltr'><strong>concilietidlllliam</strong></span> <span class='ocrx_word' id='word_1_369' title='bbox 1121 2739 1175 2792; x_wconf 88' lang='lat' dir='ltr'><strong>mal</strong></span> <span class='ocrx_word' id='word_1_370' title='bbox 1190 2737 1262 2810; x_wconf 92' lang='lat' dir='ltr'><strong>quod</strong></span> <span class='ocrx_word' id='word_1_371' title='bbox 1277 2737 1358 2792; x_wconf 88' lang='lat' dir='ltr'><strong>immo</strong></span> <span class='ocrx_word' id='word_1_372' title='bbox 1371 2752 1427 2794; x_wconf 90' lang='lat' dir='ltr'><strong>non</strong></span> <span class='ocrx_word' id='word_1_373' title='bbox 1440 2743 1493 2802; x_wconf 92' lang='lat' dir='ltr'><strong>est,</strong></span> <span class='ocrx_word' id='word_1_374' title='bbox 1511 2737 1593 2791; x_wconf 91' lang='lat' dir='ltr'><strong>bomo</strong></span> <span class='ocrx_word' id='word_1_375' title='bbox 1605 2735 1661 2800; x_wconf 82' lang='lat' dir='ltr'><strong>irat,</strong></span> <span class='ocrx_word' id='word_1_376' title='bbox 1673 2735 1799 2805; x_wconf 89' lang='lat' dir='ltr'><strong>omnisque</strong></span> <span class='ocrx_word' id='word_1_377' title='bbox 1810 2735 1864 2790; x_wconf 86' lang='lat' dir='ltr'><strong>lona</strong></span> 
     </span>
     <span class='ocr_line' id='line_1_28' title="bbox 285 2826 1864 2901; baseline 0.002 -22"><span class='ocrx_word' id='word_1_378' title='bbox 285 2841 386 2896; x_wconf 86' lang='lat' dir='ltr'><strong>eorpus</strong></span> <span class='ocrx_word' id='word_1_379' title='bbox 397 2826 648 2898; x_wconf 89' lang='lat' dir='ltr'><strong>babereopuserit,</strong></span> <span class='ocrx_word' id='word_1_380' title='bbox 660 2829 835 2901; x_wconf 92' lang='lat' dir='ltr'><strong>utrumquod</strong></span> <span class='ocrx_word' id='word_1_381' title='bbox 849 2829 885 2885; x_wconf 86' lang='lat' dir='ltr'><strong>sit</strong></span> <span class='ocrx_word' id='word_1_382' title='bbox 898 2829 1072 2890; x_wconf 75' lang='lat' dir='ltr'><strong>homoinem</strong></span> <span class='ocrx_word' id='word_1_383' title='bbox 1122 2836 1184 2884; x_wconf 89' lang='lat' dir='ltr'><strong>ante</strong></span> <span class='ocrx_word' id='word_1_384' title='bbox 1204 2829 1240 2884; x_wconf 89' lang='lat' dir='ltr'><strong>sit</strong></span> <span class='ocrx_word' id='word_1_385' title='bbox 1259 2829 1359 2884; x_wconf 90' lang='lat' dir='ltr'><strong>animal</strong></span> <span class='ocrx_word' id='word_1_386' title='bbox 1372 2845 1452 2901; x_wconf 90' lang='lat' dir='ltr'><strong>quam</strong></span> <span class='ocrx_word' id='word_1_387' title='bbox 1471 2829 1560 2884; x_wconf 88' lang='lat' dir='ltr'><strong>lrorno.</strong></span> <span class='ocrx_word' id='word_1_388' title='bbox 1577 2827 1631 2884; x_wconf 87' lang='lat' dir='ltr'><strong>Sed</strong></span> <span class='ocrx_word' id='word_1_389' title='bbox 1654 2843 1703 2884; x_wconf 91' lang='lat' dir='ltr'><strong>nee</strong></span> <span class='ocrx_word' id='word_1_390' title='bbox 1719 2827 1796 2883; x_wconf 89' lang='lat' dir='ltr'><strong>adbuc</strong></span> <span class='ocrx_word' id='word_1_391' title='bbox 1810 2827 1864 2882; x_wconf 86' lang='lat' dir='ltr'><strong>bura</strong></span> 
     </span>
    </p>
   </div>
   <div class='ocr_carea' id='block_1_3' title="bbox 284 2917 1924 3208">
    <p class='ocr_par' dir='ltr' id='par_1_4' title="bbox 284 2917 1924 3208">
     <span class='ocr_line' id='line_1_29' title="bbox 285 2917 1924 2996; baseline 0.002 -25"><span class='ocrx_word' id='word_1_392' title='bbox 285 2917 359 2978; x_wconf 81' lang='lat' dir='ltr'><strong>eliud</strong></span> <span class='ocrx_word' id='word_1_393' title='bbox 379 2934 435 2974; x_wconf 92' lang='lat' dir='ltr'><strong>non</strong></span> <span class='ocrx_word' id='word_1_394' title='bbox 449 2917 570 2986; x_wconf 93' lang='lat' dir='ltr'><strong>decebit,</strong></span> <span class='ocrx_word' id='word_1_395' title='bbox 591 2920 639 2977; x_wconf 88' lang='lat' dir='ltr'><strong>sed</strong></span> <span class='ocrx_word' id='word_1_396' title='bbox 655 2920 737 2977; x_wconf 89' lang='lat' dir='ltr'><strong>homo</strong></span> <span class='ocrx_word' id='word_1_397' title='bbox 754 2921 890 2994; x_wconf 89' lang='lat' dir='ltr'><strong>quomodo</strong></span> <span class='ocrx_word' id='word_1_398' title='bbox 909 2931 975 2976; x_wconf 90' lang='lat' dir='ltr'><strong>tune</strong></span> <span class='ocrx_word' id='word_1_399' title='bbox 997 2922 1069 2980; x_wconf 90' lang='lat' dir='ltr'><strong>erit:</strong></span> <span class='ocrx_word' id='word_1_400' title='bbox 1120 2927 1173 2988; x_wconf 88' lang='lat' dir='ltr'><strong>est,</strong></span> <span class='ocrx_word' id='word_1_401' title='bbox 1192 2921 1292 2993; x_wconf 88' lang='lat' dir='ltr'><strong>quippe</strong></span> <span class='ocrx_word' id='word_1_402' title='bbox 1312 2921 1468 2979; x_wconf 84' lang='lat' dir='ltr'><strong>humanitas</strong></span> <span class='ocrx_word' id='word_1_403' title='bbox 1482 2921 1577 2987; x_wconf 90' lang='lat' dir='ltr'><strong>deest,</strong></span> <span class='ocrx_word' id='word_1_404' title='bbox 1603 2920 1677 2977; x_wconf 91' lang='lat' dir='ltr'><strong>unde</strong></span> <span class='ocrx_word' id='word_1_405' title='bbox 1690 2921 1863 2982; x_wconf 67' lang='lat' dir='ltr'><strong>elucubrati</strong></span> <span class='ocrx_word' id='word_1_406' title='bbox 1923 2993 1924 2996; x_wconf 7' lang='grc' dir='ltr'><strong>Ἴ</strong></span> 
     </span>
     <span class='ocr_line' id='line_1_30' title="bbox 284 3005 1862 3088; baseline -0.002 -22"><span class='ocrx_word' id='word_1_407' title='bbox 284 3012 333 3084; x_wconf 88' lang='lat' dir='ltr'><strong>qui</strong></span> <span class='ocrx_word' id='word_1_408' title='bbox 346 3012 374 3068; x_wconf 92' lang='lat' dir='ltr'><strong>iu</strong></span> <span class='ocrx_word' id='word_1_409' title='bbox 387 3012 549 3070; x_wconf 82' lang='lat' dir='ltr'><strong>boesaeculo</strong></span> <span class='ocrx_word' id='word_1_410' title='bbox 563 3014 644 3070; x_wconf 86' lang='lat' dir='ltr'><strong>bomo</strong></span> <span class='ocrx_word' id='word_1_411' title='bbox 658 3030 715 3070; x_wconf 90' lang='lat' dir='ltr'><strong>non</strong></span> <span class='ocrx_word' id='word_1_412' title='bbox 729 3013 863 3088; x_wconf 73' lang='lat' dir='ltr'><strong>iuitllbll)</strong></span> <span class='ocrx_word' id='word_1_413' title='bbox 874 3013 965 3086; x_wconf 86' lang='lat' dir='ltr'><strong>qualis</strong></span> <span class='ocrx_word' id='word_1_414' title='bbox 978 3021 1071 3076; x_wconf 88' lang='lat' dir='ltr'><strong>autem</strong></span> <span class='ocrx_word' id='word_1_415' title='bbox 1121 3009 1219 3080; x_wconf 88' lang='lat' dir='ltr'><strong>lorma,</strong></span> <span class='ocrx_word' id='word_1_416' title='bbox 1240 3020 1268 3068; x_wconf 92' lang='lat' dir='ltr'><strong>et</strong></span> <span class='ocrx_word' id='word_1_417' title='bbox 1291 3012 1430 3083; x_wconf 88' lang='lat' dir='ltr'><strong>quantitas</strong></span> <span class='ocrx_word' id='word_1_418' title='bbox 1452 3011 1616 3068; x_wconf 80' lang='lat' dir='ltr'><strong>humanitati</strong></span> <span class='ocrx_word' id='word_1_419' title='bbox 1636 3010 1724 3067; x_wconf 89' lang='lat' dir='ltr'><strong>debita</strong></span> <span class='ocrx_word' id='word_1_420' title='bbox 1742 3010 1828 3064; x_wconf 86' lang='lat' dir='ltr'><strong>absunt.</strong></span> <span class='ocrx_word' id='word_1_421' title='bbox 1845 3005 1862 3064; x_wconf 88' lang='lat' dir='ltr'><strong>Si</strong></span> 
     </span>
     <span class='ocr_line' id='line_1_31' title="bbox 284 3097 1862 3208; baseline -0.006 -45"><span class='ocrx_word' id='word_1_422' title='bbox 284 3103 437 3173; x_wconf 89' lang='lat' dir='ltr'><strong>bomeerit,</strong></span> <span class='ocrx_word' id='word_1_423' title='bbox 448 3105 502 3162; x_wconf 89' lang='lat' dir='ltr'><strong>nisi</strong></span> <span class='ocrx_word' id='word_1_424' title='bbox 514 3121 577 3168; x_wconf 91' lang='lat' dir='ltr'><strong>cum</strong></span> <span class='ocrx_word' id='word_1_425' title='bbox 588 3107 696 3168; x_wconf 81' lang='lat' dir='ltr'><strong>caeteris</strong></span> <span class='ocrx_word' id='word_1_426' title='bbox 709 3106 906 3164; x_wconf 79' lang='lat' dir='ltr'><strong>resurrexerit?</strong></span> <span class='ocrx_word' id='word_1_427' title='bbox 920 3121 982 3161; x_wconf 89' lang='lat' dir='ltr'><strong>narn</strong></span> <span class='ocrx_word' id='word_1_428' title='bbox 992 3106 1070 3177; x_wconf 83' lang='lat' dir='ltr'><strong>juxta</strong></span> <span class='ocrx_word' id='word_1_429' title='bbox 1084 3147 1106 3208; x_wconf 66' lang='lat' dir='ltr'>c</span> <span class='ocrx_word' id='word_1_430' title='bbox 1121 3119 1186 3175; x_wconf 87' lang='lat' dir='ltr'><strong>ergo</strong></span> <span class='ocrx_word' id='word_1_431' title='bbox 1208 3118 1259 3160; x_wconf 89' lang='lat' dir='ltr'><strong>uec</strong></span> <span class='ocrx_word' id='word_1_432' title='bbox 1274 3103 1404 3160; x_wconf 89' lang='lat' dir='ltr'><strong>sensibile</strong></span> <span class='ocrx_word' id='word_1_433' title='bbox 1417 3109 1478 3168; x_wconf 89' lang='lat' dir='ltr'><strong>est,</strong></span> <span class='ocrx_word' id='word_1_434' title='bbox 1493 3101 1557 3173; x_wconf 91' lang='lat' dir='ltr'><strong>quia</strong></span> <span class='ocrx_word' id='word_1_435' title='bbox 1577 3115 1630 3157; x_wconf 90' lang='lat' dir='ltr'><strong>nec</strong></span> <span class='ocrx_word' id='word_1_436' title='bbox 1645 3101 1736 3168; x_wconf 71' lang='lat' dir='ltr'><strong>honam</strong></span> <span class='ocrx_word' id='word_1_437' title='bbox 1757 3113 1799 3156; x_wconf 89' lang='lat' dir='ltr'><strong>nee</strong></span> <span class='ocrx_word' id='word_1_438' title='bbox 1814 3097 1862 3152; x_wconf 89' lang='lat' dir='ltr'><strong>aliud</strong></span> 
     </span>
    </p>
   </div>
   <div class='ocr_carea' id='block_1_4' title="bbox 283 3193 1862 3456">
    <p class='ocr_par' dir='ltr' id='par_1_5' title="bbox 283 3193 1862 3456">
     <span class='ocr_line' id='line_1_32' title="bbox 283 3193 1862 3270; baseline -0.003 -19"><span class='ocrx_word' id='word_1_439' title='bbox 283 3197 459 3268; x_wconf 77' lang='lat' dir='ltr'><strong>Apostolum:</strong></span> <span class='ocrx_word' id='word_1_440' title='bbox 476 3196 573 3254; x_wconf 81' lang='lat' dir='ltr'><strong>Omnes</strong></span> <span class='ocrx_word' id='word_1_441' title='bbox 587 3198 692 3269; x_wconf 84' lang='lat' dir='ltr'><strong>quidem</strong></span> <span class='ocrx_word' id='word_1_442' title='bbox 705 3215 870 3270; x_wconf 79' lang='lat' dir='ltr'><strong>resurgemus</strong></span> <span class='ocrx_word' id='word_1_443' title='bbox 892 3195 920 3268; x_wconf 89' lang='grc'><strong>(1</strong></span> <span class='ocrx_word' id='word_1_444' title='bbox 936 3195 1001 3256; x_wconf 81' lang='lat' dir='ltr'><strong>Cor.</strong></span> <span class='ocrx_word' id='word_1_445' title='bbox 1022 3213 1069 3263; x_wconf 83' lang='lat' dir='ltr'><strong>rr,</strong></span> <span class='ocrx_word' id='word_1_446' title='bbox 1121 3197 1220 3254; x_wconf 90' lang='lat' dir='ltr'><strong>animal</strong></span> <span class='ocrx_word' id='word_1_447' title='bbox 1233 3205 1285 3263; x_wconf 86' lang='lat' dir='ltr'><strong>est,</strong></span> <span class='ocrx_word' id='word_1_448' title='bbox 1298 3213 1348 3253; x_wconf 92' lang='lat' dir='ltr'><strong>uec</strong></span> <span class='ocrx_word' id='word_1_449' title='bbox 1363 3195 1530 3263; x_wconf 90' lang='lat' dir='ltr'><strong>insensibile,</strong></span> <span class='ocrx_word' id='word_1_450' title='bbox 1544 3195 1610 3268; x_wconf 89' lang='lat' dir='ltr'><strong>quia</strong></span> <span class='ocrx_word' id='word_1_451' title='bbox 1623 3211 1672 3251; x_wconf 92' lang='lat' dir='ltr'><strong>nec</strong></span> <span class='ocrx_word' id='word_1_452' title='bbox 1685 3193 1776 3258; x_wconf 87' lang='lat' dir='ltr'><strong>herba,</strong></span> <span class='ocrx_word' id='word_1_453' title='bbox 1789 3207 1862 3248; x_wconf 86' lang='lat' dir='ltr'><strong>neca·</strong></span> 
     </span>
     <span class='ocr_line' id='line_1_33' title="bbox 283 3285 1862 3364; baseline -0.003 -19"><span class='ocrx_word' id='word_1_454' title='bbox 283 3287 344 3360; x_wconf 81' lang='lat' dir='ltr'><strong>5¹l²</strong></span> <span class='ocrx_word' id='word_1_455' title='bbox 359 3305 503 3362; x_wconf 77' lang='lat' dir='ltr'><strong>resurgere</strong></span> <span class='ocrx_word' id='word_1_456' title='bbox 521 3298 613 3346; x_wconf 92' lang='lat' dir='ltr'><strong>autem</strong></span> <span class='ocrx_word' id='word_1_457' title='bbox 631 3289 679 3364; x_wconf 87' lang='lat' dir='ltr'><strong>qui</strong></span> <span class='ocrx_word' id='word_1_458' title='bbox 698 3290 798 3362; x_wconf 90' lang='lat' dir='ltr'><strong>poterit</strong></span> <span class='ocrx_word' id='word_1_459' title='bbox 811 3290 864 3347; x_wconf 89' lang='lat' dir='ltr'><strong>nisi</strong></span> <span class='ocrx_word' id='word_1_460' title='bbox 882 3290 960 3362; x_wconf 87' lang='lat' dir='ltr'><strong>prius</strong></span> <span class='ocrx_word' id='word_1_461' title='bbox 982 3298 1072 3348; x_wconf 88' lang='lat' dir='ltr'><strong>morte</strong></span> <span class='ocrx_word' id='word_1_462' title='bbox 1120 3289 1171 3346; x_wconf 91' lang='lat' dir='ltr'><strong>bor</strong></span> <span class='ocrx_word' id='word_1_463' title='bbox 1185 3297 1245 3359; x_wconf 86' lang='lat' dir='ltr'><strong>est;</strong></span> <span class='ocrx_word' id='word_1_464' title='bbox 1266 3287 1391 3362; x_wconf 89' lang='lat' dir='ltr'><strong>proiecto</strong></span> <span class='ocrx_word' id='word_1_465' title='bbox 1409 3288 1498 3360; x_wconf 61' lang='lat' dir='ltr'><strong>,liquet</strong></span> <span class='ocrx_word' id='word_1_466' title='bbox 1518 3289 1581 3360; x_wconf 91' lang='lat' dir='ltr'><strong>quia</strong></span> <span class='ocrx_word' id='word_1_467' title='bbox 1595 3287 1680 3344; x_wconf 79' lang='lat' dir='ltr'><strong>citam</strong></span> <span class='ocrx_word' id='word_1_468' title='bbox 1701 3301 1751 3343; x_wconf 94' lang='lat' dir='ltr'><strong>non</strong></span> <span class='ocrx_word' id='word_1_469' title='bbox 1763 3285 1862 3350; x_wconf 82' lang='lat' dir='ltr'><strong>lebetae</strong></span> 
     </span>
     <span class='ocr_line' id='line_1_34' title="bbox 283 3381 1478 3456; baseline 0 -18"><span class='ocrx_word' id='word_1_470' title='bbox 283 3383 433 3440; x_wconf 86' lang='lat' dir='ltr'><strong>ceciderit?</strong></span> <span class='ocrx_word' id='word_1_471' title='bbox 456 3382 594 3456; x_wconf 88' lang='lat' dir='ltr'><strong>quomodo</strong></span> <span class='ocrx_word' id='word_1_472' title='bbox 611 3399 678 3440; x_wconf 83' lang='lat' dir='ltr'><strong>vero</strong></span> <span class='ocrx_word' id='word_1_473' title='bbox 690 3392 778 3440; x_wconf 90' lang='lat' dir='ltr'><strong>morte</strong></span> <span class='ocrx_word' id='word_1_474' title='bbox 798 3381 904 3440; x_wconf 90' lang='lat' dir='ltr'><strong>decedit</strong></span> <span class='ocrx_word' id='word_1_475' title='bbox 926 3382 974 3456; x_wconf 93' lang='lat' dir='ltr'><strong>qui</strong></span> <span class='ocrx_word' id='word_1_476' title='bbox 999 3399 1071 3442; x_wconf 88' lang='lat' dir='ltr'><strong>nun·</strong></span> <span class='ocrx_word' id='word_1_477' title='bbox 1120 3399 1170 3456; x_wconf 89' lang='lat' dir='ltr'><strong>per</strong></span> <span class='ocrx_word' id='word_1_478' title='bbox 1183 3383 1234 3440; x_wconf 90' lang='lat' dir='ltr'><strong>boe</strong></span> <span class='ocrx_word' id='word_1_479' title='bbox 1251 3383 1385 3439; x_wconf 89' lang='lat' dir='ltr'><strong>morinen</strong></span> <span class='ocrx_word' id='word_1_480' title='bbox 1398 3381 1478 3438; x_wconf 80' lang='lat' dir='ltr'><strong>ualet</strong></span> 
     </span>
    </p>
   </div>
   <div class='ocr_carea' id='block_1_5' title="bbox 282 3468 1922 3546">
    <p class='ocr_par' dir='ltr' id='par_1_6' title="bbox 282 3468 1922 3546">
     <span class='ocr_line' id='line_1_35' title="bbox 282 3468 1922 3546; baseline -0.004 -16"><span class='ocrx_word' id='word_1_481' title='bbox 282 3489 365 3544; x_wconf 90' lang='lat' dir='ltr'><strong>quarn</strong></span> <span class='ocrx_word' id='word_1_482' title='bbox 376 3474 498 3531; x_wconf 83' lang='lat' dir='ltr'><strong>riritlea</strong></span> <span class='ocrx_word' id='word_1_483' title='bbox 512 3475 585 3531; x_wconf 89' lang='lat' dir='ltr'><strong>enim</strong></span> <span class='ocrx_word' id='word_1_484' title='bbox 595 3481 705 3530; x_wconf 89' lang='lat' dir='ltr'><strong>mortua</strong></span> <span class='ocrx_word' id='word_1_485' title='bbox 716 3475 914 3546; x_wconf 78' lang='lat' dir='ltr'><strong>dicunturque</strong></span> <span class='ocrx_word' id='word_1_486' title='bbox 924 3473 1072 3546; x_wconf 90' lang='lat' dir='ltr'><strong>aliquando</strong></span> <span class='ocrx_word' id='word_1_487' title='bbox 1155 3473 1371 3536; x_wconf 60' lang='lat' dir='ltr'><strong>ilicetnlortasse</strong></span> <span class='ocrx_word' id='word_1_488' title='bbox 1385 3473 1483 3544; x_wconf 89' lang='lat' dir='ltr'><strong>aliquis</strong></span> <span class='ocrx_word' id='word_1_489' title='bbox 1498 3491 1505 3528; x_wconf 91' lang='lat'><strong>:</strong></span> <span class='ocrx_word' id='word_1_490' title='bbox 1523 3469 1664 3525; x_wconf 82' lang='lat' dir='ltr'><strong>inductam</strong></span> <span class='ocrx_word' id='word_1_491' title='bbox 1682 3468 1764 3540; x_wconf 70' lang='lat' dir='ltr'><strong>fluide</strong></span> <span class='ocrx_word' id='word_1_492' title='bbox 1780 3469 1861 3522; x_wconf 82' lang='lat' dir='ltr'><strong>eninm</strong></span> <span class='ocrx_word' id='word_1_493' title='bbox 1921 3509 1922 3524; x_wconf 54' lang='lat' dir='ltr'><strong>r</strong></span> 
     </span>
    </p>
   </div>
   <div class='ocr_carea' id='block_1_6' title="bbox 279 3558 1861 4284">
    <p class='ocr_par' dir='ltr' id='par_1_7' title="bbox 279 3558 1861 4284">
     <span class='ocr_line' id='line_1_36' title="bbox 283 3558 1861 3638; baseline -0.006 -18"><span class='ocrx_word' id='word_1_494' title='bbox 283 3566 419 3623; x_wconf 75' lang='lat' dir='ltr'><strong>vixerunt.</strong></span> <span class='ocrx_word' id='word_1_495' title='bbox 436 3565 564 3626; x_wconf 77' lang='lat' dir='ltr'><strong>Fatemur</strong></span> <span class='ocrx_word' id='word_1_496' title='bbox 582 3567 636 3624; x_wconf 85' lang='lat' dir='ltr'><strong>dde</strong></span> <span class='ocrx_word' id='word_1_497' title='bbox 651 3566 796 3623; x_wconf 80' lang='lat' dir='ltr'><strong>bominum</strong></span> <span class='ocrx_word' id='word_1_498' title='bbox 810 3568 888 3624; x_wconf 82' lang='lat' dir='ltr'><strong>viros</strong></span> <span class='ocrx_word' id='word_1_499' title='bbox 901 3574 930 3624; x_wconf 92' lang='lat' dir='ltr'><strong>et</strong></span> <span class='ocrx_word' id='word_1_500' title='bbox 947 3575 1071 3624; x_wconf 88' lang='lat' dir='ltr'><strong>mortuos</strong></span> <span class='ocrx_word' id='word_1_501' title='bbox 1121 3568 1249 3632; x_wconf 84' lang='lat' dir='ltr'><strong>materie,</strong></span> <span class='ocrx_word' id='word_1_502' title='bbox 1264 3567 1322 3638; x_wconf 77' lang='lat' dir='ltr'><strong>ejas</strong></span> <span class='ocrx_word' id='word_1_503' title='bbox 1341 3565 1425 3636; x_wconf 88' lang='lat' dir='ltr'><strong>primo</strong></span> <span class='ocrx_word' id='word_1_504' title='bbox 1440 3580 1492 3618; x_wconf 90' lang='lat' dir='ltr'><strong>non</strong></span> <span class='ocrx_word' id='word_1_505' title='bbox 1509 3564 1634 3618; x_wconf 75' lang='lat' dir='ltr'><strong>reuereri</strong></span> <span class='ocrx_word' id='word_1_506' title='bbox 1651 3563 1776 3633; x_wconf 80' lang='lat' dir='ltr'><strong>contagio,</strong></span> <span class='ocrx_word' id='word_1_507' title='bbox 1790 3558 1861 3630; x_wconf 76' lang='lat' dir='ltr'><strong>quirit</strong></span> 
     </span>
     <span class='ocr_line' id='line_1_37' title="bbox 279 3652 1860 3737; baseline -0.006 -25"><span class='ocrx_word' id='word_1_508' title='bbox 279 3655 486 3737; x_wconf 72' lang='lat' dir='ltr'><strong>judicaturum,</strong></span> <span class='ocrx_word' id='word_1_509' title='bbox 501 3657 581 3715; x_wconf 89' lang='lat' dir='ltr'><strong>idest</strong></span> <span class='ocrx_word' id='word_1_510' title='bbox 594 3657 651 3732; x_wconf 75' lang='grc'><strong>69</strong></span> <span class='ocrx_word' id='word_1_511' title='bbox 663 3674 733 3730; x_wconf 91' lang='lat' dir='ltr'><strong>quos</strong></span> <span class='ocrx_word' id='word_1_512' title='bbox 754 3658 799 3715; x_wconf 90' lang='lat' dir='ltr'><strong>iile</strong></span> <span class='ocrx_word' id='word_1_513' title='bbox 814 3659 884 3730; x_wconf 85' lang='lat' dir='ltr'><strong>ignis</strong></span> <span class='ocrx_word' id='word_1_514' title='bbox 895 3658 990 3720; x_wconf 85' lang='lat' dir='ltr'><strong>mundi</strong></span> <span class='ocrx_word' id='word_1_515' title='bbox 1009 3673 1072 3731; x_wconf 88' lang='lat' dir='ltr'><strong>per·</strong></span> <span class='ocrx_word' id='word_1_516' title='bbox 1118 3675 1149 3716; x_wconf 77' lang='lat' dir='ltr'><strong>ae</strong></span> <span class='ocrx_word' id='word_1_517' title='bbox 1161 3674 1287 3720; x_wconf 83' lang='lat' dir='ltr'><strong>monens,</strong></span> <span class='ocrx_word' id='word_1_518' title='bbox 1305 3656 1469 3727; x_wconf 83' lang='lat' dir='ltr'><strong>personalem</strong></span> <span class='ocrx_word' id='word_1_519' title='bbox 1483 3655 1568 3710; x_wconf 78' lang='lat' dir='ltr'><strong>odlnm</strong></span> <span class='ocrx_word' id='word_1_520' title='bbox 1580 3653 1736 3726; x_wconf 80' lang='lat' dir='ltr'><strong>dedignatur</strong></span> <span class='ocrx_word' id='word_1_521' title='bbox 1747 3652 1860 3706; x_wconf 78' lang='lat' dir='ltr'><strong>rnilitum.</strong></span> 
     </span>
     <span class='ocr_line' id='line_1_38' title="bbox 284 3741 1860 3822; baseline -0.006 -18"><span class='ocrx_word' id='word_1_522' title='bbox 284 3750 436 3822; x_wconf 87' lang='lat' dir='ltr'><strong>carptorius</strong></span> <span class='ocrx_word' id='word_1_523' title='bbox 460 3752 605 3821; x_wconf 88' lang='lat' dir='ltr'><strong>repererit,</strong></span> <span class='ocrx_word' id='word_1_524' title='bbox 617 3751 661 3808; x_wconf 86' lang='lat' dir='ltr'><strong>rel</strong></span> <span class='ocrx_word' id='word_1_525' title='bbox 671 3751 761 3807; x_wconf 89' lang='lat' dir='ltr'><strong>adbuc</strong></span> <span class='ocrx_word' id='word_1_526' title='bbox 775 3751 861 3817; x_wconf 82' lang='lat' dir='ltr'><strong>riuos,</strong></span> <span class='ocrx_word' id='word_1_527' title='bbox 879 3752 986 3822; x_wconf 78' lang='lat' dir='ltr'><strong>reliam</strong></span> <span class='ocrx_word' id='word_1_528' title='bbox 998 3767 1071 3808; x_wconf 84' lang='lat' dir='ltr'><strong>nior·</strong></span> <span class='ocrx_word' id='word_1_529' title='bbox 1122 3748 1312 3805; x_wconf 81' lang='lat' dir='ltr'><strong>Underordido</strong></span> <span class='ocrx_word' id='word_1_530' title='bbox 1328 3748 1406 3820; x_wconf 82' lang='lat' dir='ltr'><strong>quasi</strong></span> <span class='ocrx_word' id='word_1_531' title='bbox 1421 3747 1524 3803; x_wconf 81' lang='lat' dir='ltr'><strong>incluso</strong></span> <span class='ocrx_word' id='word_1_532' title='bbox 1540 3747 1646 3819; x_wconf 77' lang='lat' dir='ltr'><strong>tuguria</strong></span> <span class='ocrx_word' id='word_1_533' title='bbox 1660 3763 1710 3801; x_wconf 86' lang='lat' dir='ltr'><strong>nen</strong></span> <span class='ocrx_word' id='word_1_534' title='bbox 1722 3741 1860 3817; x_wconf 71' lang='lat' dir='ltr'><strong>[clarente</strong></span> 
     </span>
     <span class='ocr_line' id='line_1_39' title="bbox 284 3831 1859 3915; baseline -0.009 -18"><span class='ocrx_word' id='word_1_535' title='bbox 284 3849 358 3898; x_wconf 89' lang='lat' dir='ltr'><strong>tuos.</strong></span> <span class='ocrx_word' id='word_1_536' title='bbox 372 3841 478 3915; x_wconf 84' lang='lat' dir='ltr'><strong>Ergone</strong></span> <span class='ocrx_word' id='word_1_537' title='bbox 493 3843 573 3899; x_wconf 90' lang='lat' dir='ltr'><strong>homo</strong></span> <span class='ocrx_word' id='word_1_538' title='bbox 587 3843 640 3900; x_wconf 91' lang='lat' dir='ltr'><strong>iste</strong></span> <span class='ocrx_word' id='word_1_539' title='bbox 656 3859 765 3910; x_wconf 80' lang='lat' dir='ltr'><strong>nortus,</strong></span> <span class='ocrx_word' id='word_1_540' title='bbox 784 3852 812 3901; x_wconf 92' lang='grc' dir='ltr'><strong>ει</strong></span> <span class='ocrx_word' id='word_1_541' title='bbox 834 3845 1011 3901; x_wconf 83' lang='lat' dir='ltr'><strong>inconsuetus</strong></span> <span class='ocrx_word' id='word_1_542' title='bbox 1024 3843 1073 3915; x_wconf 82' lang='lat' dir='ltr'><strong>ju·</strong></span> <span class='ocrx_word' id='word_1_543' title='bbox 1118 3839 1210 3899; x_wconf 79' lang='lat' dir='ltr'><strong>dando</strong></span> <span class='ocrx_word' id='word_1_544' title='bbox 1226 3837 1330 3894; x_wconf 84' lang='lat' dir='ltr'><strong>tandem</strong></span> <span class='ocrx_word' id='word_1_545' title='bbox 1343 3845 1525 3894; x_wconf 82' lang='lat' dir='ltr'><strong>consummate</strong></span> <span class='ocrx_word' id='word_1_546' title='bbox 1537 3837 1662 3891; x_wconf 79' lang='lat' dir='ltr'><strong>inmane</strong></span> <span class='ocrx_word' id='word_1_547' title='bbox 1676 3835 1773 3906; x_wconf 77' lang='lat' dir='ltr'><strong>[ulrice</strong></span> <span class='ocrx_word' id='word_1_548' title='bbox 1783 3831 1859 3902; x_wconf 75' lang='lat' dir='ltr'><strong>patui.</strong></span> 
     </span>
     <span class='ocr_line' id='line_1_40' title="bbox 283 3923 1860 4005; baseline -0.006 -19"><span class='ocrx_word' id='word_1_549' title='bbox 283 3933 432 4001; x_wconf 85' lang='lat' dir='ltr'><strong>dicabitur,</strong></span> <span class='ocrx_word' id='word_1_550' title='bbox 449 3934 497 4005; x_wconf 93' lang='lat' dir='ltr'><strong>qui</strong></span> <span class='ocrx_word' id='word_1_551' title='bbox 511 3947 562 3990; x_wconf 92' lang='lat' dir='ltr'><strong>nee</strong></span> <span class='ocrx_word' id='word_1_552' title='bbox 588 3934 660 3991; x_wconf 91' lang='lat' dir='ltr'><strong>inter</strong></span> <span class='ocrx_word' id='word_1_553' title='bbox 674 3942 788 3993; x_wconf 83' lang='lat' dir='ltr'><strong>caeteros</strong></span> <span class='ocrx_word' id='word_1_554' title='bbox 810 3936 907 4002; x_wconf 86' lang='lat' dir='ltr'><strong>rirus,</strong></span> <span class='ocrx_word' id='word_1_555' title='bbox 921 3950 972 3992; x_wconf 91' lang='lat' dir='ltr'><strong>nee</strong></span> <span class='ocrx_word' id='word_1_556' title='bbox 995 3934 1071 3991; x_wconf 81' lang='lat' dir='ltr'><strong>inre-</strong></span> <span class='ocrx_word' id='word_1_557' title='bbox 1121 3931 1151 3989; x_wconf 85' lang='lat' dir='ltr'><strong>Si</strong></span> <span class='ocrx_word' id='word_1_558' title='bbox 1166 3948 1232 4004; x_wconf 91' lang='lat' dir='ltr'><strong>ergo</strong></span> <span class='ocrx_word' id='word_1_559' title='bbox 1246 3939 1392 4003; x_wconf 88' lang='lat' dir='ltr'><strong>antequam</strong></span> <span class='ocrx_word' id='word_1_560' title='bbox 1407 3929 1533 3986; x_wconf 88' lang='lat' dir='ltr'><strong>machina</strong></span> <span class='ocrx_word' id='word_1_561' title='bbox 1556 3929 1614 3986; x_wconf 77' lang='lat' dir='ltr'><strong>bace</strong></span> <span class='ocrx_word' id='word_1_562' title='bbox 1636 3929 1669 3986; x_wconf 89' lang='lat' dir='ltr'><strong>ad</strong></span> <span class='ocrx_word' id='word_1_563' title='bbox 1689 3923 1860 3985; x_wconf 89' lang='lat' dir='ltr'><strong>summumedt·</strong></span> 
     </span>
     <span class='ocr_line' id='line_1_41' title="bbox 284 4017 1859 4095; baseline -0.006 -13"><span class='ocrx_word' id='word_1_564' title='bbox 284 4028 376 4083; x_wconf 91' lang='lat' dir='ltr'><strong>nietur</strong></span> <span class='ocrx_word' id='word_1_565' title='bbox 388 4027 528 4090; x_wconf 76' lang='lat' dir='ltr'><strong>mortuus?</strong></span> <span class='ocrx_word' id='word_1_566' title='bbox 542 4023 621 4094; x_wconf 82' lang='lat' dir='ltr'><strong>Quod</strong></span> <span class='ocrx_word' id='word_1_567' title='bbox 631 4035 720 4085; x_wconf 89' lang='lat' dir='ltr'><strong>autern</strong></span> <span class='ocrx_word' id='word_1_568' title='bbox 732 4029 896 4085; x_wconf 89' lang='lat' dir='ltr'><strong>resurreetio</strong></span> <span class='ocrx_word' id='word_1_569' title='bbox 906 4043 962 4086; x_wconf 87' lang='lat' dir='ltr'><strong>noa</strong></span> <span class='ocrx_word' id='word_1_570' title='bbox 971 4027 1069 4090; x_wconf 85' lang='lat' dir='ltr'><strong>sitnisi</strong></span> <span class='ocrx_word' id='word_1_571' title='bbox 1118 4029 1203 4091; x_wconf 87' lang='lat' dir='ltr'><strong>citur,</strong></span> <span class='ocrx_word' id='word_1_572' title='bbox 1222 4025 1379 4082; x_wconf 79' lang='lat' dir='ltr'><strong>uiolentiam</strong></span> <span class='ocrx_word' id='word_1_573' title='bbox 1398 4023 1540 4095; x_wconf 82' lang='lat' dir='ltr'><strong>ejectionis</strong></span> <span class='ocrx_word' id='word_1_574' title='bbox 1563 4024 1681 4095; x_wconf 76' lang='lat' dir='ltr'><strong>iniuria,</strong></span> <span class='ocrx_word' id='word_1_575' title='bbox 1704 4031 1731 4078; x_wconf 92' lang='lat' dir='ltr'><strong>ut</strong></span> <span class='ocrx_word' id='word_1_576' title='bbox 1744 4021 1784 4084; x_wconf 84' lang='lat' dir='ltr'><strong>ln.</strong></span> <span class='ocrx_word' id='word_1_577' title='bbox 1800 4017 1859 4074; x_wconf 81' lang='lat' dir='ltr'><strong>aban</strong></span> 
     </span>
     <span class='ocr_line' id='line_1_42' title="bbox 285 4109 1860 4192; baseline -0.009 -16"><span class='ocrx_word' id='word_1_578' title='bbox 285 4120 332 4177; x_wconf 93' lang='lat' dir='ltr'><strong>ubi</strong></span> <span class='ocrx_word' id='word_1_579' title='bbox 345 4136 419 4177; x_wconf 90' lang='lat' dir='ltr'><strong>mors</strong></span> <span class='ocrx_word' id='word_1_580' title='bbox 434 4121 615 4192; x_wconf 76' lang='lat' dir='ltr'><strong>precesserit,</strong></span> <span class='ocrx_word' id='word_1_581' title='bbox 628 4132 654 4178; x_wconf 87' lang='lat' dir='ltr'><strong>et</strong></span> <span class='ocrx_word' id='word_1_582' title='bbox 669 4121 698 4177; x_wconf 88' lang='lat' dir='ltr'><strong>in</strong></span> <span class='ocrx_word' id='word_1_583' title='bbox 709 4122 781 4178; x_wconf 92' lang='lat' dir='ltr'><strong>libro</strong></span> <span class='ocrx_word' id='word_1_584' title='bbox 795 4121 1011 4178; x_wconf 67' lang='lat' dir='ltr'><strong>machabaeorum</strong></span> <span class='ocrx_word' id='word_1_585' title='bbox 1022 4121 1070 4180; x_wconf 85' lang='lat' dir='ltr'><strong>tu·</strong></span> <span class='ocrx_word' id='word_1_586' title='bbox 1120 4119 1219 4180; x_wconf 87' lang='lat' dir='ltr'><strong>inierat</strong></span> <span class='ocrx_word' id='word_1_587' title='bbox 1234 4117 1394 4174; x_wconf 89' lang='lat' dir='ltr'><strong>inhabitanti</strong></span> <span class='ocrx_word' id='word_1_588' title='bbox 1408 4136 1415 4186; x_wconf 88' lang='lat'>;</span> <span class='ocrx_word' id='word_1_589' title='bbox 1434 4133 1496 4190; x_wconf 83' lang='lat' dir='ltr'><strong>qnae</strong></span> <span class='ocrx_word' id='word_1_590' title='bbox 1509 4117 1651 4174; x_wconf 90' lang='lat' dir='ltr'><strong>rationalis</strong></span> <span class='ocrx_word' id='word_1_591' title='bbox 1664 4127 1690 4172; x_wconf 90' lang='lat' dir='ltr'><strong>et</strong></span> <span class='ocrx_word' id='word_1_592' title='bbox 1704 4115 1788 4170; x_wconf 85' lang='lat' dir='ltr'><strong>nrunda</strong></span> <span class='ocrx_word' id='word_1_593' title='bbox 1804 4109 1860 4164; x_wconf 84' lang='lat' dir='ltr'><strong>aller</strong></span> 
     </span>
     <span class='ocr_line' id='line_1_43' title="bbox 283 4201 1859 4284; baseline -0.01 -15"><span class='ocrx_word' id='word_1_594' title='bbox 283 4213 465 4278; x_wconf 75' lang='lat' dir='ltr'><strong>desinerent,</strong></span> <span class='ocrx_word' id='word_1_595' title='bbox 480 4213 545 4270; x_wconf 91' lang='lat' dir='ltr'><strong>dum</strong></span> <span class='ocrx_word' id='word_1_596' title='bbox 558 4214 667 4284; x_wconf 85' lang='lat' dir='ltr'><strong>eosqui</strong></span> <span class='ocrx_word' id='word_1_597' title='bbox 680 4214 852 4279; x_wconf 90' lang='lat' dir='ltr'><strong>ceciderant,</strong></span> <span class='ocrx_word' id='word_1_598' title='bbox 868 4221 1070 4272; x_wconf 87' lang='lat' dir='ltr'><strong>resurrecturos</strong></span> <span class='ocrx_word' id='word_1_599' title='bbox 1119 4220 1163 4268; x_wconf 92' lang='lat' dir='ltr'><strong>est</strong></span> <span class='ocrx_word' id='word_1_600' title='bbox 1177 4217 1268 4267; x_wconf 90' lang='lat' dir='ltr'><strong>creata</strong></span> <span class='ocrx_word' id='word_1_601' title='bbox 1280 4225 1330 4266; x_wconf 95' lang='lat' dir='ltr'><strong>nec</strong></span> <span class='ocrx_word' id='word_1_602' title='bbox 1346 4210 1517 4280; x_wconf 91' lang='lat' dir='ltr'><strong>postmodum</strong></span> <span class='ocrx_word' id='word_1_603' title='bbox 1533 4211 1652 4281; x_wconf 90' lang='lat' dir='ltr'><strong>cuipiam</strong></span> <span class='ocrx_word' id='word_1_604' title='bbox 1667 4207 1768 4263; x_wconf 81' lang='lat' dir='ltr'><strong>inaculae</strong></span> <span class='ocrx_word' id='word_1_605' title='bbox 1779 4201 1859 4260; x_wconf 85' lang='lat' dir='ltr'><strong>obnorir</strong></span> 
     </span>
    </p>
   </div>
   <div class='ocr_carea' id='block_1_7' title="bbox 285 4291 1919 4381">
    <p class='ocr_par' dir='ltr' id='par_1_8' title="bbox 285 4291 1919 4381">
     <span class='ocr_line' id='line_1_44' title="bbox 285 4291 1919 4381; baseline -0.008 -20"><span class='ocrx_word' id='word_1_606' title='bbox 285 4313 376 4376; x_wconf 85' lang='lat' dir='ltr'><strong>sperat</strong></span> <span class='ocrx_word' id='word_1_607' title='bbox 391 4302 436 4377; x_wconf 87' lang='grc'><strong>(11</strong></span> <span class='ocrx_word' id='word_1_608' title='bbox 449 4302 538 4361; x_wconf 81' lang='grc' dir='ltr'><strong>11εε1ι.</strong></span> <span class='ocrx_word' id='word_1_609' title='bbox 549 4320 604 4370; x_wconf 83' lang='lat' dir='ltr'><strong>sn,</strong></span> <span class='ocrx_word' id='word_1_610' title='bbox 619 4303 682 4376; x_wconf 87' lang='grc'><strong>11);</strong></span> <span class='ocrx_word' id='word_1_611' title='bbox 703 4321 755 4361; x_wconf 88' lang='lat' dir='ltr'><strong>nec</strong></span> <span class='ocrx_word' id='word_1_612' title='bbox 773 4304 922 4377; x_wconf 73' lang='lat' dir='ltr'><strong>Apostolus</strong></span> <span class='ocrx_word' id='word_1_613' title='bbox 941 4306 1068 4377; x_wconf 78' lang='lat' dir='ltr'><strong>ignorat,</strong></span> <span class='ocrx_word' id='word_1_614' title='bbox 1120 4304 1242 4381; x_wconf 77' lang='lat' dir='ltr'><strong>(unicum</strong></span> <span class='ocrx_word' id='word_1_615' title='bbox 1260 4303 1360 4374; x_wconf 93' lang='lat' dir='ltr'><strong>quippe</strong></span> <span class='ocrx_word' id='word_1_616' title='bbox 1373 4316 1511 4372; x_wconf 76' lang='lat' dir='ltr'><strong>corporeae</strong></span> <span class='ocrx_word' id='word_1_617' title='bbox 1524 4301 1693 4372; x_wconf 89' lang='lat' dir='ltr'><strong>contagionis</strong></span> <span class='ocrx_word' id='word_1_618' title='bbox 1704 4291 1859 4363; x_wconf 78' lang='lat' dir='ltr'><strong>evadenspui</strong></span> <span class='ocrx_word' id='word_1_619' title='bbox 1918 4333 1919 4340; x_wconf 36' lang='lat'>1</span> 
     </span>
    </p>
   </div>
   <div class='ocr_carea' id='block_1_8' title="bbox 198 4393 1857 5677">
    <p class='ocr_par' dir='ltr' id='par_1_9' title="bbox 284 4393 1857 4836">
     <span class='ocr_line' id='line_1_45' title="bbox 284 4393 1857 4476; baseline -0.003 -24"><span class='ocrx_word' id='word_1_620' title='bbox 284 4397 349 4452; x_wconf 88' lang='lat' dir='ltr'><strong>drno</strong></span> <span class='ocrx_word' id='word_1_621' title='bbox 365 4398 462 4453; x_wconf 88' lang='lat' dir='ltr'><strong>erebro</strong></span> <span class='ocrx_word' id='word_1_622' title='bbox 480 4397 709 4454; x_wconf 90' lang='lat' dir='ltr'><strong>resurrectionem</strong></span> <span class='ocrx_word' id='word_1_623' title='bbox 733 4407 903 4453; x_wconf 90' lang='lat' dir='ltr'><strong>mortuorum</strong></span> <span class='ocrx_word' id='word_1_624' title='bbox 922 4406 1068 4462; x_wconf 89' lang='lat' dir='ltr'><strong>memorat,</strong></span> <span class='ocrx_word' id='word_1_625' title='bbox 1120 4396 1223 4468; x_wconf 86' lang='lat' dir='ltr'><strong>culum)</strong></span> <span class='ocrx_word' id='word_1_626' title='bbox 1238 4411 1293 4476; x_wconf 80' lang='lat' dir='ltr'><strong>pon</strong></span> <span class='ocrx_word' id='word_1_627' title='bbox 1310 4395 1392 4452; x_wconf 87' lang='lat' dir='ltr'><strong>medo</strong></span> <span class='ocrx_word' id='word_1_628' title='bbox 1414 4403 1536 4466; x_wconf 89' lang='lat' dir='ltr'><strong>tempore</strong></span> <span class='ocrx_word' id='word_1_629' title='bbox 1557 4395 1671 4466; x_wconf 78' lang='lat' dir='ltr'><strong>gratiae,</strong></span> <span class='ocrx_word' id='word_1_630' title='bbox 1684 4407 1767 4450; x_wconf 87' lang='lat' dir='ltr'><strong>rerum</strong></span> <span class='ocrx_word' id='word_1_631' title='bbox 1778 4393 1857 4446; x_wconf 83' lang='lat' dir='ltr'><strong>etanta</strong></span> 
     </span>
     <span class='ocr_line' id='line_1_46' title="bbox 284 4487 1857 4562; baseline -0.005 -17"><span class='ocrx_word' id='word_1_632' title='bbox 284 4497 347 4562; x_wconf 88' lang='lat' dir='ltr'><strong>pust</strong></span> <span class='ocrx_word' id='word_1_633' title='bbox 364 4496 461 4544; x_wconf 82' lang='lat' dir='ltr'><strong>eaetera</strong></span> <span class='ocrx_word' id='word_1_634' title='bbox 472 4489 657 4561; x_wconf 78' lang='lat' dir='ltr'><strong>subjungens:</strong></span> <span class='ocrx_word' id='word_1_635' title='bbox 675 4487 705 4545; x_wconf 88' lang='lat' dir='ltr'><strong>Si</strong></span> <span class='ocrx_word' id='word_1_636' title='bbox 721 4505 773 4562; x_wconf 87' lang='lat' dir='ltr'><strong>qno</strong></span> <span class='ocrx_word' id='word_1_637' title='bbox 786 4488 863 4543; x_wconf 87' lang='lat' dir='ltr'><strong>mode</strong></span> <span class='ocrx_word' id='word_1_638' title='bbox 880 4505 1018 4546; x_wconf 76' lang='lat' dir='ltr'><strong>occurram</strong></span> <span class='ocrx_word' id='word_1_639' title='bbox 1034 4490 1068 4546; x_wconf 86' lang='lat' dir='ltr'><strong>ad</strong></span> <span class='ocrx_word' id='word_1_640' title='bbox 1084 4487 1256 4562; x_wconf 86' lang='lat' dir='ltr'><strong>bquomodo</strong></span> <span class='ocrx_word' id='word_1_641' title='bbox 1275 4488 1406 4545; x_wconf 86' lang='lat' dir='ltr'><strong>debeatur</strong></span> <span class='ocrx_word' id='word_1_642' title='bbox 1426 4487 1533 4544; x_wconf 91' lang='lat' dir='ltr'><strong>inlerno</strong></span> <span class='ocrx_word' id='word_1_643' title='bbox 1552 4487 1656 4558; x_wconf 84' lang='lat' dir='ltr'><strong>absque</strong></span> <span class='ocrx_word' id='word_1_644' title='bbox 1673 4495 1757 4550; x_wconf 85' lang='lat' dir='ltr'><strong>reatu,</strong></span> <span class='ocrx_word' id='word_1_645' title='bbox 1768 4488 1857 4549; x_wconf 80' lang='lat' dir='ltr'><strong>auique</strong></span> 
     </span>
     <span class='ocr_line' id='line_1_47' title="bbox 284 4567 1856 4658; baseline -0.008 -23"><span class='ocrx_word' id='word_1_646' title='bbox 284 4583 578 4654; x_wconf 76' lang='lat' dir='ltr'><strong>resurrectionemque</strong></span> <span class='ocrx_word' id='word_1_647' title='bbox 592 4592 677 4639; x_wconf 75' lang='lat' dir='ltr'><strong>estre</strong></span> <span class='ocrx_word' id='word_1_648' title='bbox 693 4583 804 4638; x_wconf 80' lang='lat' dir='ltr'><strong>mortuis</strong></span> <span class='ocrx_word' id='word_1_649' title='bbox 818 4581 929 4655; x_wconf 81' lang='lat' dir='ltr'><strong>(Plrilip.</strong></span> <span class='ocrx_word' id='word_1_650' title='bbox 948 4597 997 4648; x_wconf 80' lang='grc' dir='ltr'><strong>ιιι,</strong></span> <span class='ocrx_word' id='word_1_651' title='bbox 1013 4583 1068 4658; x_wconf 71' lang='lat' dir='ltr'><strong>ll),</strong></span> <span class='ocrx_word' id='word_1_652' title='bbox 1119 4582 1202 4638; x_wconf 91' lang='lat' dir='ltr'><strong>modo</strong></span> <span class='ocrx_word' id='word_1_653' title='bbox 1221 4580 1291 4637; x_wconf 86' lang='lat' dir='ltr'><strong>eoelo</strong></span> <span class='ocrx_word' id='word_1_654' title='bbox 1312 4581 1414 4652; x_wconf 88' lang='lat' dir='ltr'><strong>absque</strong></span> <span class='ocrx_word' id='word_1_655' title='bbox 1436 4579 1625 4651; x_wconf 77' lang='lat' dir='ltr'><strong>Redemptoris</strong></span> <span class='ocrx_word' id='word_1_656' title='bbox 1644 4575 1770 4634; x_wconf 78' lang='lat' dir='ltr'><strong>adventui</strong></span> <span class='ocrx_word' id='word_1_657' title='bbox 1783 4581 1805 4628; x_wconf 91' lang='lat' dir='ltr'><strong>ut</strong></span> <span class='ocrx_word' id='word_1_658' title='bbox 1815 4567 1856 4642; x_wconf 90' lang='lat' dir='ltr'><strong>quil</strong></span> 
     </span>
     <span class='ocr_line' id='line_1_48' title="bbox 284 4661 1856 4746; baseline -0.01 -16"><span class='ocrx_word' id='word_1_659' title='bbox 284 4673 359 4730; x_wconf 90' lang='lat' dir='ltr'><strong>ldem</strong></span> <span class='ocrx_word' id='word_1_660' title='bbox 374 4690 429 4729; x_wconf 91' lang='lat' dir='ltr'><strong>nou</strong></span> <span class='ocrx_word' id='word_1_661' title='bbox 445 4674 534 4729; x_wconf 85' lang='lat' dir='ltr'><strong>selum</strong></span> <span class='ocrx_word' id='word_1_662' title='bbox 549 4674 578 4729; x_wconf 91' lang='lat' dir='ltr'><strong>in</strong></span> <span class='ocrx_word' id='word_1_663' title='bbox 590 4675 677 4734; x_wconf 89' lang='lat' dir='ltr'><strong>reteri</strong></span> <span class='ocrx_word' id='word_1_664' title='bbox 689 4675 738 4734; x_wconf 78' lang='lat' dir='ltr'><strong>scd</strong></span> <span class='ocrx_word' id='word_1_665' title='bbox 752 4683 782 4731; x_wconf 91' lang='lat' dir='ltr'><strong>et</strong></span> <span class='ocrx_word' id='word_1_666' title='bbox 795 4675 824 4732; x_wconf 88' lang='lat' dir='ltr'><strong>in</strong></span> <span class='ocrx_word' id='word_1_667' title='bbox 834 4689 906 4730; x_wconf 85' lang='lat' dir='ltr'><strong>noro</strong></span> <span class='ocrx_word' id='word_1_668' title='bbox 920 4675 1071 4746; x_wconf 76' lang='lat' dir='ltr'><strong>saepissime</strong></span> <span class='ocrx_word' id='word_1_669' title='bbox 1119 4682 1196 4745; x_wconf 89' lang='lat' dir='ltr'><strong>egeat</strong></span> <span class='ocrx_word' id='word_1_670' title='bbox 1209 4671 1409 4744; x_wconf 83' lang='lat' dir='ltr'><strong>Redemptum,</strong></span> <span class='ocrx_word' id='word_1_671' title='bbox 1424 4671 1471 4742; x_wconf 89' lang='lat' dir='ltr'><strong>qui</strong></span> <span class='ocrx_word' id='word_1_672' title='bbox 1488 4670 1564 4726; x_wconf 91' lang='lat' dir='ltr'><strong>uulla</strong></span> <span class='ocrx_word' id='word_1_673' title='bbox 1574 4668 1664 4725; x_wconf 85' lang='lat' dir='ltr'><strong>uictus</strong></span> <span class='ocrx_word' id='word_1_674' title='bbox 1681 4673 1790 4725; x_wconf 88' lang='lat' dir='ltr'><strong>teneatur</strong></span> <span class='ocrx_word' id='word_1_675' title='bbox 1799 4661 1856 4731; x_wconf 82' lang='lat' dir='ltr'><strong>capi·</strong></span> 
     </span>
     <span class='ocr_line' id='line_1_49' title="bbox 284 4758 1352 4836; baseline -0.002 -14"><span class='ocrx_word' id='word_1_676' title='bbox 284 4758 616 4825; x_wconf 84' lang='lat' dir='ltr'><strong>suadeturTestamento.</strong></span> <span class='ocrx_word' id='word_1_677' title='bbox 1118 4763 1222 4822; x_wconf 76' lang='lat' dir='ltr'><strong>ritate?</strong></span> <span class='ocrx_word' id='word_1_678' title='bbox 1335 4795 1352 4836; x_wconf 68' lang='lat'><em>0</em></span> 
     </span>
    </p>

    <p class='ocr_par' dir='ltr' id='par_1_10' title="bbox 198 4853 1855 5392">
     <span class='ocr_line' id='line_1_50' title="bbox 236 4853 1854 4930; baseline -0.011 -16"><span class='ocrx_word' id='word_1_679' title='bbox 236 4861 243 4896; x_wconf 76' lang='lat'>²</span> <span class='ocrx_word' id='word_1_680' title='bbox 319 4857 426 4930; x_wconf 85' lang='lat' dir='ltr'><strong>Corpus</strong></span> <span class='ocrx_word' id='word_1_681' title='bbox 435 4859 488 4914; x_wconf 85' lang='lat' dir='ltr'><strong>sibi</strong></span> <span class='ocrx_word' id='word_1_682' title='bbox 499 4857 617 4914; x_wconf 82' lang='lat' dir='ltr'><strong>infusam</strong></span> <span class='ocrx_word' id='word_1_683' title='bbox 626 4856 791 4930; x_wconf 84' lang='lat' dir='ltr'><strong>originaliter</strong></span> <span class='ocrx_word' id='word_1_684' title='bbox 800 4856 939 4914; x_wconf 86' lang='lat' dir='ltr'><strong>maculans</strong></span> <span class='ocrx_word' id='word_1_685' title='bbox 950 4856 1069 4914; x_wconf 81' lang='lat' dir='ltr'><strong>animam</strong></span> <span class='ocrx_word' id='word_1_686' title='bbox 1154 4855 1195 4911; x_wconf 77' lang='lat' dir='ltr'><strong>Ad</strong></span> <span class='ocrx_word' id='word_1_687' title='bbox 1210 4857 1267 4912; x_wconf 75' lang='lat' dir='ltr'><strong>brec</strong></span> <span class='ocrx_word' id='word_1_688' title='bbox 1282 4855 1373 4928; x_wconf 88' lang='lat' dir='ltr'><strong>itaque</strong></span> <span class='ocrx_word' id='word_1_689' title='bbox 1385 4854 1557 4911; x_wconf 89' lang='lat' dir='ltr'><strong>intendentes</strong></span> <span class='ocrx_word' id='word_1_690' title='bbox 1577 4853 1656 4911; x_wconf 90' lang='lat' dir='ltr'><strong>lateri</strong></span> <span class='ocrx_word' id='word_1_691' title='bbox 1669 4865 1801 4910; x_wconf 89' lang='lat' dir='ltr'><strong>monemur,</strong></span> <span class='ocrx_word' id='word_1_692' title='bbox 1814 4855 1854 4899; x_wconf 89' lang='lat' dir='ltr'><strong>tur</strong></span> 
     </span>
     <span class='ocr_line' id='line_1_51' title="bbox 239 4939 1855 5022; baseline -0.007 -17"><span class='ocrx_word' id='word_1_693' title='bbox 239 4939 244 4948; x_wconf 81' lang='grc'>’</span> <span class='ocrx_word' id='word_1_694' title='bbox 285 4950 445 5007; x_wconf 71' lang='lat' dir='ltr'><strong>indubitatae</strong></span> <span class='ocrx_word' id='word_1_695' title='bbox 472 4951 586 5008; x_wconf 86' lang='lat' dir='ltr'><strong>debetur</strong></span> <span class='ocrx_word' id='word_1_696' title='bbox 611 4951 708 5016; x_wconf 90' lang='lat' dir='ltr'><strong>morti,</strong></span> <span class='ocrx_word' id='word_1_697' title='bbox 730 4958 859 5021; x_wconf 88' lang='lat' dir='ltr'><strong>tanquam</strong></span> <span class='ocrx_word' id='word_1_698' title='bbox 885 4949 1069 5022; x_wconf 92' lang='lat' dir='ltr'><strong>primordialis</strong></span> <span class='ocrx_word' id='word_1_699' title='bbox 1119 4946 1226 5004; x_wconf 87' lang='lat' dir='ltr'><strong>demum</strong></span> <span class='ocrx_word' id='word_1_700' title='bbox 1241 4949 1360 5005; x_wconf 87' lang='lat' dir='ltr'><strong>animam</strong></span> <span class='ocrx_word' id='word_1_701' title='bbox 1373 4947 1482 5019; x_wconf 86' lang='lat' dir='ltr'><strong>corpori</strong></span> <span class='ocrx_word' id='word_1_702' title='bbox 1502 4945 1673 5010; x_wconf 87' lang='lat' dir='ltr'><strong>tradendam,</strong></span> <span class='ocrx_word' id='word_1_703' title='bbox 1694 4959 1749 5000; x_wconf 87' lang='lat' dir='ltr'><strong>enm</strong></span> <span class='ocrx_word' id='word_1_704' title='bbox 1759 4943 1804 5010; x_wconf 85' lang='lat' dir='ltr'><strong>jam</strong></span> <span class='ocrx_word' id='word_1_705' title='bbox 1814 4951 1855 4993; x_wconf 82' lang='lat' dir='ltr'><strong>sea·</strong></span> 
     </span>
     <span class='ocr_line' id='line_1_52' title="bbox 284 5031 1854 5114; baseline -0.009 -17"><span class='ocrx_word' id='word_1_706' title='bbox 284 5057 368 5100; x_wconf 88' lang='lat' dir='ltr'><strong>causa</strong></span> <span class='ocrx_word' id='word_1_707' title='bbox 375 5040 564 5114; x_wconf 79' lang='lat' dir='ltr'><strong>peceatiliam</strong></span> <span class='ocrx_word' id='word_1_708' title='bbox 572 5041 651 5113; x_wconf 89' lang='lat' dir='ltr'><strong>primi</strong></span> <span class='ocrx_word' id='word_1_709' title='bbox 661 5042 771 5114; x_wconf 90' lang='lat' dir='ltr'><strong>propria</strong></span> <span class='ocrx_word' id='word_1_710' title='bbox 783 5040 986 5112; x_wconf 75' lang='lat' dir='ltr'><strong>perspecere,</strong></span> <span class='ocrx_word' id='word_1_711' title='bbox 996 5057 1069 5100; x_wconf 90' lang='lat' dir='ltr'><strong>mors</strong></span> <span class='ocrx_word' id='word_1_712' title='bbox 1120 5041 1253 5098; x_wconf 82' lang='lat' dir='ltr'><strong>sibertum</strong></span> <span class='ocrx_word' id='word_1_713' title='bbox 1267 5041 1347 5112; x_wconf 88' lang='lat' dir='ltr'><strong>digne</strong></span> <span class='ocrx_word' id='word_1_714' title='bbox 1359 5041 1456 5097; x_wconf 90' lang='lat' dir='ltr'><strong>debeat</strong></span> <span class='ocrx_word' id='word_1_715' title='bbox 1473 5039 1554 5095; x_wconf 90' lang='lat' dir='ltr'><strong>borno</strong></span> <span class='ocrx_word' id='word_1_716' title='bbox 1569 5037 1730 5109; x_wconf 86' lang='lat' dir='ltr'><strong>nuncupari,</strong></span> <span class='ocrx_word' id='word_1_717' title='bbox 1747 5043 1772 5091; x_wconf 92' lang='lat' dir='ltr'><strong>ut</strong></span> <span class='ocrx_word' id='word_1_718' title='bbox 1783 5031 1854 5086; x_wconf 73' lang='lat' dir='ltr'><strong>anina</strong></span> 
     </span>
     <span class='ocr_line' id='line_1_53' title="bbox 282 5121 1853 5208; baseline -0.008 -18"><span class='ocrx_word' id='word_1_719' title='bbox 282 5142 342 5203; x_wconf 85' lang='lat' dir='ltr'><strong>est;</strong></span> <span class='ocrx_word' id='word_1_720' title='bbox 357 5135 429 5192; x_wconf 93' lang='lat' dir='ltr'><strong>uude</strong></span> <span class='ocrx_word' id='word_1_721' title='bbox 443 5134 516 5192; x_wconf 80' lang='lat' dir='ltr'><strong>bone</strong></span> <span class='ocrx_word' id='word_1_722' title='bbox 528 5134 616 5206; x_wconf 89' lang='lat' dir='ltr'><strong>primo</strong></span> <span class='ocrx_word' id='word_1_723' title='bbox 627 5135 665 5189; x_wconf 90' lang='lat' dir='ltr'><strong>ait</strong></span> <span class='ocrx_word' id='word_1_724' title='bbox 678 5133 801 5193; x_wconf 88' lang='lat' dir='ltr'><strong>bomini:</strong></span> <span class='ocrx_word' id='word_1_725' title='bbox 819 5133 853 5190; x_wconf 90' lang='lat' dir='ltr'><strong>1n</strong></span> <span class='ocrx_word' id='word_1_726' title='bbox 862 5152 1015 5208; x_wconf 84' lang='lat' dir='ltr'><strong>quecunque</strong></span> <span class='ocrx_word' id='word_1_727' title='bbox 1027 5135 1070 5192; x_wconf 86' lang='lat' dir='ltr'><strong>die</strong></span> <span class='ocrx_word' id='word_1_728' title='bbox 1119 5137 1220 5198; x_wconf 89' lang='lat' dir='ltr'><strong>tionem</strong></span> <span class='ocrx_word' id='word_1_729' title='bbox 1244 5134 1324 5206; x_wconf 89' lang='lat' dir='ltr'><strong>primi</strong></span> <span class='ocrx_word' id='word_1_730' title='bbox 1349 5135 1470 5205; x_wconf 90' lang='lat' dir='ltr'><strong>parentis</strong></span> <span class='ocrx_word' id='word_1_731' title='bbox 1491 5140 1548 5190; x_wconf 90' lang='lat' dir='ltr'><strong>tota</strong></span> <span class='ocrx_word' id='word_1_732' title='bbox 1571 5137 1739 5204; x_wconf 77' lang='lat' dir='ltr'><strong>representet</strong></span> <span class='ocrx_word' id='word_1_733' title='bbox 1754 5121 1853 5183; x_wconf 76' lang='lat' dir='ltr'><strong>succedo</strong></span> 
     </span>
     <span class='ocr_line' id='line_1_54' title="bbox 198 5213 1852 5301; baseline -0.005 -22"><span class='ocrx_word' id='word_1_734' title='bbox 198 5213 201 5220; x_wconf 78' lang='grc'><strong>’</strong></span> <span class='ocrx_word' id='word_1_735' title='bbox 285 5226 446 5295; x_wconf 73' lang='lat' dir='ltr'><strong>cameris,</strong></span> <span class='ocrx_word' id='word_1_736' title='bbox 468 5235 552 5282; x_wconf 83' lang='lat' dir='ltr'><strong>morte</strong></span> <span class='ocrx_word' id='word_1_737' title='bbox 570 5227 688 5286; x_wconf 76' lang='lat' dir='ltr'><strong>morieris</strong></span> <span class='ocrx_word' id='word_1_738' title='bbox 704 5219 824 5300; x_wconf 56' lang='lat' dir='ltr'><strong>(Gerar,</strong></span> <span class='ocrx_word' id='word_1_739' title='bbox 839 5228 894 5301; x_wconf 77' lang='lat' dir='ltr'><strong>dil.</strong></span> <span class='ocrx_word' id='word_1_740' title='bbox 909 5227 1069 5300; x_wconf 86' lang='lat' dir='ltr'><strong>Cuicunqne</strong></span> <span class='ocrx_word' id='word_1_741' title='bbox 1118 5225 1325 5297; x_wconf 89' lang='lat' dir='ltr'><strong>procreationis.</strong></span> <span class='ocrx_word' id='word_1_742' title='bbox 1341 5223 1374 5278; x_wconf 86' lang='lat' dir='ltr'><strong>Et</strong></span> <span class='ocrx_word' id='word_1_743' title='bbox 1386 5224 1496 5295; x_wconf 90' lang='lat' dir='ltr'><strong>quidem</strong></span> <span class='ocrx_word' id='word_1_744' title='bbox 1516 5223 1550 5280; x_wconf 89' lang='lat' dir='ltr'><strong>de</strong></span> <span class='ocrx_word' id='word_1_745' title='bbox 1562 5223 1651 5280; x_wconf 89' lang='lat' dir='ltr'><strong>anima</strong></span> <span class='ocrx_word' id='word_1_746' title='bbox 1665 5219 1762 5294; x_wconf 86' lang='lat' dir='ltr'><strong>quaudo</strong></span> <span class='ocrx_word' id='word_1_747' title='bbox 1776 5217 1852 5272; x_wconf 80' lang='lat' dir='ltr'><strong>adeor·</strong></span> 
     </span>
     <span class='ocr_line' id='line_1_55' title="bbox 283 5315 1467 5392; baseline -0.007 -12"><span class='ocrx_word' id='word_1_748' title='bbox 283 5320 320 5380; x_wconf 68' lang='lat' dir='ltr'><strong>ab</strong></span> <span class='ocrx_word' id='word_1_749' title='bbox 341 5334 375 5378; x_wconf 89' lang='lat' dir='ltr'><strong>eo</strong></span> <span class='ocrx_word' id='word_1_750' title='bbox 398 5320 568 5392; x_wconf 89' lang='lat' dir='ltr'><strong>originaliter</strong></span> <span class='ocrx_word' id='word_1_751' title='bbox 580 5320 732 5377; x_wconf 87' lang='lat' dir='ltr'><strong>traducitur</strong></span> <span class='ocrx_word' id='word_1_752' title='bbox 753 5319 852 5391; x_wconf 88' lang='lat' dir='ltr'><strong>culpa,</strong></span> <span class='ocrx_word' id='word_1_753' title='bbox 876 5321 1030 5382; x_wconf 89' lang='lat' dir='ltr'><strong>traducitur</strong></span> <span class='ocrx_word' id='word_1_754' title='bbox 1041 5327 1069 5377; x_wconf 91' lang='lat' dir='ltr'><strong>et</strong></span> <span class='ocrx_word' id='word_1_755' title='bbox 1118 5333 1170 5390; x_wconf 92' lang='lat' dir='ltr'><strong>pus</strong></span> <span class='ocrx_word' id='word_1_756' title='bbox 1183 5317 1285 5382; x_wconf 81' lang='lat' dir='ltr'><strong>ueniat,</strong></span> <span class='ocrx_word' id='word_1_757' title='bbox 1299 5315 1401 5372; x_wconf 67' lang='lat' dir='ltr'><strong>dimum</strong></span> <span class='ocrx_word' id='word_1_758' title='bbox 1415 5325 1467 5372; x_wconf 86' lang='lat' dir='ltr'><strong>est.</strong></span> 
     </span>
    </p>

    <p class='ocr_par' dir='ltr' id='par_1_11' title="bbox 284 5405 1607 5486">
     <span class='ocr_line' id='line_1_56' title="bbox 284 5405 1607 5486; baseline -0.005 -14"><span class='ocrx_word' id='word_1_759' title='bbox 284 5413 372 5486; x_wconf 75' lang='lat' dir='ltr'><strong>stripe</strong></span> <span class='ocrx_word' id='word_1_760' title='bbox 383 5429 463 5486; x_wconf 76' lang='lat' dir='ltr'><strong>pena</strong></span> <span class='ocrx_word' id='word_1_761' title='bbox 476 5455 485 5480; x_wconf 93' lang='lat'><strong>,</strong></span> <span class='ocrx_word' id='word_1_762' title='bbox 499 5423 531 5470; x_wconf 93' lang='lat' dir='ltr'><strong>ut</strong></span> <span class='ocrx_word' id='word_1_763' title='bbox 545 5415 618 5471; x_wconf 87' lang='lat' dir='ltr'><strong>sicat</strong></span> <span class='ocrx_word' id='word_1_764' title='bbox 632 5415 723 5471; x_wconf 87' lang='lat' dir='ltr'><strong>anima</strong></span> <span class='ocrx_word' id='word_1_765' title='bbox 739 5415 848 5473; x_wconf 88' lang='lat' dir='ltr'><strong>sordem</strong></span> <span class='ocrx_word' id='word_1_766' title='bbox 860 5415 945 5471; x_wconf 90' lang='lat' dir='ltr'><strong>trabit</strong></span> <span class='ocrx_word' id='word_1_767' title='bbox 959 5415 994 5472; x_wconf 93' lang='lat' dir='ltr'><strong>de</strong></span> <span class='ocrx_word' id='word_1_768' title='bbox 1007 5430 1069 5470; x_wconf 91' lang='lat' dir='ltr'><strong>eor·</strong></span> <span class='ocrx_word' id='word_1_769' title='bbox 1408 5406 1522 5465; x_wconf 77' lang='lat' dir='ltr'><strong>carot</strong></span> <span class='ocrx_word' id='word_1_770' title='bbox 1542 5405 1607 5466; x_wconf 82' lang='lat' dir='ltr'><strong>vul.</strong></span> 
     </span>
    </p>

    <p class='ocr_par' dir='ltr' id='par_1_12' title="bbox 282 5497 1848 5677">
     <span class='ocr_line' id='line_1_57' title="bbox 284 5497 1809 5594; baseline -0.01 -32"><span class='ocrx_word' id='word_1_771' title='bbox 284 5521 368 5587; x_wconf 90' lang='lat' dir='ltr'><strong>pore,</strong></span> <span class='ocrx_word' id='word_1_772' title='bbox 391 5507 428 5561; x_wconf 84' lang='lat' dir='ltr'><strong>ita</strong></span> <span class='ocrx_word' id='word_1_773' title='bbox 442 5521 492 5579; x_wconf 90' lang='lat' dir='ltr'><strong>pro</strong></span> <span class='ocrx_word' id='word_1_774' title='bbox 505 5507 587 5562; x_wconf 86' lang='lat' dir='ltr'><strong>sorde</strong></span> <span class='ocrx_word' id='word_1_775' title='bbox 605 5515 718 5564; x_wconf 87' lang='lat' dir='ltr'><strong>mortem</strong></span> <span class='ocrx_word' id='word_1_776' title='bbox 733 5507 803 5564; x_wconf 87' lang='lat' dir='ltr'><strong>terat</strong></span> <span class='ocrx_word' id='word_1_777' title='bbox 816 5508 845 5564; x_wconf 90' lang='lat' dir='ltr'><strong>in</strong></span> <span class='ocrx_word' id='word_1_778' title='bbox 861 5522 984 5579; x_wconf 88' lang='lat' dir='ltr'><strong>corpore.</strong></span> <span class='ocrx_word' id='word_1_779' title='bbox 1007 5505 1069 5578; x_wconf 89' lang='lat' dir='ltr'><strong>lpsa</strong></span> <span class='ocrx_word' id='word_1_780' title='bbox 1234 5497 1295 5556; x_wconf 87' lang='lat' dir='ltr'><strong>Non</strong></span> <span class='ocrx_word' id='word_1_781' title='bbox 1309 5518 1326 5555; x_wconf 88' lang='lat' dir='ltr'><strong>o</strong></span> <span class='ocrx_word' id='word_1_782' title='bbox 1341 5498 1458 5561; x_wconf 82' lang='lat' dir='ltr'><strong>traduce.</strong></span> <span class='ocrx_word' id='word_1_783' title='bbox 1468 5499 1513 5556; x_wconf 82' lang='lat' dir='ltr'><strong>sed</strong></span> <span class='ocrx_word' id='word_1_784' title='bbox 1524 5515 1556 5556; x_wconf 81' lang='lat' dir='ltr'><strong>ea</strong></span> <span class='ocrx_word' id='word_1_785' title='bbox 1566 5499 1619 5555; x_wconf 82' lang='lat' dir='ltr'><strong>Dee</strong></span> <span class='ocrx_word' id='word_1_786' title='bbox 1630 5507 1669 5556; x_wconf 83' lang='lat' dir='ltr'><strong>ert</strong></span> <span class='ocrx_word' id='word_1_787' title='bbox 1680 5499 1767 5554; x_wconf 83' lang='lat' dir='ltr'><strong>eninr.</strong></span> <span class='ocrx_word' id='word_1_788' title='bbox 1803 5579 1809 5594; x_wconf 29' lang='grc' dir='ltr'>ι</span> 
     </span>
     <span class='ocr_line' id='line_1_58' title="bbox 282 5585 1848 5677; baseline -0.004 -26"><span class='ocrx_word' id='word_1_789' title='bbox 282 5595 393 5677; x_wconf 83' lang='lat' dir='ltr'><strong>quidem</strong></span> <span class='ocrx_word' id='word_1_790' title='bbox 406 5611 463 5654; x_wconf 87' lang='lat' dir='ltr'><strong>uon</strong></span> <span class='ocrx_word' id='word_1_791' title='bbox 476 5596 603 5662; x_wconf 87' lang='lat' dir='ltr'><strong>moritur,</strong></span> <span class='ocrx_word' id='word_1_792' title='bbox 615 5597 662 5655; x_wconf 87' lang='lat' dir='ltr'><strong>sed</strong></span> <span class='ocrx_word' id='word_1_793' title='bbox 676 5597 705 5655; x_wconf 93' lang='lat' dir='ltr'><strong>iu</strong></span> <span class='ocrx_word' id='word_1_794' title='bbox 718 5599 852 5656; x_wconf 88' lang='lat' dir='ltr'><strong>moriente</strong></span> <span class='ocrx_word' id='word_1_795' title='bbox 861 5597 974 5671; x_wconf 88' lang='lat' dir='ltr'><strong>patitur.</strong></span> <span class='ocrx_word' id='word_1_796' title='bbox 989 5597 1067 5666; x_wconf 77' lang='lat' dir='ltr'><strong>Quod</strong></span> <span class='ocrx_word' id='word_1_797' title='bbox 1153 5592 1209 5666; x_wconf 86' lang='lat' dir='ltr'><strong>(ar)</strong></span> <span class='ocrx_word' id='word_1_798' title='bbox 1225 5591 1304 5652; x_wconf 85' lang='lat' dir='ltr'><strong>Nune</strong></span> <span class='ocrx_word' id='word_1_799' title='bbox 1315 5592 1468 5652; x_wconf 81' lang='lat' dir='ltr'><strong>addendum</strong></span> <span class='ocrx_word' id='word_1_800' title='bbox 1481 5601 1548 5666; x_wconf 87' lang='lat' dir='ltr'><strong>puto</strong></span> <span class='ocrx_word' id='word_1_801' title='bbox 1562 5592 1633 5651; x_wconf 86' lang='lat' dir='ltr'><strong>uude</strong></span> <span class='ocrx_word' id='word_1_802' title='bbox 1652 5589 1734 5650; x_wconf 78' lang='lat' dir='ltr'><strong>ventu</strong></span> <span class='ocrx_word' id='word_1_803' title='bbox 1751 5585 1848 5656; x_wconf 61' lang='lat' dir='ltr'><strong>baem</strong></span> 
     </span>
    </p>
   </div>
   <div class='ocr_carea' id='block_1_9' title="bbox 321 5697 1447 5852">
    <p class='ocr_par' dir='ltr' id='par_1_13' title="bbox 321 5697 1447 5852">
     <span class='ocr_line' id='line_1_59' title="bbox 321 5697 1202 5846; baseline -0.003 -83"><span class='ocrx_word' id='word_1_804' title='bbox 321 5697 368 5846; x_wconf 43' lang='lat'><strong>§33</strong></span> <span class='ocrx_word' id='word_1_805' title='bbox 394 5705 717 5834; x_wconf 49' lang='lat' dir='ltr'><strong>{legistaqdlsttm</strong></span> <span class='ocrx_word' id='word_1_806' title='bbox 736 5705 792 5782; x_wconf 71' lang='grc'><strong>51.</strong></span> <span class='ocrx_word' id='word_1_807' title='bbox 1117 5714 1144 5766; x_wconf 80' lang='grc' dir='ltr'><strong>ει</strong></span> <span class='ocrx_word' id='word_1_808' title='bbox 1157 5705 1202 5762; x_wconf 83' lang='grc'><strong>111.</strong></span> 
     </span>
     <span class='ocr_line' id='line_1_60' title="bbox 419 5771 1447 5852; baseline 0.002 -18"><span class='ocrx_word' id='word_1_809' title='bbox 419 5775 645 5852; x_wconf 67' lang='lat' dir='ltr'><strong>ug.,Euebrnd.‚</strong></span> <span class='ocrx_word' id='word_1_810' title='bbox 659 5778 743 5845; x_wconf 73' lang='lat' dir='ltr'><strong>eti,</strong></span> <span class='ocrx_word' id='word_1_811' title='bbox 757 5780 776 5836; x_wconf 93' lang='grc'><strong>1.</strong></span> <span class='ocrx_word' id='word_1_812' title='bbox 792 5795 830 5837; x_wconf 81' lang='lat' dir='ltr'><strong>xx</strong></span> <span class='ocrx_word' id='word_1_813' title='bbox 852 5779 891 5838; x_wconf 86' lang='lat' dir='ltr'><strong>ile</strong></span> <span class='ocrx_word' id='word_1_814' title='bbox 905 5787 981 5838; x_wconf 82' lang='lat' dir='ltr'><strong>errat.</strong></span> <span class='ocrx_word' id='word_1_815' title='bbox 995 5795 1019 5838; x_wconf 89' lang='lat' dir='ltr'><strong>c.</strong></span> <span class='ocrx_word' id='word_1_816' title='bbox 1033 5779 1067 5845; x_wconf 71' lang='lat'><strong>¹2</strong></span> <span class='ocrx_word' id='word_1_817' title='bbox 1152 5771 1209 5850; x_wconf 79' lang='lat' dir='ltr'><strong>(tlt)</strong></span> <span class='ocrx_word' id='word_1_818' title='bbox 1225 5773 1293 5850; x_wconf 87' lang='lat' dir='ltr'><strong>llag.</strong></span> <span class='ocrx_word' id='word_1_819' title='bbox 1314 5791 1345 5840; x_wconf 85' lang='lat' dir='ltr'><strong>n,</strong></span> <span class='ocrx_word' id='word_1_820' title='bbox 1361 5775 1388 5834; x_wconf 92' lang='lat' dir='ltr'><strong>d.</strong></span> <span class='ocrx_word' id='word_1_821' title='bbox 1405 5775 1447 5837; x_wconf 84' lang='lat' dir='ltr'><strong>tt.</strong></span> 
     </span>
    </p>
   </div>
   <div class='ocr_carea' id='block_1_10' title="bbox 0 0 1988 6326">
    <p class='ocr_par' dir='ltr' id='par_1_14' title="bbox 0 0 1988 6326">
     <span class='ocr_line' id='line_1_61' title="bbox 0 0 1988 6326; baseline 0 0"><span class='ocrx_word' id='word_1_822' title='bbox 0 0 1988 6326; x_wconf 95' lang='lat' dir='ltr'><strong> </strong></span> 
     </span>
    </p>
   </div>
  </div>
 </body>
</html>
