3967 6334
82 382 121 452 89
564 385 596 441 IN
617 385 714 442 unam
732 385 778 441 Ex
797 387 966 455 Quartus
985 388 1087 444 LIBER
1105 388 1246 447 narnus
1681 387 1717 446 id

121 509 157 564 Et
176 509 255 563 lesus
275 506 428 577 proticleiat
443 507 571 576 sapientia
589 516 614 561 et
635 515 722 572 etate,
742 517 767 562 et
787 509 875 579 pratia
889 513 912 569 Α
928 508 1094 575 ludaeorum,
1109 506 1310 579 praedicationis
1320 506 1380 575 eius
1389 511 1512 576 tempora
1525 502 1714 574 designantur.

83 601 156 669 apud
170 599 252 655 Deam
265 609 290 653 ει
299 598 425 654 homines,
925 601 995 668 Quia
1009 612 1099 658 autern
1110 602 1250 674 gentilitas
1264 599 1416 671 colligenda
1438 605 1508 659 erat,
1527 609 1554 654 et
1565 597 1658 655 tanea
1673 602 1716 656 dl-

121 693 264 765 Sapientia
279 693 396 763 pertinet
414 692 448 747 ad
466 693 596 758 anirnam,
618 700 684 748 aetas
708 691 741 747 ad
762 705 873 763 corpus,
926 696 1087 765 spargenda,
1102 695 1251 764 descriptio
1264 692 1367 749 terreni
1388 691 1560 763 principatus
1579 693 1716 759 ostendit;

82 786 175 858 gratia
188 784 223 838 ad
238 785 381 854 utriusque
396 786 523 840 salutem.
540 784 631 842 AEtate
646 785 737 855 itaque
751 783 875 854 prolicie-
926 788 1055 857 quoniam
1079 797 1106 843 et
1124 787 1152 841 in
1174 786 1297 842 Romana
1319 785 1460 857 republica
1482 801 1553 840 arras
1574 785 1718 856 praefuisse

83 878 140 938 lat,
158 881 231 932 sicut
254 877 348 931 carnis
362 884 415 940 cst,
431 877 518 932 aetatis
534 879 701 934 incrementa
725 877 874 948 suscipere.
926 879 1101 943 describitur,
1116 888 1143 934 et
1156 880 1184 934 in
1199 878 1298 936 tudaeae
1311 895 1397 950 regno
1408 895 1458 951 per
1468 885 1591 950 quartam
1611 887 1717 950 partem

82 970 172 1026 Porro
193 971 270 1041 juata
294 970 366 1040 quod
387 977 466 1026 aetate
489 971 664 1041 proficiebat,
689 971 761 1040 dona
783 970 877 1041 gratiae
926 972 1037 1043 plurimi
1068 973 1302 1044 principabantur.
1332 973 1400 1045 hpte
1427 987 1536 1044 qaoque
1560 973 1718 1028 sacerdotes

82 1077 145 1134 quae
164 1061 216 1118 sihi
232 1063 348 1127 inerant,
364 1069 390 1116 et
402 1063 542 1133 sapientiae
554 1063 641 1134 magis
654 1077 686 1120 ac
699 1063 785 1133 magis
799 1069 876 1132 pate
926 1073 1125 1131 memorantur,
1151 1067 1215 1138 quia
1238 1065 1358 1123 loannes
1390 1064 1467 1121 illum
1487 1064 1652 1137 praedicabat
1670 1063 1717 1135 qai

83 1155 206 1210 iaciebat
228 1155 396 1220 hominibus,
415 1155 488 1226 qrtod
511 1163 570 1211 crat
593 1156 727 1228 sapientia
745 1164 772 1212 et
790 1157 876 1226 gratia
926 1177 974 1216 rex
988 1171 1015 1216 et
1030 1160 1160 1216 sacerdos
1172 1167 1240 1219 erat.

83 1247 230 1318 proficere,
246 1264 301 1302 non
317 1247 345 1301 in
360 1263 400 1311 se,
411 1247 459 1302 sed
473 1247 501 1302 in
516 1246 587 1311 aliis,
604 1248 674 1318 apud
689 1247 774 1303 licum
787 1255 815 1304 et
828 1248 877 1304 ho·
962 1253 1076 1309 Factum
1089 1263 1128 1309 εει
1139 1253 1244 1314 aeriam
1255 1253 1362 1308 Domini
1377 1270 1456 1317 snper
1464 1253 1617 1309 loannem..

84 1341 186 1404 ruinas,
202 1339 283 1396 idest
296 1340 330 1395 ad
351 1341 482 1396 bonorem
492 1341 540 1396 Dei
554 1349 581 1397 ει
597 1342 712 1398 salutent
724 1341 875 1401 hominum.
956 1343 1057 1414 Raptus
1074 1344 1125 1400 luit
1132 1343 1234 1400 Paulus
1249 1357 1332 1413 supra
1347 1359 1387 1408 se,
1399 1360 1479 1414 usqae
1492 1344 1597 1398 tertium
1613 1340 1717 1408 crelam,

84 1430 114 1487 ln
132 1449 164 1488 se
184 1441 274 1488 autern
295 1449 469 1504 nequaquam
495 1450 544 1504 per
564 1434 704 1490 intervalia
724 1442 877 1505 temporam
927 1439 1038 1493 audiens
1052 1455 1152 1493 arcana
1167 1436 1245 1492 acrba
1257 1435 1302 1507 (ll
1316 1435 1377 1492 Cer.
1394 1435 1456 1504 aral.
1472 1435 1592 1490 loannes
1609 1448 1719 1506 quoquc

86 1525 247 1596 proficiebat
262 1527 397 1597 sapientia
411 1527 453 1581 rel
468 1527 566 1597 gratia,
587 1528 634 1598 qni
648 1527 682 1582 ab
698 1527 765 1581 hora
778 1543 877 1584 concc-
926 1537 1018 1586 mente
1030 1530 1154 1585 ascendit
1167 1529 1202 1584 ad
1217 1527 1453 1599 contemplandam
1466 1541 1549 1597 super
1560 1541 1590 1582 sc
1601 1526 1719 1597 gratiam

85 1619 191 1689 ptionis
210 1620 308 1690 plenus
321 1619 373 1673 latit
386 1620 479 1689 gratita
497 1627 523 1674 et
543 1620 673 1675 veritatis.
688 1619 758 1676 Nota
782 1621 877 1677 docto·
926 1638 1008 1692 quam
1028 1623 1204 1693 praedicabat.
1227 1620 1338 1676 Audiuit
1358 1619 1478 1676 loannes
1502 1619 1597 1675 auditu
1618 1619 1719 1674 mentis

85 1723 131 1763 res
144 1709 328 1764 communiter
337 1708 470 1764 affirmare
484 1709 600 1764 animam
611 1709 717 1766 Christi
730 1711 774 1766 abi
787 1710 876 1768 Verbo
926 1713 1047 1770 Verbum
1066 1713 1185 1777 Domini,
1204 1713 1263 1768 sola
1283 1713 1370 1783 gratia
1389 1711 1509 1781 desuper
1525 1710 1551 1765 ei
1569 1709 1717 1779 loquentis.

86 1797 135 1856 Ilei
151 1801 229 1855 unita
248 1809 302 1864 est,
318 1809 425 1856 tantum
445 1801 585 1872 sapientiae
597 1808 624 1856 et
638 1801 767 1858 bonitatis
782 1818 876 1858 susce·
928 1803 1038 1878 [hana]
1053 1803 1309 1876 Operatur-verbum
1322 1805 1398 1874 prius
1414 1803 1441 1858 in
1453 1802 1567 1868 loanne,
1575 1802 1719 1857 declarans

86 1893 174 1964 pisse,
189 1903 321 1963 qirantum
343 1893 472 1964 possibile
486 1892 537 1948 luit
556 1899 708 1947 creaturam
724 1894 871 1964 suscipere.
891 1885 951 1951 ssei
970 1895 1036 1966 quid
1050 1897 1115 1951 relit
1129 1896 1237 1966 abipso
1251 1895 1367 1966 prolerri
1386 1920 1394 1961 ι
1408 1894 1507 1949 deinde
1520 1908 1569 1964 per
1587 1891 1720 1948 loannem

87 1983 121 2038 ln
135 2002 168 2039 ea
183 1986 266 2050 eninr,
290 1991 320 2038 ut
341 1985 487 2055 Apostolus
501 1985 549 2050 ait,
571 1993 632 2039 sum
651 2000 738 2038 omnes
761 1985 877 2038 thesauri
929 1985 958 2040 ht
969 1987 1082 2041 verbum
1098 1985 1204 2041 Domini
1220 1987 1247 2041 in
1262 1985 1382 2049 deserto,
1393 1984 1529 2041 derelictae
1541 1990 1569 2040 et
1584 1982 1721 2040 destituta

86 2077 228 2147 sapientire
241 2078 402 2142 clericatur,
418 2079 451 2132 in'
462 2095 493 2132 ea
506 2077 589 2132 anania
604 2075 739 2146 plenitude
753 2075 878 2130 diuinita—
927 2076 1028 2134 ludas
1047 2077 1174 2134 solatiam
1195 2077 1390 2148 redemptionis
1408 2076 1583 2131 annuntians.
1600 2074 1722 2146 Congre-

88 2171 123 2226 tis
138 2169 270 2226 inlidititur
282 2169 393 2241 (Galeas.
407 2169 449 2242 a).
464 2170 532 2226 Aliis
547 2169 660 2240 spiritus
675 2169 709 2224 ad
722 2185 878 2226 mensuram
929 2177 1043 2240 gaturus
1056 2170 1149 2240 itaque
1159 2169 1207 2225 Dei
1221 2168 1307 2224 Filius
1322 2167 1484 2229 Ecclesiam,
1497 2169 1615 2238 primurn
1627 2181 1722 2236 opera·

85 2261 184 2328 dam,
201 2261 248 2319 sed
264 2262 383 2328 Christo,
399 2270 429 2317 ut
449 2263 487 2318 ait
505 2260 624 2318 loannes
637 2263 814 2332 euangelista,
829 2263 879 2316 cla-
928 2267 974 2313 tur
990 2260 1018 2314 in
1033 2259 1151 2320 servulo,
1165 2265 1195 2312 ut
1209 2257 1331 2312 Ecclesia
1346 2273 1401 2311 non
1420 2256 1455 2311 ab
1470 2256 1580 2311 homine
1595 2255 1719 2324 coeperit,

86 2367 132 2412 tas
146 2365 190 2412 est
203 2373 255 2410 aaa
272 2353 307 2410 ad
323 2373 473 2410 arenearum
486 2353 576 2427 (Joaa.
593 2355 646 2427 nr).
663 2354 740 2410 hlalti
755 2371 819 2425 ergo
835 2370 879 2411 as·
929 2351 977 2406 scd
988 2367 1003 2406 a
1016 2351 1109 2406 uerbo.
1124 2348 1186 2421 lpsa
1196 2349 1305 2420 quidem
1318 2349 1396 2420 prius
1406 2347 1525 2411 deserta,
1538 2345 1618 2402 modo
1629 2346 1722 2417 plnres

86 2456 196 2515 serunt,
215 2456 246 2504 ut
260 2447 394 2504 hleainus
406 2449 434 2504 in
457 2449 526 2504 libro
540 2447 578 2503 De
592 2447 725 2503 'l'rinitate
746 2446 779 2501 ad
795 2447 879 2502 Caro·
930 2443 1010 2498 hahet
1025 2441 1105 2498 lilios.

85 2541 155 2608 lum,
172 2541 293 2596 animam
308 2541 409 2598 Christi
425 2551 529 2596 tantam
544 2541 688 2596 scientiain
702 2539 737 2596 de
751 2539 878 2594 omatibus
1052 2551 1104 2639 L0
1140 2533 1156 2640 ’ξ
1188 2549 1251 2638 Μ.
1287 2533 1302 2582 l
1340 2550 1393 2637 R·
1430 2531 1446 2579 ²
1479 2547 1532 2636 Α.
1571 2529 1601 2580 ¹⁰

86 2633 200 2698 babere,
217 2643 348 2704 quantam
363 2634 491 2690 divinitas
512 2634 571 2704 ipsa
592 2632 688 2701 habet;
710 2630 878 2697 itascilicet,

86 2729 161 2798 quod
176 2727 309 2784 divinitas
323 2743 338 2782 a
354 2743 393 2792 se,
408 2743 463 2783 non
473 2727 507 2782 ab
519 2727 573 2782 alio
587 2725 697 2798 sapiens
711 2731 754 2782 cst
768 2740 816 2795 per
830 2741 880 2780 na-

86 2827 190 2887 turam,
205 2819 738 2890 animareroChristiadivinitatepcr
753 2817 879 2888 gratiam.
1225 2860 1240 2909 'l
1375 2859 1391 2908 6
1515 2859 1532 2908 6

86 2909 156 2966 Aliis
168 2925 236 2966 vcro
249 2926 305 2966 non
320 2911 438 2974 ridetur,
455 2909 528 2981 qnod
542 2910 633 2981 aliqua
655 2917 780 2964 creatura
795 2922 881 2977 capax
1127 2879 1190 2966 Μ,
1226 2935 1252 2970 ιιι
1284 2878 1338 2965 L·
1426 2875 1480 2965 Α.

87 3003 178 3073 possit
192 3018 254 3060 esse
274 3003 360 3059 totius
374 3002 473 3058 divinae
486 3001 661 3075 cognitionis,
676 3002 718 3057 ael
734 2999 817 3055 totius
839 2999 881 3054 di·
969 3003 1153 3059 Poenitentlam
1170 3006 1256 3076 cpite,
1282 3005 1500 3075 appropinquarit
1524 3019 1594 3058 euim
1615 3018 1722 3074 reanum

87 3093 157 3148 rinae
181 3092 333 3157 bonitatis,
362 3093 434 3148 sicut
458 3109 509 3148 nec
532 3091 747 3164 omnipotentia.
773 3089 881 3144 Ducunt
932 3097 1067 3152 coetmm,

87 3201 210 3256 namque
230 3201 279 3256 pro
301 3185 518 3249 inconvenienti,
544 3192 698 3240 creaturam
723 3182 806 3238 etiam
829 3179 881 3234 boc
966 3187 1723 3261 Joanmpoentsemtampraedicavirerhaprismumpua·

88 3277 171 3334 modo
184 3277 323 3349 parificari
334 3277 467 3342 Creatori,
486 3285 516 3332 ut
533 3277 567 3332 ab
589 3277 648 3348 ipso
668 3282 773 3330 tantam
791 3272 881 3330 scien,
931 3282 1062 3345 nirennae,
1098 3280 1127 3334 ιιι
1151 3295 1205 3350 quo
1225 3287 1401 3350 peccatorum
1419 3278 1545 3335 remissio
1567 3277 1607 3341 tlt,
1630 3275 1657 3331 id
1680 3282 1724 3332 est

88 3371 155 3425 tiam
168 3370 269 3426 habeat
295 3378 425 3440 quantam
439 3371 538 3440 etipse
553 3368 673 3436 Creator,
932 3371 1096 3442 baptismum
1118 3370 1219 3426 Christi
1235 3389 1242 3439 ;
1268 3371 1316 3427 sod
1340 3378 1513 3442 peecatorum
1532 3367 1723 3424 remissionem

387 3483 501 3540 Cppup
520 3482 579 3538 1111
932 3459 1051 3520 loannes
1064 3462 1130 3519 dare
1146 3478 1202 3519 non
1220 3463 1318 3534 potuit.
1333 3462 1504 3534 Undelrgnra
1515 3461 1582 3532 legis
1593 3465 1647 3522 est,
1662 3472 1725 3530 qaae

384 3576 400 3625 6
536 3576 550 3626 l
673 3575 689 3624 ε
932 3563 1076 3627 peccatum
1099 3556 1219 3620 nuntiat,
1239 3571 1293 3610 non
1314 3556 1461 3620 condonat,
1481 3552 1602 3610 loannes
1620 3549 1724 3607 Christi

289 3596 343 3682 L·
379 3653 404 3686 ¹¹¹
438 3595 500 3686 M·
584 3592 637 3681 Α·
934 3646 1216 3717 praenuntiusest,ita
1230 3642 1721 3718 lexpraeauntiatEcclesiaegratiam,

124 3723 204 3780 ΑΜ)
219 3723 320 3780 dlll'lw
335 3725 426 3795 lilim
441 3721 544 3792 impelli
558 3721 656 3777 Tiberii
670 3716 801 3784 C‘ilflfssr
821 3734 883 3788 ΡΜ*
933 3738 1070 3798 Poenitere
1085 3750 1176 3796 autem
1195 3746 1238 3797 est
1261 3740 1295 3796 de
1312 3739 1458 3810 preteritis
1475 3738 1554 3795 malis
1573 3737 1675 3801 dolere,
1695 3741 1726 3796 el

90 3823 202 3870 curante
213 3814 309 3869 Pontio
321 3815 410 3870 Pilato
420 3813 554 3882 Jatiaam,
571 3813 703 3868 tetrarcha
719 3822 807 3866 antem
830 3810 883 3866 Ga·
934 3831 1086 3904 plangenda
1095 3833 1164 3887 ,0110
1174 3831 1272 3897 ritate,
1283 3833 1356 3902 quod
1371 3831 1435 3887 facit
1446 3845 1524 3886 amo„
1535 3828 1581 3885 pei
1591 3837 1619 3885 ει
1629 3826 1722 3884 odium

90 3906 170 3962 lilaea
188 3907 302 3972 derude,
325 3907 446 3978 Philippo
465 3915 552 3962 antem
567 3907 650 3977 [entre
675 3906 732 3977 ejas
753 3905 883 3960 tetrarcha
933 3926 1049 3997 peccati·
1071 3924 1158 3996 Agere
1175 3941 1241 3982 vero
1264 3925 1461 3997 milenum,
1476 3930 1519 3978 est
1540 3937 1591 3992 pm
1603 3919 1726 3992 mati*

90 3998 199 4062 ltaroea
212 4010 237 4056 et
251 3999 444 4056 Tracltoaitidia
457 4000 580 4072 rectionis,
592 4008 617 4054 ει
627 3998 750 4070 Lysaniae
770 3997 884 4052 stitture
934 4016 1105 4073 satisfacere·
1119 4015 1327 4088 Appropjnquag
1341 4031 1455 4086 regnum
1470 4015 1614 4076 emiorum,
1637 4010 1665 4066 id
1680 4019 1723 4066 ese

91 4092 238 4160 tetrarchia
247 4093 293 4148 sub
303 4093 463 4164 principibus
475 4091 640 4148 sacerdotum
649 4095 724 4146 Anna
736 4100 760 4145 et
772 4089 881 4159 Gnipho,
934 4123 1048 4181 regnare
1057 4109 1085 4163 j„
1094 4108 1251 4164 ommibus
1260 4107 1417 4179 peremisti
1430 4105 1724 4162 scilicethumppapem

91 4186 195 4256 [actam
208 4196 247 4240 εει
260 4185 365 4240 uerbum
381 4186 485 4242 llomini
497 4185 727 4255 saperJoamtcm,
746 4183 884 4238 Zachariae
933 4210 960 4257 ιι
981 4201 1177 4268 obedientiam,
1198 4202 1270 4258 sicut
1283 4217 1333 4272 pgr
1353 4200 1509 4271 superbiam
1530 4205 1612 4268 atque
1632 4205 1723 4251 [fang.

90 4279 194 4349 filium,
205 4280 232 4333 ¹¹¹
251 4278 361 4335 dmm·
934 4297 1102 4367 pressionem
1122 4297 1187 4354 Adae
1212 4295 1438 4369 appropinquarit
1456 4309 1531 4350 mors
1546 4302 1574 4350 et
1587 4292 1724 4357 inlemas,

128 4371 237 4429 Pilatus
258 4371 422 4428 duodecimo
441 4386 512 4428 anno
534 4371 637 4428 Tiberii
659 4370 775 4427 Caesaris
794 4371 822 4425 in
836 4369 884 4425 Ju-

90 4466 180 4527 daem
198 4467 309 4530 missus,
322 4465 539 4537 procurationem
554 4464 642 4536 gentis
657 4463 835 4534 suscepit;et
847 4462 884 4518 ibi
1058 4427 1121 4515 M·
1157 4409 1175 4518 8ι
1210 4430 1264 4515 R·
1301 4409 1317 4458 ²
1350 4427 1403 4513 L.
1438 4408 1453 4458 ‘l
1488 4425 1542 4512 Α.
1577 4404 1609 4455 ω

91 4574 140 4633 per
155 4559 251 4614 decern
265 4559 410 4613 continuos
426 4573 512 4613 annos
527 4573 629 4628 praeses
646 4556 811 4628 perdurarit.
828 4555 884 4610 An·
899 4582 921 4637 D
974 4551 1025 4608 llic
1042 4565 1081 4610 eet
1095 4555 1165 4610 enim
1178 4556 1224 4627 qai
1234 4555 1320 4609 dietas
1331 4565 1370 4610 est
1382 4570 1428 4624 per
1442 4553 1542 4609 isaiam
1560 4552 1721 4624 prophetam,

92 4665 143 4706 nas
167 4657 196 4706 ct
218 4649 348 4721 Caiphas,
374 4649 520 4719 incipiente
545 4648 737 4718 praedicatione
758 4645 882 4712 loannis,
935 4643 1083 4700 dicentem:
1109 4646 1166 4701 Vox
1190 4648 1333 4706 clamantis
1361 4648 1389 4702 in
1409 4646 1522 4712 deserto,
1543 4655 1635 4716 parate
1654 4646 1722 4701 aiam

92 4742 233 4812 principes
257 4741 332 4797 luere
357 4741 538 4798 sacerdotum.
556 4741 609 4797 Sed
630 4740 723 4796 Annas
739 4741 813 4796 illum
836 4755 885 4793 an-
935 4737 1052 4803 Domini,
1066 4749 1152 4794 rectae
1166 4740 1245 4810 {acite
1257 4741 1365 4796 semitas
1376 4739 1443 4810 ejas.

91 4848 158 4887 nura
176 4831 400 4894 administrabat,
415 4832 533 4902 Caiphas
556 4845 622 4886 rere
642 4848 704 4888 eunt
719 4845 774 4902 quo
794 4828 879 4884 Domi
972 4828 1111 4904 [literam]
1128 4829 1175 4886 Sic
1186 4831 1317 4886 nimirum
1337 4829 1456 4888 loannes
1473 4828 1639 4901 predicabat
1656 4847 1662 4883 :
1677 4827 1723 4882 bic

92 4940 145 4984 nus
160 4940 272 4980 crucem
288 4925 421 4980 ascendit.
438 4923 509 4980 Nulli
526 4932 591 4979 tunc
611 4921 786 4995 pontificatus
801 4922 885 4978 daha·
934 4929 977 4978 est
999 4922 1082 4987 enim,
1099 4922 1208 4979 dicente
1226 4921 1313 4988 isaia,
1328 4939 1378 4980 aaa
1398 4923 1550 4979 clamantis.
1565 4928 1619 4978 etc.
1646 4918 1723 4974 Sicut

92 5019 246 5073 turmerito
255 5017 317 5073 ritae
327 5019 369 5074 rel
380 5017 497 5090 generis,
508 5017 556 5073 sed
566 5015 886 5088 Rornanspotcstasprae·
934 5017 1011 5086 ptius
1021 5024 1100 5072 sonat
1114 5032 1176 5082 roa,
1187 5025 1215 5073 et
1229 5025 1324 5092 postea
1338 5017 1492 5075 intellectas
1501 5015 1666 5085 concipitur,
1681 5013 1722 5068 sic

92 5110 184 5164 stabat
198 5108 381 5165 sacerdotium
396 5109 439 5164 cni
456 5110 571 5164 volebat.
586 5107 770 5163 lntcrhnnam
785 5113 812 5162 et
822 5107 885 5161 Cal·
933 5106 1047 5165 loannis
1062 5110 1219 5180 predicatio
1239 5111 1360 5168 anteibat
1376 5110 1524 5166 adrentum
1538 5107 1640 5163 Christi
1651 5121 1723 5160 nuu-

966 2675 990 2729 E
992 2685 1001 2730 t
1007 2678 1072 2754 verrit
1078 2678 1213 2731 inomnem
1222 2677 1350 2748 cepionem
1359 2673 1377 2728 J
1378 2674 1496 2742 ardania,
1503 2675 1651 2744 pradicant
1662 2674 1724 2744 tap-

931 2769 1200 2837 tisnrumprenitentia
1208 2769 1235 2822 in
1243 2768 1422 2822 remissionem
1429 2765 1721 2838 peccatorumdicens:

93 5199 177 5269 pbam
192 5208 251 5256 tres
266 5202 313 5256 alii
328 5210 392 5258 sunt
407 5199 564 5273 pontificatu
578 5198 727 5272 pcrlancti,
750 5207 780 5254 ut
802 5198 885 5255 relect
935 5201 1038 5258 tiando.
1055 5201 1171 5275 ideoque
1179 5201 1299 5261 loannes
1314 5208 1429 5259 vocatur
1447 5217 1500 5256 rox
1512 5198 1626 5262 Christi,
1638 5197 1666 5252 id
1679 5203 1723 5254 εει

92 5289 241 5363 losephus.
257 5293 296 5349 llc
311 5310 359 5366 per
373 5310 453 5350 omne
463 5303 571 5366 ternpus
583 5309 637 5365 qur»
648 5291 779 5348 Dominus
792 5299 885 5348 noster
933 5292 1020 5357 verbi,
1035 5293 1181 5363 quoderat
1197 5293 1226 5348 in
1240 5293 1380 5365 principie
1392 5291 1463 5362 apud
1484 5288 1579 5353 Deam
1599 5286 1673 5358 quod
1693 5286 1723 5342 in

93 5383 122 5439 ln
143 5387 229 5442 terris
260 5387 387 5444 docuisse
410 5388 592 5452 describitur,
616 5388 688 5442 intra
712 5385 884 5457 quadriennii
933 5381 1038 5440 Joanne
1051 5385 1152 5440 clamat
1165 5384 1199 5440 ad
1213 5383 1322 5440 ludaeos
1336 5384 1446 5445 surdos,
1461 5386 1629 5452 perpeccata
1643 5379 1723 5451 longe

94 5479 214 5538 spatium
227 5481 436 5538 coarctatnrzin
447 5497 501 5554 quo
513 5481 702 5538 successiones
713 5478 882 5548 pontificum,
933 5475 1048 5544 positos,
1072 5475 1268 5546 indignationis
1286 5475 1405 5529 clamore
1426 5471 1533 5542 dignos.
1549 5468 1590 5523 sd
1612 5466 1722 5524 ledeos

93 5568 310 5640 qrrasJosephus
321 5582 463 5638 memorat,
473 5574 518 5628 rix
530 5589 578 5644 per
587 5586 674 5627 annos
686 5571 807 5640 singulos
820 5579 885 5626 sunt
933 5565 1094 5620 obturantes
1106 5580 1198 5628 aures,
1214 5564 1244 5620 ht
1257 5579 1310 5620 roa
1323 5569 1350 5618 et
1364 5563 1469 5618 clamor
1486 5561 1514 5616 in
1526 5558 1645 5624 deserto,
1656 5559 1721 5631 quia

93 5648 268 5718 ministratae.
282 5661 660 5738 [scrutentaergotoannes
668 5661 743 5716 illurn
754 5660 884 5731 predica·
934 5659 993 5714 sine
1004 5657 1107 5729 Spiritu
1118 5657 1164 5715 bei
1174 5664 1249 5722 sunt,
1261 5657 1320 5713 sine
1330 5655 1472 5727 propheta,
1486 5671 1557 5727 rege,
1567 5653 1719 5710 sacerdote.

95 5750 153 5816 bat,
168 5753 216 5824 quai
229 5760 257 5809 ct
270 5755 402 5826 quosdam
421 5755 454 5811 de
466 5755 558 5811 iudaea
572 5761 599 5808 ct
613 5753 714 5807 multos
728 5767 743 5806 c
757 5751 882 5821 gentibus
934 5751 1005 5817 Quid
1032 5751 1131 5807 clamat
1149 5751 1275 5807 Christus
1295 5763 1344 5822 per
1364 5749 1516 5805 ioannem?
1534 5747 1634 5802 Parate
1651 5745 1721 5799 eiam

93 5841 289 5917 redempturus
308 5855 376 5914 erat,
391 5861 438 5919 per
460 5863 550 5920 regem
570 5846 691 5920 gentium
705 5851 729 5900 et
745 5842 882 5922 principis
935 5841 1376 5916 Domini.l'iallornlni,perqaam
1384 5833 1720 5905 beasadnosdescendit.
