3967 6334
96 317 173 378 ¹133
809 324 1002 383 tristatas.
1658 333 1730 390 titt

314 437 494 495 'pulsabat
510 437 661 495 clxxvll.
904 446 1041 501 tueatur
1053 441 1217 516 [inquietare
1231 443 1292 517 nos]
1307 453 1409 508 cessat,
1427 443 1507 500 nobis
1530 443 1613 499 etiam
1628 445 1732 504 silenti·

117 545 271 589 ἰιιιοιιιιιι
295 547 483 589 tacurorucom
511 548 660 588 sennensis
675 548 709 588 tu
728 547 872 590 sucmtou.
941 535 1004 600 bus,
1030 553 1079 594 vos
1100 537 1222 594 veritatis
1249 538 1334 592 lilium
1348 544 1375 592 et
1394 536 1733 609 aequitatisamicumipsa

150 624 326 680 Commendat
339 626 364 680 et
376 641 501 696 pauperes
515 625 643 680 moniales
657 623 690 680 de
704 623 846 680 Fontonir.
938 627 1047 698 lustitia
1061 637 1089 684 et
1103 630 1219 698 aequitas
1235 629 1316 685 nobis
1340 628 1443 699 iniuste
1454 628 1595 699 oppressis
1614 629 1732 699 compati

133 714 304 772 charissimo
323 715 398 773 Patri
415 734 467 773 suo
488 715 622 780 Sensuro,
646 717 694 773 liei
708 718 796 790 gratia
816 716 891 773 Beati
941 721 1117 790 compellunt.
1131 718 1159 776 Si
1175 728 1265 778 autem
1288 721 1423 792 justitiam
1437 735 1631 783 renueremus,
1647 727 1675 774 et
1688 721 1734 776 ille

97 805 292 880 ilionysiiplus
301 824 384 879 quam
394 810 486 867 abbati
496 808 735 872 reverendissimo,
750 808 892 864 Tuaoutn-
941 810 968 863 vi
982 815 1102 880 cogeret,
1115 817 1142 866 et
1158 810 1215 881 ipse
1231 811 1304 881 quod
1320 825 1399 868 suum
1413 817 1488 866 esset
1501 810 1613 873 laceret,
1629 816 1656 864 et
1670 824 1733 874 uos,

99 898 250 954 uosdietus
261 897 440 956 bleldensium
451 898 673 964 archidiaconus,
688 907 892 956 mtemaecornu
941 900 966 955 si
981 901 1053 956 ultra
1064 902 1195 958 vellemus
1216 901 1360 974 conqueri,
1382 915 1439 956 nort
1457 900 1619 956 deberemus
1632 899 1732 956 audiri.

95 990 196 1049 salutis
209 996 236 1046 et
246 991 408 1064 obsequium
424 993 540 1049 sincerae
554 991 719 1047 dilectionis.
941 991 1043 1047 Verum
1058 993 1138 1048 nobis
1159 1009 1213 1049 nou
1229 994 1317 1050 solum
1337 1010 1391 1049 non
1406 993 1625 1065 prohibentibus,
1644 991 1735 1050 sedet

131 1081 234 1138 Notum
245 1090 273 1139 et
285 1083 453 1156 divulgatum
469 1081 543 1154 qood
554 1082 676 1138 omnium
687 1082 828 1136 'bonorum
841 1094 891 1137 vos
941 1083 1119 1140 offerentibus
1137 1099 1246 1155 semper
1266 1101 1376 1142 omnem
1396 1084 1549 1156 justitiam,
1573 1083 1618 1139 ille
1641 1083 1733 1139 omnia

96 1174 259 1247 participem
274 1175 391 1232 libenter
414 1174 517 1239 lacitis,
528 1173 603 1230 etde
620 1174 664 1230 die
678 1173 707 1229 in
721 1173 794 1228 diem
810 1172 892 1228 bonis
940 1185 1048 1240 nostra,
1060 1184 1088 1232 et
1100 1179 1127 1231 in
1137 1176 1263 1240 decimis,
1275 1185 1303 1233 et
1319 1178 1346 1232 in
1362 1177 1488 1235 eeclesiis
1502 1192 1563 1248 quae
1575 1176 1602 1230 in
1619 1192 1669 1230 sua
1685 1195 1735 1250 po-

94 1266 227 1338 opcribus
251 1266 372 1324 studium
393 1278 514 1324 vestrum
537 1268 667 1324 adhibere
680 1267 815 1337 satagitis,
835 1281 891 1323 non
941 1272 1040 1323 testate
1051 1274 1126 1330 orant,
1145 1266 1225 1322 nobis
1245 1267 1344 1324 aulert.
1367 1267 1454 1324 Boves
1473 1281 1539 1322 vero
1551 1273 1663 1323 nostros
1679 1283 1734 1323 non

94 1357 211 1422 oblitus,
224 1357 278 1413 imo
292 1359 436 1430 diiigenter
447 1359 571 1414 recolens
583 1357 804 1431 illudapostoli:
821 1355 892 1410 lium
942 1360 1031 1415 solum
1056 1360 1150 1432 coepit,
1181 1360 1230 1416 sed
1254 1361 1336 1417 etiam
1349 1359 1481 1416 vendidit.
1497 1359 1575 1414 Nune
1596 1375 1661 1416 vero
1672 1369 1735 1430 post

94 1457 200 1519 lemtim
213 1448 349 1514 studemus.
365 1449 607 1519 operemurbmuu
621 1447 656 1503 od
669 1447 892 1511 omner,moxr'me
940 1451 1014 1508 diem
1038 1451 1072 1508 de
1095 1467 1162 1523 paee
1183 1451 1308 1507 iacienda
1328 1452 1518 1520 constitutum,
1540 1466 1620 1522 quem
1633 1460 1661 1506 et
1674 1451 1732 1522 ipse

94 1541 132 1594 ad
147 1539 304 1596 douterticos
318 1541 391 1612 fidei.
407 1540 464 1596 llac
484 1541 577 1612 itaque
589 1540 737 1596 securitate
752 1538 814 1594 lilia
828 1554 891 1595 ves·
940 1560 991 1616 per
1008 1561 1120 1600 manum
1141 1545 1248 1602 abbatis
1273 1544 1440 1601 Claraevallis
1459 1543 1543 1607 dedit,
1567 1558 1624 1598 non
1649 1543 1732 1598 modo

94 1640 147 1688 trae
167 1634 390 1691 sanctimoniales
412 1633 447 1689 de
471 1631 614 1699 Fontanis,
639 1648 697 1690 suae
721 1632 891 1703 paupertatis
941 1650 997 1690 non
1012 1635 1162 1706 mitigatur,
1188 1649 1281 1689 verum
1311 1634 1405 1698 etiam,
1434 1639 1465 1687 ut
1484 1633 1586 1687 nullam
1605 1649 1682 1704 spent
1698 1633 1732 1688 de

94 1723 263 1781 necessitate
272 1725 430 1795 compulsae,
447 1725 540 1782 advos
561 1724 633 1780 sicut
646 1725 680 1780 ad
695 1724 770 1795 pium
785 1732 891 1796 patrem
941 1725 1140 1795 compositione
1154 1725 1229 1796 pacis
1244 1725 1324 1781 nobis
1339 1724 1484 1794 relinquat,
1497 1723 1639 1780 molestior
1651 1722 1732 1779 modo

93 1826 254 1881 muriunt,
273 1819 459 1889 supplicantes
487 1823 516 1873 et
538 1818 715 1874 obsecrantes
737 1825 767 1870 ιιι
781 1831 891 1872 inanum
906 1805 929 1860 Β
943 1819 973 1872 lit
990 1826 1018 1873 et
1033 1817 1154 1876 severior
1167 1833 1250 1889 quam
1264 1813 1380 1872 solebat.
1398 1815 1477 1872 Nunc
1491 1817 1562 1872 enim
1575 1833 1630 1873 non
1641 1818 1731 1876 solum

94 1911 185 1966 solitae
198 1909 343 1966 charitatis
357 1907 392 1964 ad
405 1915 488 1979 capnt
505 1909 630 1965 ecelesiae
652 1923 710 1964 sue
723 1908 797 1979 quod
810 1906 893 1962 ruodo
942 1909 1105 1981 aufertque.
1121 1910 1173 1966 sub
1184 1925 1214 1966 se
1225 1915 1299 1974 sunt,
1315 1908 1404 1964 sedet
1419 1908 1560 1964 dominum
1579 1907 1734 1964 Nivernen-

95 2001 261 2067 fabricatur,
284 2001 432 2058 extendere
453 2001 615 2073 dignemini,
627 2007 658 2054 ut
671 2000 774 2056 bonrum
789 1997 892 2070 quoda
941 2018 1011 2068 sem,
1027 2001 1207 2060 abdominum
1221 2002 1255 2058 de
1270 2000 1418 2066 bunciaco,
1432 2009 1460 2057 et
1471 2001 1539 2057 alios
1553 2001 1634 2056 etiam
1649 2017 1734 2072 quos·

94 2095 234 2166 principio
251 2109 347 2151 earum
365 2093 529 2165 incoepistis,
545 2093 655 2149 ellectui
673 2092 830 2162 mancipare
844 2106 893 2147 cu·
941 2109 1050 2164 cunque
1071 2100 1171 2164 potest,
1198 2092 1233 2147 ad
1252 2091 1399 2148 arvlerenda
1413 2107 1445 2147 ea
1459 2107 1520 2162 quae
1538 2091 1589 2146 sub
1603 2090 1644 2146 eis
1658 2097 1734 2146 tene·

95 2186 242 2244 reticius
261 2194 379 2243 autema
393 2201 600 2258 sponsoearum
615 2199 773 2241 mansuram
792 2185 892 2240 bonam
940 2200 1014 2247 mus,
1024 2185 1103 2254 quasi
1119 2201 1151 2240 ex
1168 2183 1299 2256 pontilicii
1310 2183 1372 2253 jure
1382 2181 1457 2254 (libi
1472 2183 1620 2253 compellit.
1637 2180 1735 2238 Tantis

94 2286 124 2334 et
138 2277 290 2335 conlectam
317 2285 345 2333 et
367 2277 534 2349 coagitatam
563 2283 592 2333 et
612 2277 849 2346 supereffluentem
863 2275 892 2330 in
941 2275 1026 2346 igitur
1041 2276 1267 2346 oppressionibus
1284 2274 1385 2338 vexati,
1404 2273 1505 2330 vestris
1516 2274 1632 2346 genibus
1650 2272 1735 2330 mise·

95 2373 189 2429 sinum
211 2380 334 2429 vestrum
360 2370 511 2443 recipietis,
528 2369 635 2425 intrans
648 2371 677 2425 in
690 2369 819 2441 gaudium
836 2366 892 2424 lio-
940 2365 1086 2422 ricorditer
1101 2366 1233 2428 obvoluti,
1255 2380 1383 2436 rogamus
1397 2365 1530 2420 utdomni
1549 2366 1658 2422 abbatis
1671 2364 1735 2420 Cla·

94 2466 166 2522 mini
180 2465 230 2521 tui.
245 2464 317 2529 Fiat,
331 2464 388 2520 ilat.
400 2462 496 2519 valeat
506 2462 639 2519 sanctitas
649 2469 742 2517 vestra
755 2475 837 2532 quam
848 2461 893 2514 in·
941 2459 1058 2516 rterallis
1070 2457 1189 2516 savorem
1201 2457 1234 2512 ad
1246 2458 1321 2512 illum
1337 2457 1417 2514 uobis
1431 2458 1612 2528 mitigandum
1628 2465 1734 2512 vestra-

94 2561 225 2617 columen
248 2559 386 2616 sustollat
412 2556 486 2613 Deus
514 2555 645 2612 Ecclesia
672 2569 729 2610 sum
752 2563 780 2609 et
807 2568 893 2625 regno
940 2567 1003 2606 rum
1025 2565 1136 2622 precum
1161 2550 1274 2605 obtentu
1290 2547 1390 2604 babere
1415 2561 1579 2604 mereamur.
1598 2553 1734 2618 quamnim

93 2649 221 2708 Francia
941 2653 1042 2700 nostrae
1055 2641 1201 2714 parvitatis
1220 2639 1379 2696 memoriam
1394 2639 1467 2713 apud
1482 2655 1532 2696 vos
1547 2640 1639 2710 vigere
1650 2637 1732 2708 liujus

321 2739 491 2798 Epistola
509 2737 672 2797 clxxviii.
940 2736 980 2790 rei
994 2733 1160 2789 documento
1174 2737 1335 2788 sentiamus.
1378 2803 1380 2808 Α

192 2848 217 2889 G.
238 2849 348 2890 calonis
365 2848 400 2887 ott
418 2847 576 2887 critalant
595 2846 630 2885 tlt
649 2843 793 2886 auscultat.
1171 2843 1342 2902 EPISTOLA
1361 2843 1501 2901 CLXXIX

98 2923 358 2995 Ursaonensium
379 2922 593 2980 clarevellensis
616 2929 762 2990 compescat
783 2935 891 2990 oppret-
1053 2954 1183 2998 mmm
1203 2953 1280 2994 ΜΒ
1300 2953 1406 2993 mm
1427 2953 1461 2994 A„
1480 2953 1623 2996 smmp-

151 2997 237 3051 tiones
251 2995 302 3051 riti
316 2995 476 3063 abepiscopo
491 2991 717 3048 Aritissiodorenst'
734 2990 837 3048 illotos.

781 3072 800 3116 f
977 3031 1085 3088 Grotius
1111 3033 1166 3103 opit
1187 3047 1235 3102 pro
1256 3030 1376 3085 amicitia
1399 3029 1615 3085 eteslvibr'tr'ssibt'
1636 3030 1705 3100 opud

133 3107 374 3165 Reverendissimo
393 3107 505 3163 domino
525 3119 577 3161 suo
599 3102 718 3160 Socrate
741 3101 789 3161 Der
803 3103 891 3177 gratia

1129 3119 1214 3174 repom
1227 3099 1392 3156 Francorum
1404 3101 1545 3170 beneficiis.

904 3149 926 3206 C

93 3293 239 3348 charitate
261 3290 373 3345 bvrnrilis
396 3289 532 3350 minister,
553 3295 682 3356 totusque
702 3284 826 3354 eiusdem
846 3299 892 3340 ee-
979 3290 1024 3351 sii,
1040 3287 1141 3343 dilecto
1156 3287 1244 3342 amieo
1260 3302 1322 3350 suo,
1339 3286 1466 3342 salutem.

93 3386 189 3440 clesiae
204 3391 366 3446 conventus,
382 3381 494 3438 devotas
512 3380 652 3436 orationes
667 3377 695 3432 in
712 3375 837 3432 Domino.
1006 3381 1077 3434 ultas
1092 3378 1169 3434 vobis
1181 3384 1271 3448 grates
1285 3375 1368 3432 reddo
1379 3376 1452 3446 quod
1468 3375 1608 3432 assiduam
1617 3383 1644 3433 et
1655 3375 1732 3434 inde-

133 3473 164 3531 ln
183 3483 286 3547 quamn
304 3474 374 3544 apud
396 3471 701 3528 nosmemoriavestrae
719 3468 892 3540 paternitatis
942 3470 1021 3526 sinen
1052 3485 1077 3524 m
1098 3467 1272 3525 dilectionem
1292 3467 1359 3522 mihi
1379 3467 1525 3530 exhibetis,
1541 3468 1617 3524 etad
1638 3469 1732 3526 omnia

94 3571 247 3627 eminentia
264 3569 364 3640 vigeat,
380 3565 472 3621 cordis
497 3565 583 3619 vestri
597 3570 734 3619 secretum
748 3561 890 3632 requirite,
942 3562 1046 3636 agenda
1060 3560 1264 3632 meaqnaeapud
1274 3554 1536 3631 regenvFl·ancornm
1549 3561 1667 3632 experiri
1676 3565 1733 3618 vel-

94 3671 125 3719 et
140 3679 174 3718 ex
188 3678 222 3718 eo
232 3676 312 3732 quem
331 3663 404 3714 cirea
432 3673 483 3712 nos
497 3656 604 3711 habetis
624 3668 744 3708 amorem
768 3660 890 3723 pensate.
942 3654 1228 3725 lem,semperpraestn
1240 3660 1268 3708 et
1280 3645 1513 3708 intercessoresse
1520 3655 1649 3718 evirastis,
1660 3654 1732 3725 sieut

95 3755 132 3810 Et
154 3755 283 3827 quoniam
304 3752 419 3808 sincerae
433 3747 590 3803 dilectionis
605 3752 649 3801 est
668 3745 821 3816 proprium,
841 3759 891 3798 nec
942 3746 1023 3802 abeis
1037 3743 1252 3816 accepiquiinde
1265 3743 1297 3799 arl
1309 3741 1731 3816 mererlierunt.Etseiatisquod

96 3847 160 3902 loco
179 3844 328 3906 absentari,
351 3854 402 3896 nec
421 3848 543 3909 tempore
552 3837 651 3893 cedere
664 3835 806 3900 oblivioni,
822 3849 892 3905 prae-
941 3838 1057 3894 multum
1068 3837 1215 3894 voblssum
1227 3835 1371 3898 obnoxius,
1386 3842 1413 3889 et
1426 3834 1607 3896 libentissime
1617 3835 1694 3891 vobis
1704 3844 1732 3894 et

97 3937 191 3995 sentia
209 3943 300 3992 vestra
314 3947 391 3988 niens
405 3939 500 3987 nostra
518 3927 629 3995 reiecta,
644 3934 672 3983 et
689 3926 725 3983 de
747 3925 892 3982 devotione
941 3930 1041 3986 vestris
1059 3928 1255 4000 benignitatem
1270 3941 1352 3998 quam
1368 3926 1436 3982 nubi
1460 3926 1541 3982 toties
1560 3927 1732 3997 impendistis

96 4036 192 4086 vestra
202 4043 257 4083 uon
265 4025 441 4082 mediocriter
452 4021 603 4086 conlidens,
617 4021 704 4075 multa
715 4019 814 4075 animis
826 4034 892 4075 nos·
941 4022 1102 4085 retribuam,
1118 4029 1145 4077 et
1159 4027 1248 4076 terras
1260 4026 1366 4077 vestras
1378 4034 1439 4090 quae
1453 4019 1481 4073 in
1494 4026 1571 4089 parte
1592 4033 1652 4074 mea
1667 4026 1732 4075 sarit

94 4121 153 4178 tris
166 4121 195 4175 in
216 4117 394 4174 tribulatione
417 4115 515 4188 positis
535 4113 570 4169 de
591 4112 776 4169 sollieitudine
799 4119 891 4167 vestra
940 4113 1075 4170 custodiri
1089 4119 1116 4169 et
1130 4111 1238 4169 delendi
1255 4111 1364 4176 faciam,
1376 4119 1404 4168 et
1418 4127 1451 4166 ex
1466 4126 1520 4182 prio
1535 4117 1641 4180 potero,
1657 4111 1732 4166 illam

97 4211 248 4284 promittit,
272 4217 299 4266 et
321 4210 386 4264 licet
403 4207 600 4278 paternitatem
621 4211 742 4262 vestram
770 4206 891 4275 susecpti
940 4207 1020 4263 vobis
1034 4213 1137 4260 terram
1150 4202 1261 4260 reddam
1282 4217 1364 4275 rpuam
1386 4201 1464 4258 vobis
1477 4199 1550 4264 dedi,
1567 4217 1628 4272 qum
1643 4202 1732 4257 adbuc

97 4300 180 4356 olllcii
194 4315 260 4355 cura
281 4309 464 4363 commoneat,
490 4307 519 4353 ut
538 4297 705 4368 pauperibus
725 4295 850 4376 Christi,¹
861 4304 889 4352 et
940 4307 983 4357 est
997 4299 1025 4355 in
1035 4304 1168 4370 potestate
1180 4296 1350 4351 inimicorum
1365 4309 1488 4350 meorum
1505 4292 1588 4364 (111).

98 4395 239 4466 praecipue
250 4394 278 4447 in
299 4392 465 4448 adversitate
485 4390 684 4453 laborantibus,
700 4388 774 4442 omni
792 4387 891 4444 debeat
1179 4383 1347 4444 epistota
1367 4381 1496 4440 CLXXX.

97 4485 201 4541 arruisn
215 4498 385 4550 succurrere,
402 4499 456 4536 nun
478 4493 568 4538 tamen
586 4481 621 4534 ab
635 4495 665 4534 re
686 4488 730 4534 est
744 4479 767 4534 si
788 4479 929 4550 sollici-p
996 4492 1105 4536 uranici
1124 4494 1244 4536 anvseorr
1262 4491 1458 4532 vvrurouvrusrs
1477 4490 1511 4528 ao
1531 4490 1674 4532 succursu.

96 4577 223 4634 tudinem
239 4582 356 4632 vestram
376 4575 528 4629 litterarum
547 4579 703 4626 nostrarum
727 4585 817 4626 sermo
830 4569 888 4641 pul·
1070 4569 1242 4628 Commendat
1257 4569 1358 4638 strepis
1373 4567 1476 4638 duplice
1491 4567 1603 4638 negotio.

96 4670 217 4737 saverit;
233 4669 304 4724 sieut
323 4667 396 4722 euim
412 4666 494 4738 ignis,
511 4679 576 4719 arira
592 4664 684 4725 llante,
700 4662 729 4716 lit
749 4661 890 4732 mundior,
976 4661 1190 4726 namuracensi
1210 4660 1298 4732 gratia
1319 4657 1517 4714 wintoniensis
1532 4657 1661 4715 Ecclesiae
1679 4658 1731 4714 mi-

98 4763 139 4818 ita
154 4762 232 4817 bonne
252 4759 351 4815 uirentis
374 4758 463 4813 studia
478 4754 634 4827 proliciunt.
651 4753 721 4821 Quia
740 4754 824 4823 igitur
842 4752 892 4808 do·
940 4759 1040 4820 nister,
1065 4751 1216 4812 venerabili
1240 4751 1318 4807 tratri
1338 4758 1365 4807 et
1386 4753 1475 4808 amico
1496 4750 1615 4808 Sunt—:nro
1638 4753 1730 4812 abbati

99 4855 193 4910 minus
208 4849 458 4907 Autissiodorensis
472 4847 572 4920 (Hispo)
588 4862 638 4902 nec
651 4851 746 4900 nostra
760 4842 891 4915 patientia
942 4846 971 4903 S,
985 4846 1118 4918 Dionysii,
1130 4845 1255 4900 salutem.
1355 4893 1357 4900 ,

98 4951 248 5023 frangitur,
274 4965 325 5004 nee
348 4949 439 5019 aliqua
462 4946 563 5017 pietate
586 4943 621 4998 ab
639 4941 794 5012 irrogandis
811 4939 891 4994 nobis
976 4939 1119 5011 Negotium
1134 4937 1208 5007 regis
1230 4934 1324 4992 fratris
1344 4935 1399 4990 roei
1420 4935 1560 4991 dilectioni
1579 4945 1676 4992 vestrae
1690 4944 1732 4991 at·

98 5045 210 5116 injuriis
224 5051 378 5105 revocatur,
401 5055 489 5110 neque
503 5053 551 5108 pro
563 5035 607 5090 die
617 5031 826 5104 compositionis
849 5031 892 5085 in·
941 5034 1044 5089 tentius
1055 5029 1206 5092 committo,
1218 5031 1360 5098 postulans
1379 5033 1408 5080 ut
1426 5025 1491 5080 illud
1502 5040 1578 5080 aiore
1597 5025 1676 5080 solito
1690 5024 1732 5078 io·

97 5145 208 5194 ternos
230 5135 295 5191 daia
308 5133 351 5190 vel
371 5138 494 5202 accepit,
507 5129 551 5184 vel
570 5126 678 5181 interim
694 5137 837 5195 usquequo
850 5129 892 5178 te·
941 5125 1040 5190 ventis,
1064 5132 1091 5180 et
1110 5129 1192 5194 prout
1212 5120 1237 5176 ei
1257 5118 1384 5190 expedire
1398 5118 1539 5182 noveritis,
1558 5116 1592 5172 ad
1606 5116 1731 5172 ellectum

95 3194 721 3272 abbatis.Dionysii,iraterG.[Gmr.nccnosl,
732 3190 1155 3528 statmmdeNqfflms
1174 3211 1223 3251 rex
1237 3195 1350 3267 Angliae,
1373 3194 1492 3250 Sensuro
1513 3193 1604 3248 abbati
1620 3191 1649 3250 S.
1666 3193 1732 3252 bio-

136 5293 160 5364 (l
169 5293 200 5348 lb
223 5292 308 5360 Quasi
322 5305 354 5344 ex
366 5288 495 5358 pontificii
503 5287 575 5355 jure,
589 5291 642 5338 ete.
660 5281 784 5336 Fvvndnm
793 5293 890 5334 mona·
942 5284 998 5332 tate
1010 5289 1073 5331 eum
1089 5273 1152 5329 villa
1162 5278 1190 5328 et
1199 5269 1372 5342 pertiuentiis
1386 5268 1443 5324 suis
1456 5267 1594 5328 munibus,
1611 5267 1638 5321 in
1649 5265 1731 5336 spiri-

96 5365 178 5424 sterii
195 5292 378 5419 Xecnaritate
395 5355 623 5415 cluniacensibus
646 5352 815 5410 tradiderant
833 5350 893 5421 epi·
941 5347 1063 5403 tualibus
1086 5352 1113 5400 et
1131 5342 1336 5413 temporalibus,
1356 5340 1475 5420 totaliter
1496 5338 1657 5420 pertinebat,
1675 5335 1732 5390 lla·

97 5452 150 5494 eco
171 5435 178 5488 i
199 5433 557 5497 ¹lntiusiodorenses,prout
578 5424 678 5496 legitur
700 5425 728 5478 in
743 5421 893 5492 diplomate
941 5417 1007 5490 goni
1030 5415 1122 5472 abbati
1145 5421 1172 5470 et
1193 5413 1360 5467 monasterio
1382 5412 1555 5466 Citlnlttttetlsl
1581 5415 1608 5463 ct
1634 5422 1729 5462 coruum

97 5507 140 5561 Lu
179 5505 232 5558 vici
247 5501 291 5565 tl,
309 5503 373 5557 dato
385 5517 457 5555 anno
471 5498 539 5554 1119
552 5497 599 5551 ubi
614 5501 772 5550 recensetos
786 5492 892 5563 priora·
943 5488 1151 5545 successoribus
1164 5483 1297 5539 dederunt
1307 5489 1334 5538 et
1348 5489 1544 5536 concesserunt
1558 5479 1661 5548 absque
1675 5477 1731 5530 ulla

97 5588 147 5632 tus
158 5575 190 5630 B.
201 5574 292 5630 blariae
303 5574 336 5629 de
344 5572 486 5628 Charitate
498 5583 580 5650 snper
587 5565 804 5635 Ligerim,mvem
819 5563 892 5618 Gau·
942 5560 1197 5640 retentioneperse,
1208 5563 1262 5610 ete.
1275 5563 1341 5609 tom.
1356 5549 1514 5674 1111181ρ1ι11.
1527 5549 1608 5612 ιιι-ι’,
1621 5564 1656 5632 ι).Ι
1665 5545 1729 5602 aba.

98 5649 190 5704 iudum
227 5641 475 5700 Autissiodorensis
499 5651 644 5711 episeopus
667 5643 695 5690 et
731 5635 892 5691 Guillelmus
979 5631 1054 5701 (llll
1072 5627 1425 5710 lurrureornmmeormn.-
1448 5616 1658 5704 destGauulrrdr
1674 5617 1731 5700 Aa·

98 5733 195 5774 eomes
217 5713 404 5778 Nirernensis,
430 5720 458 5768 et
481 5709 637 5765 &roardus
659 5707 693 5761 de
712 5706 892 5765 carlianter
942 5704 1104 5772 degarensis
1119 5705 1237 5761 comitis,
1254 5713 1301 5766 qur
1314 5695 1508 5752 normannum
1530 5705 1613 5747 arrnts
1633 5703 1731 5762 aequ:-

98 5791 148 5845 alii
164 5788 257 5843 lidcles
272 5782 500 5852 restringuunt
517 5796 586 5850 qrros
598 5781 674 5832 locrus
688 5779 732 5833 ille
746 5778 780 5832 de
792 5774 890 5830 Chari-
944 5775 1024 5828 sitam
1038 5771 1087 5842 ipsi
1103 5770 1259 5825 abstulerat.
1759 5773 1768 5796 ι
