3967 6334
126 303 188 360 829
602 303 870 362 subthh'tramttt
888 303 979 361 tiuhi
997 303 1098 364 OCTC.
1119 337 1155 348 -
1171 304 1226 363 tte
1256 305 1289 363 t.
1708 311 1762 369 830

127 428 243 493 pturus,
257 437 308 480 cur
329 437 384 476 nou
405 419 476 476 idern
495 422 583 492 pretio
602 421 697 479 eodem
712 422 836 490 captiuos
858 437 925 479 suos
937 427 961 482 Δ
974 432 1039 480 sunt
1058 425 1115 495 iam
1137 425 1274 489 conversi,
1297 423 1427 477 nimirum
1441 423 1570 481 uucniam
1587 433 1647 496 post
1662 429 1763 483 adscu-

127 519 235 576 lutroni
249 520 393 586 adunaret,
406 520 558 598 ambosque
571 535 664 577 secum
678 535 763 591 reguo
776 518 922 576 heatitudi-
971 525 1030 572 tum
1044 516 1146 574 Christi
1161 517 1234 574 fraud
1256 513 1384 591 convenit
1401 519 1477 589 regio
1490 517 1592 574 inferni
1605 521 1764 589 poenitenti·

125 613 178 666 uis
192 611 351 667 induceret?
971 608 1035 674 bus,
1051 609 1112 666 ideo
1125 610 1190 666 dtrm
1205 610 1328 670 infernus
1337 613 1467 669 reticetur
1482 619 1593 684 propter
1606 611 1679 682 ipsos
1693 612 1764 684 ignis

170 697 223 755 Sed
240 700 288 771 qui
311 701 345 755 ad
363 699 471 755 inferna
494 698 644 765 descendit,
664 716 808 772 quousque
827 715 923 772 perre-
972 704 1147 774 purgatorius
1166 711 1404 760 commemoratur.
1422 703 1499 760 Unde
1513 703 1585 759 sicut
1600 704 1686 773 ianua
1701 705 1763 760 eceli

125 790 195 845 mitt
205 789 309 846 liercra
325 791 372 862 qui
387 792 545 863 languorem
560 794 655 848 mundi
669 795 865 860 medicaturus,
879 795 923 850 in·
972 795 1050 867 prius
1064 810 1097 852 en
1111 805 1223 868 peccate
1232 798 1326 872 generi
1340 798 1461 854 humano
1474 799 1579 864 chose,
1599 797 1765 854 ascendente

125 880 243 935 carnari
256 897 312 939 non
324 889 367 938 est
377 882 549 954 dedignatus,
564 885 601 940 ita
611 885 664 940 sihi
678 885 768 944 bonus
780 886 868 942 bonos
878 903 923 944 as·
972 887 1083 945 Christo
1101 889 1201 956 serius,
1217 891 1294 946 ocius
1316 890 1419 946 sanctis
1440 898 1595 960 reseratum
1616 892 1652 946 ita
1672 891 1707 946 ab
1721 891 1764 946 in-

126 973 259 1037 sociarit,
274 981 305 1028 ut
319 973 441 1031 medicus
453 991 541 1048 agros
562 992 619 1032 non
639 976 780 1050 effugeret.
794 978 846 1047 Qui
858 995 923 1052 ergo
973 978 1040 1037 feris
1050 981 1208 1052 regrediens
1220 991 1256 1038 tte
1267 981 1330 1052 quis
1342 997 1455 1038 suorum
1470 981 1575 1037 iliueen
1590 989 1655 1036 tune
1671 988 1765 1036 traus-

126 1064 168 1120 ad
191 1079 239 1120 ecs
264 1065 311 1136 qui
335 1065 363 1120 in
386 1067 481 1138 requie
500 1074 580 1124 erant
601 1069 766 1126 veniendum
789 1071 923 1142 judicavit
972 1074 1120 1144 migraret,
1143 1080 1206 1145 post
1224 1089 1254 1128 se
1275 1073 1327 1127 loci
1357 1071 1439 1144 hujus
1460 1072 1603 1128 introitum
1636 1071 1762 1126 occlusit.

125 1157 210 1227 prius
224 1157 373 1228 expiandos
386 1159 433 1214 ubi
446 1168 540 1216 essent
553 1162 666 1218 visitare
679 1161 795 1219 forsitan
809 1178 864 1219 non
876 1181 922 1220 re·
974 1164 1052 1222 Unde
1065 1166 1093 1220 in
1111 1163 1220 1222 Psalmo
1233 1185 1239 1221 :
1255 1163 1484 1235 Attofiitepcrter,
1499 1165 1640 1234 principer,
1650 1171 1762 1226 centres,

124 1247 256 1314 eusarit:
271 1248 321 1304 sed
334 1247 401 1304 dum
414 1249 478 1306 inde
495 1265 561 1308 suos
576 1250 711 1318 liberavit,
727 1255 822 1324 procul
840 1255 924 1310 durhio
972 1266 998 1314 et
1012 1257 1161 1326 elevemini,
1174 1271 1258 1327 portu
1273 1257 1411 1314 ceruales
1426 1256 1513 1330 (Pccf.
1525 1271 1606 1322 xxru,
1622 1255 1666 1329 i);
1681 1255 1764 1310 nimi·

124 1353 258 1400 vacuam,
278 1340 303 1396 si
316 1355 377 1412 qum
394 1356 427 1397 ea
447 1348 501 1409 est,
515 1344 684 1415 superiorem
698 1346 867 1403 mansionem
880 1345 924 1402 de·
972 1364 1035 1406 rum
1048 1365 1109 1422 quae
1121 1351 1199 1421 prius
1208 1351 1290 1406 nullae
1302 1358 1391 1418 erant,
1406 1350 1436 1406 in
1450 1348 1613 1406 ascensione
1622 1349 1765 1404 elevantur

125 1431 252 1502 reliquit.
265 1430 319 1488 Sed
328 1442 442 1489 vacuata
453 1434 555 1506 quihus
567 1435 724 1492 necessaria
737 1438 833 1494 usibus
846 1439 925 1493 erat?
973 1449 1068 1514 portae,
1093 1441 1194 1514 quibus
1216 1443 1244 1498 in
1265 1448 1366 1498 aeterua
1386 1442 1458 1503 bona
1478 1441 1606 1497 intratur.
1626 1439 1697 1508 Quid
1720 1445 1764 1496 est

125 1539 199 1578 num
214 1531 244 1578 ut
257 1539 375 1594 peream
388 1532 523 1582 tormenta
532 1527 589 1597 jam
609 1525 818 1584 diffundantur?
831 1528 884 1586 Sed
899 1531 924 1586 si
973 1535 1045 1591 hocf
1058 1542 1179 1606 potestas
1195 1533 1315 1590 intrandi
1329 1534 1358 1589 in
1376 1535 1476 1590 eoelum
1498 1533 1590 1589 datur.
1613 1530 1667 1588 Sed
1686 1530 1764 1602 prin·

126 1613 214 1670 modo
227 1615 342 1671 ibisunt
355 1623 383 1672 et
398 1618 474 1680 prins
488 1619 838 1677 adiuisscoredibiliusest.
852 1620 922 1676 Num
973 1631 1049 1702 cipes
1073 1629 1155 1686 interi
1181 1645 1247 1686 suas
1271 1629 1370 1701 quihus
1389 1627 1481 1684 ibatur
1503 1629 1537 1684 au
1561 1626 1712 1691 internum,
1734 1625 1764 1681 in

126 1712 163 1760 ut
177 1706 242 1762 illue
255 1707 384 1779 expiandi
408 1716 530 1781 tempore
549 1712 645 1782 gratiae
662 1711 848 1768 descendant?
868 1713 922 1770 Sed
973 1721 1153 1779 descensione
1173 1721 1281 1777 Domini
1302 1728 1397 1793 portas
1420 1719 1498 1776 inriti
1525 1719 1711 1783 sustulerunt,
1735 1716 1764 1772 id

124 1795 179 1851 rlle
194 1797 273 1854 locus
285 1800 415 1869 quoniam
430 1810 506 1858 earet
527 1802 627 1873 penis,
648 1804 786 1875 quomodo
806 1805 921 1863 idoneus
944 1867 949 1886 1
971 1823 1014 1872 eet
1029 1822 1191 1887 potestatem
1209 1813 1310 1886 quaed
1329 1812 1432 1870 inferos
1447 1827 1543 1868 omnes
1557 1811 1762 1884 pertrahebant,

125 1894 175 1942 est
195 1886 383 1960 flagellandis?
406 1891 460 1948 Sed
484 1895 537 1950 etsi
559 1895 596 1951 ihi
621 1896 685 1968 quis
707 1911 804 1968 poenot
826 1906 920 1968 ponat,
972 1907 1158 1980 perdiderunt.
1176 1905 1269 1978 lmpiis
1282 1912 1374 1960 tamen
1395 1904 1544 1978 perdurant
1563 1903 1644 1961 iuferi
1664 1901 1762 1976 aperti,

125 1985 270 2055 quomodo
293 1997 356 2051 post
378 1990 595 2061 redemptionem
616 1993 700 2064 justis
728 1993 853 2052 infernus
873 1995 922 2052 de·
971 1999 1200 2073 quemadmodum
1213 1999 1276 2055 eoeli
1289 1998 1387 2054 clausi.

127 2077 249 2134 beatur?
269 2079 325 2137 Nee
345 2091 463 2154 possunt
476 2084 569 2156 negari
581 2085 650 2156 iusti
663 2087 711 2158 qui
733 2087 769 2143 ad
785 2087 920 2158 justitiam

133 2275 1757 2308 mmm

689 2434 871 2524 LIBER
906 2434 1193 2542 QUINTUS.

818 2601 1037 2625 ffl—

337 2704 415 2779 1k5
434 2704 549 2763 CAPUT
570 2704 715 2764 PlillfUll.
973 2711 1166 2782 praesentabat.
1193 2711 1320 2770 Christus
1336 2728 1402 2784 ergo
1416 2714 1514 2779 altera,
1535 2721 1618 2785 atque
1634 2715 1720 2772 altera
1734 2713 1763 2770 in

231 2796 346 2866 Quando
359 2807 385 2853 et
398 2799 486 2871 quetis
500 2797 623 2854 Christos
638 2799 822 2857 resurrexerit.
972 2800 1108 2873 speciose
1122 2801 1292 2869 ostendebat,
1317 2803 1454 2877 propriam
1470 2816 1561 2860 tamen
1574 2820 1630 2860 non
1643 2804 1765 2860 dimitte-

167 2891 266 2948 bnima
281 2891 374 2963 ituque
388 2891 491 2950 Christi
505 2909 569 2950 curu
582 2903 640 2951 tota
654 2901 812 2952 sanctorum
826 2895 922 2950 multi·
972 2892 1037 2959 bat;
1052 2893 1192 2964 propriam
1208 2894 1237 2948 in
1256 2909 1286 2950 se
1304 2894 1421 2952 habebat
1442 2897 1572 2967 speciem,
1588 2911 1703 2967 eamque
1717 2879 1767 2950 cess'

127 2985 227 3042 tudine
240 2985 394 3040 animarum
417 2986 452 3042 ab
471 2986 568 3046 inferis
586 3003 707 3060 egresse
728 3004 830 3060 corpus
841 3005 921 3045 suum
972 2985 1062 3054 labat;
1078 2985 1164 3042 altera
1179 2987 1208 3041 iu
1219 2987 1309 3056 specie
1324 2987 1481 3058 apparebat,
1494 3003 1546 3044 nec
1557 2996 1647 3044 tamen
1663 3003 1724 3043 earu
1734 2987 1764 3042 in

127 3075 177 3132 die
198 3076 280 3133 tertia
303 3076 462 3149 ingrediens
479 3078 593 3135 donauit
613 3080 825 3146 resurreetione,
849 3080 921 3136 sicut
935 3120 956 3178 C
972 3093 1003 3134 se
1016 3077 1142 3134 hahebat.
1160 3075 1206 3134 Sic
1220 3093 1282 3134 cum
1302 3094 1333 3135 se
1350 3080 1410 3135 suis
1430 3078 1581 3144 distribuit,
1598 3079 1686 3134 oculis
1701 3095 1764 3149 spe·

126 3168 275 3239 egrediens
285 3171 489 3228 decoloraverat
499 3180 598 3230 morte.
610 3171 709 3230 lleditu
722 3173 813 3244 itaque
825 3173 923 3228 animae
973 3168 1042 3226 ciem
1058 3170 1136 3240 panis
1151 3169 1305 3242 praetendit,
1330 3171 1422 3242 palato
1436 3185 1561 3242 saperem
1578 3175 1658 3241 panis
1673 3170 1764 3238 inges-

128 3261 216 3316 bomo
230 3261 394 3320 immortalis
409 3262 502 3329 flebat,
519 3272 548 3320 et
562 3265 759 3336 impassibilis:
775 3264 921 3336 Mergens
972 3262 1019 3325 sit,
1034 3263 1122 3333 etqui
1136 3263 1236 3318 virtute
1250 3277 1299 3319 sua
1313 3277 1411 3334 panem
1425 3263 1549 3318 mutabat
1563 3260 1591 3316 in
1606 3277 1646 3327 se,
1662 3262 1765 3318 virtute

127 3354 202 3409 eninr
215 3369 248 3409 oc
266 3356 378 3410 mortulo
395 3355 455 3426 jum
477 3373 529 3412 nen
551 3359 674 3424 moritur,
699 3373 770 3412 merc
787 3357 829 3411 itti
848 3356 922 3411 nitra
971 3351 1066 3409 eadem
1081 3354 1161 3426 pauis
1174 3355 1304 3426 speciem,
1319 3360 1347 3409 et
1361 3369 1486 3424 saporem
1497 3362 1577 3410 extra
1589 3369 1687 3425 panem
1703 3369 1764 3410 ser-

128 3463 186 3501 ncn
208 3446 391 3501 dominabitur
410 3447 496 3519 (Rom.
510 3464 550 3516 rt,
572 3448 612 3519 9).
637 3447 771 3506 rraeerea
794 3449 869 3504 enim
892 3448 921 3503 in
972 3445 1072 3514 rahat3
1097 3452 1128 3500 ut
1151 3461 1181 3502 se
1201 3445 1281 3516 panis
1302 3445 1331 3500 in
1352 3444 1444 3518 specie
1465 3451 1497 3502 et
1512 3460 1610 3517 sapore
1629 3444 1764 3516 praehcret

126 3543 241 3592 tantum
253 3537 421 3610 glorificatus
434 3549 487 3608 cst,
501 3547 532 3596 ut
546 3541 633 3596 instar
646 3541 714 3598 solis
742 3548 919 3609 coruscaret,
971 3538 1041 3605 suis,
1058 3538 1106 3609 qui
1120 3553 1182 3594 eum
1199 3537 1290 3609 speeie
1304 3539 1331 3594 in
1347 3542 1456 3611 propria
1470 3537 1593 3610 recipere
1606 3537 1761 3594 horrerent.

127 3628 270 3699 quomodo
284 3630 313 3685 in
325 3629 566 3702 transfiguratione
579 3633 778 3704 omnipotentia
793 3647 844 3688 sua
858 3639 922 3690 ante
971 3626 1064 3701 ltaque
1078 3629 1168 3700 specie
1182 3629 1210 3690 itt
1224 3644 1285 3694 ⁸1¹³,
1310 3641 1392 3700 quem
1415 3627 1488 3699 11111111
1507 3643 1537 3684 80
1551 3629 1642 3694 1111111.
1662 3643 1717 3682 111111
1732 3643 1763 3684 ⁸0

128 3721 299 3791 passionem,
321 3721 447 3778 radiante
462 3730 611 3795 conspectu
626 3725 763 3795 apparuit,
786 3741 921 3796 praemon-
971 3721 1070 3790 tradit;
1087 3721 1179 3792 speeie
1193 3727 1283 3778 autem
1298 3736 1354 3776 non
1369 3737 1429 3786 sua,
1441 3736 1523 3793 quam
1537 3721 1566 3776 in
1581 3737 1611 3779 se
1621 3735 1762 3779 uurmuam

126 3823 224 3872 straus
244 3814 388 3886 discipulis
409 3816 529 3886 speeiem
550 3816 772 3882 resurrectionis,
791 3817 839 3874 sed
860 3824 921 3889 post
970 3814 1063 3882 babet,
1077 3829 1107 3870 se
1119 3812 1213 3869 tradit.

128 3907 360 3964 resurrectionem
379 3908 491 3976 celans;
516 3923 580 3962 uam
602 3924 672 3980 quos
693 3909 866 3966 conturbavit
889 3910 920 3966 li-
1238 3925 1317 4000 140
1332 3924 1447 3982 cgpup
1462 3923 1493 3985 11¹

126 4016 211 4072 gun,
231 4001 435 4072 quantomagis
454 4016 500 4057 res
519 4001 599 4072 ipsa?
622 4000 746 4072 Speciem
760 4001 852 4073 itaque
865 4002 921 4072 pri-

128 4093 232 4148 stinam
243 4092 387 4164 discipulis
399 4092 562 4158 obtendens,
577 4095 792 4166 contemperavit
804 4111 835 4152 se
845 4095 921 4153 intir-
1068 4063 1139 4131 Qum
1154 4062 1316 4118 ‘mumdum
1333 4061 1366 4118 αὖ
1379 4060 1412 4118 ‘⁸⁶
1429 4063 1532 4134 'fs‘f'w
1546 4062 1656 4118 ‘dmm-

128 4183 195 4247 mis,
211 4189 241 4237 ut
253 4197 284 4238 se
297 4197 472 4253 cognoscere,
496 4190 524 4240 et
535 4183 716 4257 quadraginta
733 4184 840 4241 dierum
855 4200 921 4242 eon-
1006 4178 1142 4247 Quoniam
1161 4195 1227 4252 ergo
1247 4180 1375 4238 Christus
1397 4177 1557 4240 resurrexit,
1579 4175 1613 4232 de
1633 4175 1676 4232 his
1693 4174 1760 4248 quid

127 4273 286 4329 versatione
300 4274 437 4330 sustinere
449 4272 580 4330 valerent.
970 4270 1145 4328 sentiendum
1160 4287 1230 4344 quos
1246 4285 1340 4346 secum
1355 4269 1390 4326 ah
1403 4267 1500 4325 inferis
1514 4267 1644 4324 reduxit?
1657 4275 1684 4323 et
1698 4267 1761 4337 qui-

166 4365 221 4420 Sed
235 4366 373 4437 quomodo
387 4367 511 4424 mortalis
532 4367 647 4423 formam
663 4367 793 4424 induebat
805 4368 919 4424 immor·
970 4363 1033 4419 dem
1046 4370 1156 4420 constat
1170 4364 1243 4436 quod
1257 4364 1343 4419 inulte
1366 4378 1476 4432 corpora
1493 4369 1645 4416 sanctorem
1670 4375 1761 4414 rerur-

128 4457 416 4530 talitatistquomodo
437 4467 527 4515 autem
549 4467 612 4530 pust
631 4467 757 4526 mertem,
771 4461 850 4531 quasi
867 4459 918 4516 ho-
932 4464 956 4520 Ι)
969 4473 1104 4531 rcaternnt,
1122 4469 1147 4518 ct
1166 4464 1345 4530 apparuerant
1367 4454 1458 4510 multis
1477 4450 1758 4526 (doctrinaverit),

129 4555 231 4611 minem
246 4569 277 4612 se
291 4555 453 4612 ostendebat
474 4557 629 4622 mortalem,
652 4571 720 4611 num
735 4556 817 4612 simul
829 4558 919 4613 inerat
969 4571 1035 4611 num
1050 4561 1080 4610 ut
1093 4554 1216 4626 plerique
1230 4554 1385 4614 autumant,
1402 4546 1510 4619 gemina
1525 4546 1595 4602 stolo
1607 4545 1665 4616 jani
1680 4559 1761 4600 eece·

127 4646 260 4717 splendor
272 4648 436 4718 maiestatis,
457 4656 485 4704 et
507 4648 667 4705 deformitas
680 4656 781 4706 nostrae
794 4650 919 4706 mortali·
968 4653 1026 4717 pta,
1047 4652 1077 4700 ut
1098 4646 1139 4701 sio
1162 4642 1252 4699 idonei
1279 4649 1362 4697 testes
1383 4637 1594 4696 resurrectionis
1612 4635 1760 4692 Dominicae

126 4739 205 4802 tatis,
225 4753 291 4792 num
305 4737 371 4793 dum
385 4739 501 4795 alterum
515 4738 718 4804 manifestabat,
742 4739 829 4796 altero
842 4755 920 4797 eare-
968 4739 1074 4802 fierent,
1090 4753 1152 4793 eum
1167 4735 1283 4791 Domino
1295 4730 1473 4790 revixerunt?
1490 4729 1543 4786 Sed
1557 4736 1634 4784 tauta
1647 4727 1759 4784 testium

128 4829 196 4883 bat?
216 4827 264 4885 scd
277 4837 375 4886 neuter
388 4836 479 4888 status
499 4832 666 4903 proprietate
679 4847 728 4889 sua
743 4831 850 4888 ridetur
863 4833 920 4904 pri·
967 4829 1116 4903 reparatio,
1139 4828 1239 4901 quihus
1262 4826 1351 4898 magis
1369 4823 1549 4896 competebat,
1573 4835 1655 4894 quarn
1674 4817 1759 4874 David

127 4918 254 4988 randus3
278 4927 376 4976 neuter
400 4921 465 4977 item
488 4928 576 4978 status
597 4923 742 4994 utriusque
764 4929 918 4990 natumm,
967 4924 1137 4996 reliquisque
1160 4919 1321 4992 prophetis,
1346 4933 1379 4974 ac
1403 4918 1491 4989 primo
1515 4914 1699 4988 patriarchis,
1725 4911 1760 4968 do

125 5013 230 5084 quippe
243 5012 327 5070 nimis
340 5013 489 5080 diversam,
514 5014 596 5072 simul
608 5015 733 5072 obtinere
748 5031 830 5086 posse
843 5014 919 5070 vide-
967 5015 1069 5089 quibus
1080 5015 1120 5068 ait
1134 5012 1282 5084 Apostolus
1295 5031 1303 5066 ι
1316 5009 1343 5066 fi
1357 5027 1446 5065 omnes
1463 5007 1610 5064 testimonio
1625 5004 1687 5075 deici
1700 5019 1760 5074 pro·

126 5115 183 5161 tur.
196 5104 267 5172 Quid
280 5108 365 5179 ergo‘t
378 5122 445 5162 num
459 5108 533 5164 oculi
546 5108 732 5179 apostolorum
743 5107 917 5176 fallebantur,
968 5108 1035 5174 heti,
1053 5123 1105 5162 non
1120 5113 1274 5174 occeperunt
1288 5103 1528 5174 repromissionent,
1550 5099 1605 5154 heo
1618 5114 1667 5169 pro
1682 5094 1757 5152 nobis

125 5205 159 5256 ut
179 5197 298 5270 speciem
322 5201 350 5256 in
372 5199 484 5257 Christo
503 5206 631 5270 putarent
650 5200 742 5257 videre
763 5201 838 5257 illam
858 5217 919 5275 qum
968 5197 1069 5271 aliquid
1088 5197 1182 5254 meiius
1196 5194 1358 5268 procidente,
1381 5211 1413 5249 nc
1430 5194 1486 5249 cine
1500 5191 1575 5246 neiis
1590 5203 1758 5244 consumme-

126 5288 240 5346 miuime
252 5290 380 5347 ridetur?
403 5291 506 5348 absita
527 5289 580 5348 tide
606 5291 792 5363 prestigium!
812 5293 918 5364 species
967 5301 1059 5362 rentur
1073 5289 1153 5362 (Hei.
1167 5304 1208 5352 ιιι,
1230 5285 1516 5361 accumulationem
1537 5297 1604 5354 ergo
1619 5281 1717 5338 animae
1730 5286 1758 5334 et

126 5380 201 5435 enim
212 5387 324 5438 ostensa
336 5383 440 5454 absque
452 5381 594 5438 delusione
611 5381 699 5438 oculis
713 5381 836 5452 subjecta
846 5390 915 5438 erat.
966 5380 1091 5452 corporis
1112 5379 1233 5435 noudum
1259 5382 1450 5450 perceperunt,
1473 5380 1504 5430 ut
1527 5373 1617 5444 majus
1635 5371 1673 5428 sit
1690 5383 1758 5441 gau-

127 5469 175 5526 Sie
198 5472 272 5528 oculi
293 5475 409 5530 duonum
434 5489 497 5529 cum
520 5473 598 5544 prius
621 5480 780 5528 tenerentur
800 5488 835 5528 ne
854 5488 917 5529 eum
967 5471 1043 5528 diurn
1067 5469 1190 5526 omnium
1214 5466 1278 5522 dum
1303 5464 1385 5524 simul
1409 5468 1644 5520 consummantur.
1679 5457 1758 5517 Unde

126 5571 328 5633 agnoscerent,
353 5571 465 5638 propter
493 5565 613 5636 speciem
644 5580 727 5636 quam
750 5565 917 5636 incognitam
967 5563 1125 5620 credibilius
1139 5568 1182 5618 est
1196 5561 1286 5616 solum
1305 5557 1445 5615 Christum
1462 5555 1492 5611 in
1505 5554 1619 5627 gloriam
1632 5567 1756 5610 resurre-

125 5656 298 5722 cemebant,
324 5664 387 5729 post
410 5665 599 5730 cognoverunt
629 5657 658 5713 ἰιι
681 5657 814 5716 fractione
836 5659 917 5730 panis
967 5657 1052 5722 risse,
1067 5665 1180 5712 caeteros
1199 5659 1290 5710 autem
1310 5656 1422 5724 peraeto
1444 5647 1524 5706 officii
1541 5644 1757 5730 suitestimonio

126 5744 204 5820 (Luc.
220 5763 297 5815 xxiv,
317 5748 374 5822 Si),
399 5749 529 5822 quoniam
550 5747 660 5807 tandem
682 5747 786 5820 species
807 5755 871 5805 nota
886 5765 916 5806 sc
967 5747 996 5804 in
1012 5754 1111 5805 terram
1136 5745 1238 5818 absque
1259 5743 1385 5802 molestia
1405 5741 1470 5800 lethi
1495 5741 1594 5798 iterum
1609 5738 1754 5802 nesolums,
