3967 6334
248 349 299 407 hil

726 348 914 409 enarrante
933 339 1234 412 ctrntsorocrrant
1253 351 1408 411 crisconi

1836 356 1887 415 tis

249 470 331 533 οιίιιιι,
347 468 464 539 [eceman
478 476 566 522 antara
583 466 749 539 iraipaitatein
764 467 885 540 (lios).
909 466 1045 531 uincet,
1063 472 1317 540 Acoaprepaoernnt
1349 467 1384 523 ad
1416 484 1475 523 earn
1506 469 1655 525 universam
1687 438 1843 529 emorien'
1863 486 1887 530 rt

239 559 324 633 -qnod
340 558 479 617 liberastis
493 567 648 623 nocerrtern,
672 573 728 613 non
742 559 979 631 reprehendimus,
996 560 1044 617 sed

238 652 322 725 ›qnot
336 650 480 707 occidistis
495 650 681 707 innocentem.

574 760 616 849 nt
675 742 722 792 ⁵²⁷

624 823 638 848 ο
691 818 707 854 ,ι

290 888 386 944 l'idenr
408 898 496 944 antean
519 888 627 945 Pilatus
653 889 717 961 pain
740 888 806 944 nihil
829 891 977 961 moticensi,
998 890 1044 946 red

250 980 336 1050 anapia
358 979 490 1033 tantailtar
513 980 599 1049 ficret,
623 990 730 1049 accepta
754 996 835 1050 epira,
862 980 925 1035 latit
949 997 1044 1036 triunitas

249 1087 340 1125 coram
354 1071 461 1141 popolo,
477 1070 588 1125 dicens:
605 1068 734 1126 Innocens
748 1088 796 1143 epo
810 1088 870 1126 sain
884 1088 903 1125 a
915 1073 1045 1144 sanpaine

248 1164 315 1235 isati
325 1163 415 1234 bajas.
433 1164 483 1218 Vas
495 1163 624 1218 sideritis.

287 1254 440 1329 illistron]
469 1255 510 1310 Ac
535 1255 560 1311 si
591 1254 666 1311 dicat
689 1275 696 1311 ε
720 1254 777 1327 Epo
802 1256 930 1313 minister
953 1257 1044 1329 legum

250 1362 323 1410 strar,
338 1355 430 1403 vestra
444 1348 671 1419 consanguinem
686 1344 761 1418 'justi
779 1347 879 1415 iundit,
899 1348 971 1405 unde
985 1365 1044 1421 pae-

250 1457 314 1497 nam
327 1441 462 1497 sentietis.

285 1533 321 1589 Et
335 1534 494 1603 respondem
509 1535 646 1590 aniversns
668 1534 792 1605 papales,
816 1534 885 1589 disti
905 1534 1044 1608 :Sanpnia

248 1627 308 1698 ejas
318 1643 396 1696 saper
406 1644 454 1681 noa
463 1637 488 1681 et
499 1644 578 1698 saper
587 1628 659 1699 filios
670 1638 787 1684 nostras.

288 1718 380 1791 Usque
394 1719 476 1778 bodie
491 1728 651 1791 perseverat
670 1720 832 1791 imprecatio
854 1720 937 1791 hujus
950 1720 1046 1775 crimi-

252 1813 297 1869 nis
311 1824 340 1868 et
354 1826 451 1883 prenae.
467 1811 547 1869 Uinde
560 1809 645 1869 lsaias
658 1810 706 1868 :Si
719 1811 867 1867 boaeeritis
880 1811 915 1866 ad
931 1828 971 1867 rita
983 1828 1044 1867 me·
1062 1820 1082 1880 Β

252 1922 313 1969 nas,
328 1922 380 1959 aon
394 1904 536 1959 wardiam
549 1921 593 1960 aas
604 1920 613 1957 .·
625 1921 720 1959 manna
734 1904 802 1958 enim
815 1913 908 1959 antae
918 1904 1045 1975 seiipnine

250 1994 410 2065 plenariam
426 1994 496 2067 (iso.
521 1997 560 2066 x).
583 1991 688 2050 Pilatus
701 1995 781 2065 juxta
795 1994 862 2051 illud
875 1993 940 2050 leclt
956 2014 963 2050 :
987 1994 1044 2049 La·

250 2088 316 2141 aabo
331 2088 564 2141 internitionem
580 2102 675 2140 orantia
690 2102 761 2140 nicar
776 2084 864 2159 (Psoi.
881 2085 957 2158 xta),
972 2095 1003 2141 ut
1016 2087 1044 2142 in

251 2178 362 2234 lairacro
379 2193 507 2235 nianuum
523 2179 583 2249 ejus
597 2178 741 2249 gentilium
756 2193 839 2249 opera
854 2188 993 2251 purgaret,
1018 2187 1045 2236 et

252 2273 287 2327 ab
307 2272 446 2343 impietate
468 2270 623 2327 lridaeorum
642 2287 694 2327 nos
717 2271 821 2328 alienos
844 2272 955 2336 iaceret,
976 2287 1045 2355 quio·

251 2362 398 2419 darnumdo
411 2364 505 2419 dicens
524 2383 531 2418 z
555 2362 613 2435 Ego
634 2364 807 2420 innnocentem
826 2366 901 2420 nolui
915 2365 1044 2430 liberare,

253 2456 447 2529 sedquoniam
469 2456 568 2513 seditio
588 2457 689 2521 oritur,
713 2463 741 2513 et
760 2457 957 2529 perduellionis
978 2458 1046 2512 milri

252 2555 349 2604 cotnra
370 2546 506 2603 Caesarem
536 2548 642 2603 crimen
673 2547 832 2619 impingitur
852 2549 901 2621 (8),
922 2550 1046 2605 innocens

252 2657 313 2695 rant
325 2658 342 2695 a
355 2642 484 2711 ranpaine
493 2640 574 2711 insti.
596 2639 685 2697 drudes
705 2642 753 2713 qui
774 2642 883 2713 cogitur
897 2641 969 2697 serre
982 2658 1046 2698 sen·

254 2732 378 2797 tentiam,
394 2747 449 2787 non
464 2730 578 2785 damnat
599 2731 738 2796 oblatum,
762 2731 810 2787 sed
825 2732 915 2803 arguit
930 2733 1047 2789 oberen-

254 2832 306 2881 tes.
327 2822 377 2880 Est
390 2823 474 2894 igitur·
485 2811 693 2893 comparatione
707 2838 802 2879 eorum
818 2825 960 2892 innocens,
983 2826 1047 2883 licet

254 2916 284 2973 in
306 2915 358 2970 boc
384 2914 522 2985 particeps
546 2914 647 2980 luerit,
673 2916 739 2986 quia
765 2916 789 2973 si
812 2918 925 2973 oninino
948 2918 1044 2984 valet,

254 3024 335 3079 quem
349 3007 455 3078 justum
469 3008 640 3079 pronuntiat,
654 3008 761 3077 eripere
774 3016 877 3080 posset.

526 3098 641 3156 caret
660 3098 764 3156 ctxtx
862 3147 865 3151 .

322 3210 387 3300 ιι.
421 3192 469 3302 ‘t
505 3212 558 3301 ιι.
595 3191 642 3242 2⁰⁶
673 3210 728 3300 L.
763 3193 811 3243 ³¹⁴
842 3210 896 3301 n.
933 3192 980 3244 ¹⁹⁶
1060 3178 1082 3238 ⁶

291 3335 364 3391 Tana
380 3338 481 3393 dimisit
494 3338 549 3393 iilia
567 3338 727 3404 Bermion,
743 3338 838 3395 ieram
853 3348 941 3395 antem
953 3338 1048 3412 [lapel-

255 3430 289 3485 iis
299 3444 397 3484 cesam
408 3429 520 3485 tradidit
532 3447 570 3485 cn
582 3440 610 3485 nt
622 3431 832 3502 crncifiperetar.

291 3518 432 3594 [limiam]
451 3522 588 3579 Barrabas
609 3523 680 3578 latro
701 3522 860 3591 seditiosus,
882 3530 911 3580 et
932 3522 1049 3579 homici-

256 3613 364 3668 diorum
378 3626 485 3679 auctor,
507 3615 640 3673 dimissus
653 3624 696 3672 est
708 3615 821 3681 iudeis,
844 3617 872 3671 id
886 3627 938 3682 est,
953 3616 1049 3671 diabo-

256 3706 301 3761 lus
316 3706 363 3777 qni
378 3715 473 3777 regnat
488 3706 517 3761 in
528 3708 579 3764 eis.
595 3708 687 3775 Quare
701 3708 805 3764 Pilatus
819 3708 932 3765 tradidit
946 3706 1049 3765 iudaeis

257 3794 351 3853 lesuin
366 3797 548 3870 flagellatum,
570 3814 633 3854 cuin
655 3799 733 3872 prius
756 3815 787 3856 se
805 3799 905 3856 dixerit
918 3800 1049 3855 innocen·

257 3898 314 3945 tera
329 3904 344 3944 a
359 3890 493 3963 sanguine
505 3891 588 3962 ejus?
613 3890 759 3966 [ausast]
779 3892 850 3960 Quia
864 3891 997 3948 Romanis
1012 3892 1051 3949 le·

257 3981 339 4054 pibus
359 3983 496 4040 sancitum
516 3992 588 4051 erat,
609 3992 640 4039 nt
660 3986 709 4056 qui
729 3986 946 4057 crucifigeretur,
972 3984 1050 4056 prius

256 4078 459 4134 verberaretur.
478 4076 542 4133 lileo
554 4093 665 4149 puroque
676 4079 830 4155 credendus
842 4088 886 4134 est
898 4078 1052 4150 flagellasse

257 4165 363 4234 lesum,
385 4169 490 4240 atejus
505 4168 615 4239 injuriis
632 4168 720 4227 ludaei
734 4170 839 4237 satiati,
862 4185 878 4225 a
895 4178 983 4225 morte
997 4168 1052 4225 tto-

257 4260 325 4316 mini
350 4260 528 4317 desisterent.
551 4260 629 4317 Unde
653 4262 736 4317 etiam
759 4261 883 4333 permisit
909 4261 1050 4317 cohortem

258 4367 337 4408 suam
351 4353 466 4410 illudere
482 4354 519 4418 ei,
540 4360 588 4407 aut
608 4351 737 4408 fortassis
757 4352 851 4422 jussit.
875 4350 982 4425 [Bion]
999 4350 1053 4408 Co-

258 4446 353 4501 lumna
366 4447 411 4502 cni
427 4446 556 4518 alligatus
572 4444 624 4500 luit
636 4446 683 4501 ille
697 4446 745 4515 qui
761 4443 867 4500 soluere
881 4443 1052 4515 compeditos

260 4539 332 4595 solet
365 4538 537 4595 demonstrat
561 4554 649 4609 usque
672 4537 755 4592 bodie
777 4535 893 4607 uestigia
913 4534 1087 4599 Dominicilt

260 4628 381 4685 cruoris.
399 4627 540 4702 [Hieron]
567 4628 649 4685 lesus
662 4627 834 4692 verberatur,
850 4634 881 4682 ut
893 4642 945 4682 nos
959 4644 976 4682 a
989 4644 1051 4684 uer-

260 4720 374 4777 beribus
387 4719 546 4785 liberemur,
560 4721 670 4777 dicente
684 4719 827 4790 Scriptura
841 4718 993 4789 adjustum
1008 4720 1051 4773 vi-

260 4828 342 4868 rum:
359 4810 383 4865 F
385 4813 509 4885 lapellam
525 4830 577 4867 non
594 4811 815 4883 appropinquabit
825 4810 997 4867 tabernacola
1007 4822 1051 4868 tao

261 4903 350 4977 (Pari.
369 4904 424 4977 xc).
449 4904 594 4978 [incuss]
615 4905 672 4961 Cur
691 4912 782 4959 autem
801 4902 889 4960 ludaei
908 4920 1053 4961 recusare·

260 5005 327 5053 runt
340 4997 433 5054 lessam
448 4999 577 5069 superius
591 4996 718 5054 occidere
734 5015 742 5065 ;
765 4996 789 5053 si
802 5012 877 5053 nunc
890 5007 1054 5068 aeceperunt

260 5107 324 5148 eura
338 5091 538 5147 occidendum?
557 5089 619 5146 Non
638 5090 742 5146 dicturo
761 5099 804 5147 est
822 5097 852 5145 ut
865 5090 1056 5161 crucifigerent

260 5198 335 5247 euru,
360 5182 409 5238 sod
431 5191 460 5237 at
483 5182 683 5253 crncifiperetnr
705 5189 841 5251 potestate
862 5182 997 5251 praesidis.
1021 5182 1056 5237 Et

262 5272 325 5329 ideo
338 5273 393 5329 illis
408 5274 541 5329 traditum
553 5274 624 5331 dixit
638 5275 818 5346 evangelista,
832 5284 864 5331 ut
876 5291 925 5331 eos
939 5275 1055 5332 crimine

262 5362 453 5437 implicitos‚'a
467 5382 524 5438 qao
544 5368 626 5423 alieni
647 5382 710 5423 esse
726 5368 909 5432 conabantur,
930 5368 1057 5425 ostende-

261 5464 315 5513 rei.

351 5566 416 5663 bl.
450 5551 498 5661 ⁵4²3
576 5636 588 5660 .

301 5698 401 5755 Milites
424 5701 546 5771 presidia
566 5686 736 5770 suscipientes
757 5700 849 5756 ieram
873 5701 900 5754 in
920 5700 1055 5771 pretorio,

624 5550 970 5662 mstsmam

1095 559 1432 625 superascenderunt
1455 577 1515 617 eant
1538 562 1654 616 tunicam
1676 576 1850 633 perparum,
1863 576 1887 619 rt

1095 652 1260 725 chlamydem
1275 654 1423 708 coaeirieam
1438 652 1667 709 circumdederant
1680 655 1717 721 ei,
1733 664 1761 710 rt
1774 656 1888 726 plecter-

1095 754 1133 802 tes
1145 762 1270 801 coronam
1284 746 1316 802 dc
1329 746 1423 816 spinis,
1439 754 1583 817 posuerant
1596 762 1675 819 saper
1688 756 1772 817 caper
1784 748 1855 817 einr,
1866 759 1889 803 et

1095 838 1254 893 arundinem
1267 839 1295 893 in
1307 838 1444 895 desieram
1457 838 1526 909 ejas,
1542 847 1568 893 et
1582 854 1648 910 pena
1663 838 1736 909 pleae
1747 848 1811 895 ante
1820 856 1888 905 aar,

1094 928 1239 985 illudebant
1249 928 1363 985 dieentes
1376 944 1384 984 .·
1395 930 1459 997 dae,
1470 945 1518 985 rea
1526 927 1692 985 Jadcrorum.

1132 1018 1270 1095 [lironem]
1291 1018 1432 1077 llladcndo
1452 1022 1558 1077 nudant
1579 1037 1641 1077 curn
1660 1022 1790 1079 restibus
1812 1023 1890 1093 quasi

1095 1112 1218 1183 pristinis
1231 1113 1389 1176 virtutibus,
1412 1120 1439 1169 et
1458 1113 1576 1169 induunt
1593 1128 1656 1169 cunr
1670 1113 1766 1169 tunica
1782 1130 1890 1185 parpa-

1094 1220 1151 1270 rea,
1166 1207 1229 1277 quia
1245 1221 1292 1263 rex
1307 1206 1451 1261 dicebatur
1470 1225 1478 1261 ε
1500 1212 1582 1277 atque
1599 1204 1744 1278 chlamyde
1758 1206 1889 1262 coccinea

1095 1314 1145 1370 pm
1165 1297 1228 1354 ruso
1246 1300 1346 1364 lembo,
1368 1314 1423 1371 quo
1444 1314 1523 1371 reges
1544 1304 1651 1354 veteres
1670 1299 1843 1366 utebantar;
1866 1308 1892 1354 et

1095 1405 1145 1461 pro
1168 1389 1324 1447 diademato
1345 1390 1411 1445 dant
1430 1389 1457 1446 ei
1479 1388 1604 1460 spineam
1629 1404 1770 1453 coronam,
1793 1398 1824 1446 et
1843 1406 1894 1461 pro

1086 1490 1203 1553 ‘sceptro
1217 1483 1363 1537 calamum.
1382 1481 1445 1537 llaea
1464 1480 1558 1537 omnia
1581 1480 1696 1553 mystice
1709 1480 1893 1551 intelligenda

1095 1582 1168 1630 scint.
1178 1573 1320 1641 Qriontodo
1334 1574 1408 1629 enim
1422 1572 1541 1644 caiphas
1555 1572 1625 1629 dixit
1641 1594 1647 1628 :
1665 1571 1773 1644 Oportet
1791 1571 1895 1645 [Erpe-

1094 1664 1145 1737 dit]
1159 1682 1240 1719 ariani
1255 1664 1384 1720 ltontinem
1404 1666 1473 1720 mori
1490 1679 1539 1735 pro
1559 1664 1679 1721 omnibns
1696 1664 1832 1737 [pmlol.
1847 1682 1897 1721 rte·

1096 1757 1187 1813 sciens
1201 1757 1267 1828 quid
1281 1757 1400 1826 diceret3
1426 1757 1466 1813 sia
1480 1764 1508 1813 et
1523 1756 1569 1813 isti
1583 1772 1644 1829 que
1656 1759 1726 1814 mala
1740 1766 1841 1814 merite
1856 1758 1897 1813 la·

1097 1850 1184 1913 ciunt,
1200 1856 1370 1905 sacramenta
1386 1849 1465 1906 nobis
1477 1849 1613 1927 tribuunt.
1629 1848 1735 1925 [Bran]
1750 1849 1895 1921 Purpura,

1096 1930 1161 1996 caro
1184 1940 1287 1997 Christi
1307 1948 1350 1997 est
1376 1941 1551 2011 passionibus
1574 1941 1668 2007 rubra,
1693 1940 1727 1997 de
1747 1956 1808 2015 qua
1829 1939 1898 1995 Pro·

1096 2033 1177 2104 pheta
1192 2052 1198 2089 :
1222 2032 1311 2101 Quare
1325 2032 1435 2087 rubrum
1449 2041 1488 2089 est
1502 2031 1683 2087 indumentum
1698 2042 1786 2096 taam,
1814 2040 1842 2087 et
1857 2048 1898 2086 re·

1098 2126 1223 2181 stinienta
1248 2133 1295 2178 tna
1317 2125 1396 2195 paeri
1418 2123 1579 2177 calcantium
1600 2122 1630 2177 in
1654 2122 1807 2177 torculari?
1824 2118 1896 2193 (ira.

1096 2212 1175 2285 cxii).
1205 2212 1332 2287 [llrenon.
1357 2210 1452 2285 baon]
1471 2208 1501 2266 ln
1525 2211 1670 2283 chlamyde
1691 2212 1830 2265 coccinea
1853 2226 1898 2265 su-

1097 2314 1198 2362 stentat
1210 2315 1323 2361 cruenta
1347 2320 1430 2377 opera
1450 2304 1583 2375 gentium,
1604 2304 1632 2359 in
1652 2320 1753 2359 corona
1774 2304 1899 2359 maledi-

1097 2406 1170 2453 ctam
1187 2398 1338 2469 antiquum.
1357 2396 1486 2469 Spineam
1501 2412 1631 2453 coronam
1645 2404 1744 2468 portat,
1760 2397 1833 2469 quia
1850 2413 1899 2469 pro

1097 2486 1177 2541 nobis
1190 2486 1315 2541 mortalis
1329 2484 1428 2550 lactas,
1443 2494 1537 2543 nostra
1552 2489 1672 2557 suscepit
1684 2486 1798 2544 delicta.
1819 2486 1900 2543 [ride

1098 2593 1251 2649 precursor
1265 2578 1325 2648 ejus
1348 2598 1354 2633 :
1381 2577 1447 2634 Ecce
1461 2578 1553 2650 dpnna
1568 2578 1617 2633 Dei
1638 2580 1683 2650 pai
1698 2580 1768 2633 tollit
1782 2590 1899 2649 peccata

1097 2670 1188 2725 nitardi
1203 2670 1294 2742 (ioan.
1310 2670 1342 2743 ι).
1358 2670 1437 2738 Quod
1452 2680 1542 2727 autem
1559 2670 1644 2741 spinae
1658 2678 1769 2741 peccata
1785 2671 1899 2741 signib-

1098 2776 1171 2827 cant,
1186 2760 1319 2817 Dominus
1333 2762 1465 2826 ostendit,
1480 2776 1555 2825 cum,
1571 2761 1742 2832 protoplasto
1756 2761 1784 2815 in
1801 2774 1901 2830 pecca·

1096 2866 1154 2911 tum
1170 2856 1257 2927 lapso,
1273 2856 1311 2911 ait
1324 2876 1329 2911 :
1344 2854 1427 2911 Terra
1441 2866 1498 2921 tna,
1515 2864 1540 2911 et
1555 2856 1656 2925 minor,
1671 2864 1695 2910 et
1710 2852 1831 2908 tribulos
1846 2871 1902 2925 prr·

1098 2949 1210 3005 niinadit
1225 2948 1273 3002 nit
1288 2946 1363 3019 (Gen.
1376 2948 1429 3021 ιιι).
1445 2947 1524 3015 Qriorl
1537 2956 1581 3005 cst
1594 2947 1685 3003 dicere
1698 2946 1901 3002 :Conscientia

1098 3048 1145 3096 tna
1159 3056 1215 3096 non
1229 3039 1342 3097 desistet
1364 3056 1511 3110 procreare
1531 3040 1582 3095 tibi
1602 3039 1764 3111 punctiones
1784 3046 1820 3093 et
1834 3053 1901 3091 acu-

1098 3135 1156 3190 leos
1181 3133 1321 3189 uitiorum.
1352 3131 1489 3205 [buroam]
1513 3130 1643 3188 Calamus
1668 3140 1759 3187 autem
1783 3130 1900 3202 nanum

1099 3226 1151 3281 init
1166 3225 1267 3297 sceptri
1283 3225 1346 3280 uani
1366 3235 1393 3281 et
1415 3225 1532 3295 fragilis,
1553 3240 1637 3295 super
1654 3238 1736 3295 quero
1751 3224 1902 3279 iecamle·

1098 3314 1195 3372 baiocis
1218 3332 1314 3372 ornnes
1336 3316 1498 3388 prinsquam
1522 3312 1709 3371 crederemus.
1729 3312 1902 3369 Conlidclta·

1098 3410 1249 3466 musenim
1270 3410 1299 3465 in
1318 3409 1396 3481 uirga
1418 3408 1571 3465 arundinea
1592 3406 1702 3479 Egypti
1719 3408 1765 3463 rel
1780 3406 1902 3479 Babylo·

1098 3498 1143 3555 nis
1157 3496 1226 3570 (isa.
1244 3496 1361 3569 xxxvi),
1387 3498 1430 3554 rel
1451 3497 1642 3567 cujuscunque
1665 3495 1744 3567 regni
1760 3496 1899 3551 contrarii

1098 3598 1194 3647 contra
1211 3606 1326 3663 regnum
1347 3588 1405 3645 Dei.
1432 3588 1465 3644 Et
1489 3588 1594 3659 accepit
1614 3587 1750 3642 calamam
1772 3587 1855 3641 illum
1876 3594 1902 3643 rt

1098 3678 1203 3750 uirgam
1218 3678 1323 3750 fragilis
1337 3676 1415 3749 regni
1429 3676 1463 3733 de
1477 3676 1605 3732 manibus
1618 3674 1732 3740 nostris,
1758 3682 1790 3728 ut
1801 3674 1902 3728 trian-

1099 3766 1164 3837 pbet
1178 3782 1251 3833 eum,
1267 3778 1294 3823 et
1313 3774 1438 3822 conterat
1459 3766 1488 3821 in
1511 3766 1585 3837 ligno
1606 3765 1709 3830 mucis,
1733 3765 1807 3820 dans
1820 3765 1903 3819 nobis

1100 3866 1238 3929 sceptrum
1262 3860 1339 3930 regni
1362 3858 1496 3923 caelestis,
1520 3858 1671 3931 stringam
1694 3858 1729 3913 de
1752 3873 1807 3928 qua
1832 3857 1903 3911 scri-

1100 3962 1177 4025 ptum
1191 3962 1253 4012 est:
1280 3954 1362 4026 l'irpa
1384 3954 1532 4026 equitatis,
1554 3956 1628 4025 oirpe
1650 3954 1725 4025 repni
1746 3954 1789 4007 tai
1811 3951 1901 4025 (Psoi.

1100 4046 1185 4120 xciv).
1206 4045 1257 4103 Vel
1270 4048 1387 4119 uirgam,
1400 4062 1461 4118 quae
1479 4046 1612 4118 corripiat
1625 4060 1685 4112 eos,
1701 4044 1750 4117 qui
1766 4061 1840 4116 opns
1855 4046 1902 4099 ba·

1100 4140 1165 4196 bent
1179 4142 1361 4211 correptione,
1378 4140 1413 4196 de
1427 4155 1481 4211 qna
1494 4138 1562 4195 dicit
1576 4136 1749 4209 apostotus:
1763 4138 1837 4207 Quid
1851 4141 1902 4193 rat·

1101 4234 1157 4288 tis?
1170 4234 1196 4287 io
1211 4234 1283 4305 stirpe
1300 4233 1401 4287 neniam
1415 4231 1450 4286 ad
1464 4248 1508 4286 nos
1518 4233 1530 4287 i
1540 4229 1567 4301 (1
1578 4229 1643 4287 Gar.
1657 4230 1711 4302 ιι.)
1726 4230 1807 4287 Dedit
1822 4231 1901 4286 nobis

1100 4331 1128 4379 et
1141 4324 1317 4390 baculum,ut
1330 4324 1499 4395 deponentes
1512 4323 1617 4395 virgam
1632 4322 1901 4392 calaminam,quam

1101 4416 1268 4472 baltebamus
1277 4416 1437 4487 priusquam
1446 4412 1775 4470 celebraremnsllomini
1785 4411 1898 4473 Pascha,

1102 4507 1270 4563 celebremus
1283 4504 1401 4571 Pascha,
1424 4504 1574 4563 secundnm
1595 4504 1671 4576 qnod
1689 4505 1827 4576 scripturn
1841 4512 1899 4560 est:

1102 4598 1197 4653 lineali
1219 4598 1298 4655 antri
1323 4598 1351 4651 in
1375 4596 1497 4652 manibus
1522 4598 1618 4653 nestris
1642 4597 1699 4652 rint
1725 4595 1898 4664 (andAnt

1101 4689 1246 4760 Amplius:
1263 4688 1404 4744 Calamam
1419 4688 1540 4753 tenebat,
1562 4695 1594 4742 ut
1606 4686 1790 4759 sacrilegiam
1804 4688 1901 4743 scribr-

1102 4789 1145 4836 ret
1153 4779 1320 4847 lndaeorum,
1335 4779 1377 4835 rel
1388 4780 1415 4834 in
1424 4780 1531 4835 calamo
1539 4787 1676 4835 venenata
1684 4778 1793 4835 occidit
1801 4779 1900 4834 anina·

1104 4870 1151 4925 lia.
1162 4867 1619 4943 [ilreaon.—lltcan1cs.]Amplius
1632 4888 1640 4924 ε
1658 4867 1809 4940 Susceprts
1821 4868 1902 4925 ornai-

1104 4962 1156 5017 bus
1171 4961 1294 5033 corporis
1309 4962 1398 5018 nostri
1414 4961 1635 5028 infirmitatibus,
1654 4960 1761 5018 deinde
1775 4962 1902 5033 sanguine

1104 5055 1227 5110 omnium
1241 5061 1403 5127 martyrum,
1427 5054 1529 5125 quibus
1544 5069 1661 5125 regnum
1677 5069 1776 5109 aecnm
1790 5062 1847 5107 arat
1858 5052 1902 5105 de·

1105 5146 1202 5213 bitum,
1220 5146 1248 5202 in
1261 5147 1338 5202 cocci
1353 5147 1445 5203 colore
1459 5132 1647 5217 pertunditur.
1663 5146 1848 5217 Pretiosoque
1860 5144 1902 5197 bo·

1104 5250 1172 5291 tiore
1195 5236 1390 5307 prophetarum
1413 5250 1446 5291 ac
1476 5236 1703 5307 patriarcharum
1730 5236 1760 5291 in
1784 5246 1900 5307 purpura

1104 5327 1229 5383 vestitur.
1258 5325 1350 5399 Spinis
1376 5343 1499 5401 quoque,
1524 5326 1630 5393 idest,
1658 5328 1900 5400 compungentium

1105 5420 1242 5489 ornandam
1253 5420 1374 5489 peccatis
1385 5420 1508 5492 gentium
1521 5428 1685 5477 coronatur.
1701 5422 1827 5479 heuleus
1836 5418 1901 5476 cuim

1106 5516 1281 5579 peccatorum
1297 5517 1340 5567 est
1356 5510 1383 5565 in
1398 5510 1497 5581 spinis,
1520 5526 1554 5566 ex
1569 5512 1674 5582 acribus
1689 5510 1809 5568 Christo
1823 5508 1900 5565 siao-

1106 5600 1147 5653 ria
1158 5608 1185 5657 et
1196 5614 1297 5657 corona
1313 5604 1480 5659 contexitur.
1497 5600 1527 5657 ln
1541 5602 1649 5657 calamo
1660 5619 1740 5669 nero,
1751 5598 1900 5659 arunte·

1107 5694 1227 5765 genitium
1250 5694 1395 5751 infirmitas
1421 5704 1505 5769 atque
1528 5694 1650 5752 inanitas
1664 5713 1763 5770 ,manu
1787 5704 1901 5765 catab*

301 5787 340 5862 (8)
359 5790 558 5849 Perduellionis
572 5793 676 5849 crimen
691 5801 751 5861 est,
776 5794 868 5851 hostili
883 5792 974 5848 attinio
989 5790 1119 5846 aduersus
1135 5784 1329 5857 rempublicam
1343 5796 1369 5843 et
1382 5786 1533 5861 principem
1548 5784 1664 5841 armari.
