3967 6334
252 165 323 223 l20'l
802 166 975 227 sudemus
990 168 1104 229 sums
1123 170 1152 229 S.
1168 170 1326 230 utultlstt.
1778 188 1831 253 {pag

249 279 313 335 liter
324 276 403 342 uixit,
420 294 502 351 quam
514 278 664 337 laudabiles
676 280 778 339 fuerint
791 284 939 353 ensequiae,
955 298 1039 357 quarn
1053 290 1076 349 Α
1090 284 1201 343 desiuit.
1228 284 1295 340 Nam
1316 284 1363 357 qui
1385 285 1529 345 nobiscum
1547 285 1633 347 adbuc
1646 292 1741 362 positus
1753 300 1833 368 punct.
1920 292 1921 333 l

248 370 371 427 celebres
394 386 520 441 persone
543 370 718 429 interfuerint
741 374 902 445 sepulture,
922 376 1039 447 epistola
1092 393 1157 449 pum
1171 376 1387 449 celsitudinipro
1399 376 1517 434 subditis
1531 382 1833 463 suggerebat,nuneqn0.

249 460 308 529 iila,
338 469 587 533 quamterogante
602 463 636 519 de
655 463 715 533 ejus
738 480 854 521 excessu
867 465 951 532 edidi,
967 466 1039 523 seire
1092 486 1145 543 que
1158 487 1208 544 pro
1221 471 1326 527 devotis
1336 479 1362 528 et
1376 472 1545 544 supplicibus
1555 477 1704 547 conspectui
1715 476 1835 545 diuinitatis

249 555 426 627 cupientibus
439 556 547 628 plenius
559 556 696 612 ostendet.
714 555 862 629 lieniqueo
878 557 986 615 inlicem
999 566 1037 624 te,
1092 562 1262 635 suggerendo
1281 560 1412 635 Sugcrius
1430 563 1543 620 assistit.
1560 562 1588 618 Si
1603 568 1688 631 eninr,
1702 584 1755 625 cum
1768 575 1836 634 adhue

250 644 358 701 felicem
380 661 489 717 quoque
503 653 531 700 ct
549 662 602 711 me,
623 646 724 717 quibus
740 646 834 702 datum
849 649 885 704 sit
899 655 927 704 et
937 648 999 704 uiro
1012 656 1040 705 et
1092 656 1163 712 mole
1173 662 1342 727 premeretur
1354 656 1488 727 corporis,
1500 662 1604 711 tantam
1619 674 1666 729 pro
1679 658 1791 721 iratribus
1800 683 1836 739 ge-

250 743 360 792 mortuo
374 738 540 802 ministrare,
564 754 681 808 qrrornm
698 740 826 797 manibus
840 742 960 813 pretiosa
981 740 1039 813 jam
1092 748 1170 805 rebat
1189 747 1416 817 sollicitudinem
1441 748 1507 819 quid
1525 763 1599 805 nuuc
1618 764 1694 823 agere
1716 754 1836 818 credendos

250 828 406 883 exanimato
420 830 529 901 corpori
545 836 609 886 suot
623 830 712 887 infusa
728 832 866 889 balsama!
880 832 1040 905 Nunequod
1093 851 1146 905 ese,
1157 839 1266 913 quando
1280 840 1372 896 earnis
1387 842 1476 913 ruptis
1486 842 1601 899 vinculis
1620 842 1653 896 ad
1672 844 1765 915 plenam
1776 849 1838 907 libs.

251 919 401 991 optandum
419 928 517 986 restat,
533 922 639 977 utinam
653 926 741 979 nostri
755 940 859 980 memor
877 926 923 992 sn,
948 932 975 981 en
990 940 1041 997 pro
1094 922 1178 990 talem
1198 933 1345 1005 perunctus
1368 934 1471 991 evasus
1494 932 1571 990 trano
1598 934 1705 991 onustum
1718 939 1838 1009 quintrio

251 1011 332 1068 nobis
345 1013 905 1084 oretquinobiscumorareconsueverat,
921 1017 1042 1087 utcujus
1094 1026 1177 1083 modo
1205 1040 1302 1098 preces
1333 1023 1465 1081 Dominus
1486 1026 1634 1081 clementer
1656 1026 1781 1095 admittat,
1804 1036 1838 1105 qni

252 1104 380 1160 convictu
390 1106 483 1177 ‘gavisi
503 1121 612 1171 surmus,
636 1106 807 1164 orationibus
823 1108 986 1164 fulciamur!
1009 1109 1044 1164 Et
1093 1117 1201 1173 Domini
1214 1125 1349 1190 praecepta
1362 1125 1389 1175 et
1400 1124 1501 1174 attente
1512 1118 1616 1173 audivit
1630 1126 1656 1175 et
1669 1118 1793 1192 diligenter
1803 1125 1839 1179 io-

252 1196 363 1267 quidem
376 1196 402 1253 si
415 1198 567 1254 buncbene
595 1200 669 1265 novi,
696 1200 734 1255 ita
748 1207 778 1255 ut
793 1218 865 1256 nunc
876 1210 919 1257 est
932 1202 1043 1259 aeternis
1093 1212 1187 1285 plevis,

253 1284 392 1345 immistus
406 1288 523 1359 gaudiis,
538 1290 580 1346 sui
594 1292 713 1349 nominis
722 1291 842 1349 officium
860 1292 973 1366 impiere
985 1308 1043 1351 non

488 1420 491 1428 t

253 1450 1840 1487 mm
1920 1442 1921 1451 ¹

365 1582 1123 1743 SANDIONYSIANI
1185 1576 1744 1741 CONVENTUS

654 1854 1004 1974 EPISTOLA
1074 1850 1485 1973 ENCYGLIGA

594 2078 669 2169 ou
729 2077 935 2173 uonru
993 2076 1236 2169 sussen
1275 2073 1540 2167 tenuris.

271 2249 420 2313 ACCEfflT
438 2248 580 2308 CARUEN
599 2247 634 2305 ΙΝ
653 2247 738 2306 EJUS
767 2247 870 2305 OBITU
898 2246 1064 2306 AUCTORE
1095 2246 1293 2306 GUlLLELMO
1323 2245 1488 2305 MONACHO
1520 2244 1676 2303 EIUSDEM
1704 2246 1833 2313 molid.

511 2380 517 2391 ⁴
550 2389 631 2464 (Dour
641 2387 736 2446 Fertur
755 2404 782 2456 rt,
799 2386 872 2443 lior.
891 2385 923 2442 de
935 2384 1298 2460 l'ofbegrdeSeint-Dertgs‚
1315 2384 1445 2452 PreuveS,
1460 2400 1487 2457 p.
1501 2384 1567 2458 etr.)
1920 2404 1921 2445 l

1584 2559 1591 2574 ι

294 2658 430 2717 omnibus
449 2654 574 2711 fidelibus
587 2654 689 2725 ubique
705 2654 734 2709 in
753 2654 863 2711 Christo
877 2658 1046 2723 constitutis,
1063 2664 1085 2720 Β
1099 2654 1177 2712 Unde
1200 2670 1273 2711 nune
1291 2652 1425 2721 ¹veraciter
1449 2658 1476 2708 et
1505 2667 1603 2709 secure
1616 2650 1726 2709 Domino
1735 2652 1843 2713 terrun

254 2751 369 2810 humilis
386 2749 462 2805 Beati
472 2747 594 2821 Dionysii
604 2757 756 2804 cornreutus
769 2748 898 2815 salutem,
916 2759 943 2806 et
952 2767 1002 2822 pro
1013 2766 1045 2807 ea
1096 2745 1448 2822 percrebrescentem
1472 2742 1699 2801 deserendoutet
1721 2754 1801 2809 nent
1816 2748 1843 2803 le·
1920 2774 1921 2813 3

255 2860 317 2918 quae
328 2844 357 2899 iu
370 2843 500 2915 presenti
518 2840 682 2913 postulatur,
696 2847 827 2897 aeternam
841 2844 871 2897 in
883 2844 962 2899 coelis
977 2860 1046 2900 eon·
1096 2855 1155 2894 cnm
1166 2836 1437 2909 habitationisglorie
1457 2846 1509 2890 tuce
1525 2834 1614 2908 (rent.
1634 2852 1697 2899 nr,
1709 2834 1744 2905 8).
1755 2834 1843 2891 leuues
1920 2816 1921 2891 ι

255 2935 334 3007 sequi
348 2934 574 2990 consolationem.
591 2931 833 3001 Reverendissimi‚
845 2942 872 2990 et
885 2937 937 3006 piae
952 2952 1046 2992 recor·
1096 2931 1210 3004 ingenii,
1229 2931 1329 3001 linguae
1342 2930 1426 2995 nitor,
1451 2928 1607 2984 litterarum
1625 2926 1843 2994 aeternalium

256 3027 375 3084 dationis
403 3024 511 3097 Sugcrii
536 3023 642 3081 abbatis
656 3024 806 3096 gloriosum
819 3026 853 3082 de
864 3026 916 3083 hoc
944 3028 1046 3084 mundo
1097 3022 1291 3093 scribendique
1315 3022 1424 3093 peritia,
1447 3020 1529 3077 simul
1555 3028 1583 3077 et
1601 3021 1766 3092 singulariter
1781 3020 1803 3075 in
1821 3034 1844 3076 ιι

255 3120 404 3177 transitum
419 3126 521 3175 sanetre
538 3117 713 3174 unanimitati
727 3125 825 3174 restrae
842 3118 953 3191 dignum
967 3120 1047 3176 duxi·
1096 3113 1323 3186 resplendebant,
1340 3119 1371 3166 ut
1384 3111 1429 3167 vix
1440 3111 1539 3182 aliquis
1550 3111 1653 3173 sciret,
1668 3110 1729 3182 quid
1742 3110 1842 3169 bonon

257 3226 321 3268 orus
331 3212 520 3267 intimarerut
531 3210 559 3265 in
569 3210 672 3276 dolore,
682 3210 970 3283 quoiuaestimabiliter
980 3229 1047 3269 eon·
1096 3208 1144 3265 illo
1164 3206 1335 3279 potissimum
1356 3204 1499 3261 emineret.
1523 3203 1592 3260 Cum
1618 3200 1646 3258 id
1677 3202 1755 3275 magis
1780 3202 1844 3259 inilo

256 3304 373 3361 sternati
383 3319 490 3367 sumus,
501 3302 661 3359 acharitate
670 3309 762 3359 restra
776 3303 927 3359 remedium
936 3304 1046 3376 aliquod
1097 3300 1222 3355 mirabile
1245 3298 1333 3354 rideri
1343 3303 1447 3369 posset,
1462 3295 1536 3370 quod
1547 3312 1605 3353 ⁰⁰11
1615 3296 1696 3361 lente,
1714 3310 1763 3352 ¹¹⁰n
1778 3294 1843 3360 maie,

255 3395 349 3451 solatii
370 3401 555 3466 reportemus.
570 3392 641 3460 Quia
658 3394 732 3449 enim
746 3394 829 3450 unius
839 3395 937 3465 capitis
951 3412 1046 3453 omnes
1097 3392 1146 3449 sed
1156 3390 1250 3448 eadem
1269 3405 1339 3462 pene
1351 3404 1405 3462 qua
1415 3389 1576 3460 loquebatur
1587 3389 1722 3445 celeritate
1732 3388 1843 3444 scribla

257 3487 340 3542 simul
358 3494 386 3543 et
399 3485 500 3558 singuli
523 3486 646 3542 membra
660 3500 767 3549 sumus,
778 3493 886 3542 constat
904 3488 969 3558 quia
982 3504 1049 3545 mn.
1097 3479 1843 3556 inipsonousulumnaturalismemoriaefelicitasrigebat,

256 3586 312 3633 tuae
326 3577 526 3649 compassionis
540 3576 656 3632 invicem
670 3575 809 3634 debitores
822 3578 976 3636 existimus.
990 3580 1046 3635 ltn-
1097 3577 1145 3633 sed
1152 3582 1179 3631 et
1185 3588 1342 3632 arssumnra
1357 3572 1413 3647 [ad]
1426 3572 1680 3643 comprehendenda
1690 3588 1745 3644 que
1755 3588 1844 3643 oposu-

257 3686 311 3741 que
325 3671 389 3725 licet
402 3676 581 3735 memoratus,
592 3677 620 3725 et
632 3670 759 3725 omnibus
772 3670 880 3726 sacculis
891 3686 1046 3729 memoran—
1097 3675 1160 3724 sent
1174 3674 1201 3723 et
1213 3653 1392 3723 custodienda
1407 3686 1414 3721 ε
1431 3664 1500 3722 adeo
1510 3672 1540 3721 ut
1553 3678 1720 3737 quaecunque
1727 3664 1812 3735 egregie
1818 3660 1845 3717 di

257 3760 311 3818 dus
328 3760 410 3816 Pater
429 3776 480 3833 pro
506 3760 640 3831 singulari
651 3760 796 3831 sapientia,
810 3774 861 3831 pro
883 3762 1046 3817 strenuitate
1097 3767 1141 3815 cta
1154 3760 1197 3817 vel
1210 3760 1333 3815 audisset
1357 3758 1514 3830 aliquando,
1529 3758 1570 3813 rei
1582 3758 1642 3829 ipse
1652 3758 1844 3820 dixissetbcoet

257 3861 285 3909 et
298 3852 435 3909 industria
445 3868 495 3908 sua
512 3852 573 3908 orbi
595 3868 664 3924 pene
681 3852 810 3909 universo
827 3852 987 3919 innotuerit,
1001 3860 1045 3907 ta·
1095 3859 1217 3925 tempere
1231 3854 1400 3925 inpromptu
1414 3852 1536 3908 baberet.
1555 3848 1584 3907 ln
1599 3868 1656 3923 quo
1669 3850 1785 3907 sobrietas
1795 3846 1842 3901 aba

257 3960 321 4001 rnen
333 3945 406 4017 quod
418 3943 451 3999 ad
468 3960 520 4001 nos
530 3945 627 4000 attinet
645 3944 755 4001 solliciti
767 3960 872 4008 sumus,
883 3960 917 4000 ne
928 3946 1046 4001 inrmen-
1097 3947 1194 4017 riguit,
1215 3954 1246 4002 ut
1261 3960 1341 4002 nemo
1370 3944 1540 4002 discerneret
1552 3952 1646 4000 utrum
1660 3942 1809 4003 anteeiboor,
1819 3954 1845 3995 m

257 4036 298 4093 sis
308 4036 378 4093 tanti
389 4035 479 4092 Patris
488 4034 629 4091 beneflciis
638 4043 665 4091 et
675 4036 780 4093 meritis
793 4036 893 4107 ingrati
909 4042 937 4092 ct
950 4012 1083 4091 imme-C
1099 4039 1160 4095 cibo
1171 4038 1386 4111 sumpto,nragis
1395 4044 1468 4094 essct
1483 4036 1603 4095 sobrius.
1613 4037 1739 4094 Caeterum
1748 4042 1773 4089 ot
1784 4034 1844 4087 nulla

256 4144 350 4185 mores
370 4142 561 4201 appareamus.
586 4127 646 4184 Non
675 4126 850 4199 quodomoia
864 4127 972 4201 egregia
986 4128 1047 4198 ejus
1097 4128 1504 4204 breuitercomprehendantur,
1520 4138 1630 4202 quantae
1643 4128 1744 4185 virtmis
1756 4128 1789 4182 rel
1800 4126 1844 4197 opi·

256 4221 332 4278 facta
354 4223 398 4279 rel
413 4221 509 4278 landes
534 4220 586 4277 bae
599 4220 675 4276 brevi
695 4220 806 4277 scedula
817 4220 895 4291 plene
908 4220 1048 4292 possimus
1099 4224 1191 4279 olonis
1201 4224 1244 4279 uir
1255 4223 1349 4291 istein
1360 4231 1418 4279 toro
1430 4237 1516 4294 regno
1526 4222 1636 4277 babitus
1646 4218 1689 4281 sit,
1701 4234 1747 4274 nna
1758 4218 1802 4273 brec
1812 4230 1843 4269 res

256 4316 504 4389 comprehendere,
541 4315 642 4386 quippe
664 4313 766 4381 ouibus
797 4314 966 4385 explicandis
989 4328 1048 4370 noo
1098 4318 1180 4374 testis
1195 4317 1309 4381 exstitit,
1331 4313 1405 4388 quod
1427 4331 1475 4371 rex
1492 4313 1647 4371 Ludoricus
1670 4311 1843 4383 llierosobnau

256 4423 343 4481 porro
356 4407 505 4472 volumine,
519 4407 563 4462 rel
574 4404 706 4461 mediocri
722 4405 832 4475 ingenio
842 4420 911 4476 opus
930 4406 976 4462 sit.
996 4404 1046 4460 Ni-
1099 4408 1287 4481 proficiscens,
1309 4408 1425 4465 consilio
1454 4406 1614 4479 pontificum
1640 4414 1667 4462 et
1679 4416 1844 4477 proceruner·

256 4498 360 4555 mirum
380 4514 444 4555 curu
455 4497 566 4556 etfama
579 4498 670 4553 minor
692 4496 808 4561 meritis,
825 4503 852 4553 et
865 4497 925 4554 laus
937 4497 1047 4553 uirtuti·
1098 4502 1266 4574 pertaeillius
1281 4500 1342 4559 fidei
1360 4508 1388 4559 et
1405 4500 1523 4556 solertiae
1537 4514 1651 4570 regnum
1668 4494 1799 4567 specialiter
1811 4506 1843 4547 re·

255 4590 310 4647 bus
324 4592 413 4665 impar
425 4591 536 4649 existat.
552 4590 620 4658 Quis
630 4591 702 4647 enim
718 4589 778 4660 ejus
791 4589 874 4645 vitam
888 4590 971 4663 digno
983 4606 1048 4663 pos-
1099 4595 1216 4665 gendum
1227 4594 1375 4651 commisit.
1387 4592 1466 4660 Quod
1477 4592 1522 4647 ilie
1533 4590 1641 4647 duobos
1651 4589 1728 4644 fenne
1737 4586 1801 4641 annis
1810 4582 1843 4650 ju-

256 4685 295 4740 sit
308 4683 404 4740 elferre
421 4683 575 4756 praeconio?
588 4682 656 4750 Quis
669 4682 742 4738 illius
756 4677 922 4752 ejurentute
934 4698 1048 4755 magua·
1098 4695 1181 4743 vante
1201 4686 1257 4743 lieo
1281 4688 1319 4743 ita
1342 4684 1546 4742 administravit
1562 4692 1589 4741 et
1606 4682 1693 4747 rexit,
1713 4686 1740 4735 ut
1755 4674 1842 4750 principi

256 4774 421 4839 nimitatem,
436 4780 534 4830 ettam
556 4774 584 4829 in
598 4774 682 4831 rebus
696 4773 908 4831 ecclesiastiscis
921 4789 1004 4845 quam
1020 4782 1048 4831 et
1098 4794 1209 4835 reverso
1231 4780 1377 4835 commisso
1397 4778 1450 4835 sibi
1475 4778 1631 4834 restitueret
1654 4776 1755 4845 integra.
1770 4768 1810 4824 Sed
1823 4774 1842 4821 tl

256 4868 437 4928 saecularibus
451 4869 520 4925 satis
538 4868 627 4939 possit
645 4868 741 4923 mirari
755 4868 927 4939 prudentiam
937 4869 951 4923 l
961 4868 1047 4939 Cujus
1099 4887 1225 4929 summus
1236 4871 1357 4943 pontifex
1370 4870 1520 4943 Eugenius,
1535 4870 1641 4943 quoties
1652 4868 1735 4937 aliqua
1747 4864 1770 4917 iu
1781 4875 1841 4931 regor

256 4961 332 5016 circa
354 4960 477 5017 divinum
505 4959 608 5015 cultum
621 4958 801 5031 vigilantiam,
817 4957 891 5015 circa
918 4956 1048 5017 Ecclesiae
1099 4962 1223 5034 grauiora
1246 4963 1433 5028 emersissent,
1463 4958 1582 5017 eumad
1608 4958 1691 5031 ipsius
1711 4950 1841 5009 nudentur

256 5060 385 5109 ornatum
404 5053 577 5116 instantiam,
601 5067 682 5108 nemo
693 5048 861 5108 sufficienter
871 5046 980 5108 referet.
996 5050 1048 5109 Cui
1099 5053 1217 5109 inissent
1237 5053 1357 5125 perlata,
1383 5052 1464 5109 istius
1488 5050 1606 5123 probatae
1631 5043 1786 5102 discretionis
1805 5054 1841 5095 sc

256 5145 396 5218 praecipua
420 5160 527 5217 semper
553 5144 605 5200 fuit
615 5143 731 5199 intentio
745 5142 788 5198 uel
801 5142 933 5208 studium,
949 5152 979 5199 ut
1002 5160 1049 5200 no-
1100 5147 1162 5219 pius
1196 5145 1369 5202 terminanda
1399 5144 1516 5202 remisit.
1546 5141 1598 5211 Qut
1631 5156 1691 5199 curo
1717 5136 1840 5195 iurituset

255 5238 313 5297 bile
326 5238 400 5295 beuti
413 5236 537 5311 Dionysii
557 5236 757 5295 monasterium
766 5237 842 5293 omni
857 5236 943 5309 glorie
957 5244 984 5293 et
998 5236 1049 5294 ho-
1100 5246 1213 5297 coactus
1236 5238 1361 5297 consiliis
1389 5254 1484 5311 regurn
1507 5238 1649 5296 inte-esset
1664 5244 1690 5295 et
1704 5230 1839 5309 principum·

256 5346 326 5387 nore
352 5330 500 5396 attolleret,
527 5329 655 5401 religiose
676 5328 829 5394 ordinaret,
854 5336 882 5385 et
903 5329 1047 5386 ecclesiam
1063 5372 1086 5427 D
1100 5333 1167 5395 boe,
1190 5340 1221 5389 ut
1250 5332 1396 5400 fatebatur,
1414 5348 1472 5389 non
1500 5333 1560 5389 sine
1583 5348 1678 5407 magno
1696 5324 1782 5386 meotis
1796 5330 1840 5391 tn·

256 5423 410 5479 redditibus
428 5424 596 5494 opulentam,
621 5421 743 5479 aediticiis
762 5420 938 5493 ampliorem,
962 5437 1046 5476 ornu—
1102 5428 1209 5485 camino
1239 5426 1413 5491 sustinebat,
1442 5432 1473 5481 ut
1501 5426 1626 5498 popillia,
1654 5430 1682 5481 ut
1707 5416 1795 5477 uiduis.
1819 5416 1839 5461 ¹¹¹

257 5517 359 5573 mentis
372 5516 528 5575 decoratam
548 5516 683 5572 redderet.
696 5514 782 5588 Cujus
795 5514 835 5571 rei
849 5514 910 5572 luce
929 5514 1047 5571 clariora
1101 5519 1312 5593 qrribuscunque
1334 5518 1502 5590 pauperibus
1523 5524 1550 5574 et
1569 5516 1690 5590 injuriam
1713 5500 1840 5568 sustincti-

257 5616 367 5666 exstant
379 5608 491 5677 iudicia,
506 5626 594 5684 usque
607 5611 635 5666 in
650 5609 730 5670 finem
750 5608 841 5668 secuti
858 5624 1047 5681 permansura.
1097 5613 1154 5669 'bus
1174 5627 1253 5685 opem
1280 5610 1363 5669 ferret
1390 5618 1419 5667 et
1436 5612 1587 5685 precipue,
1605 5617 1633 5669 ut
1655 5602 1787 5665 commitit
1802 5586 1839 5652 “¹¹⁸³
