3967 6334
278 360 345 429 im
759 355 958 422 'zncfllltlAE
975 351 1280 421 cunlsoeoltlaui
1298 349 1454 412 nelscorl
1498 401 1502 409 .
1821 367 1853 426 tis

292 486 374 542 ralde
387 483 469 540 modo
480 479 609 555 gehenne
623 481 695 552 ignis
707 494 857 551 corporeus
870 488 924 547 est,
935 495 987 536 nec
1001 478 1083 550 lignis
1098 481 1121 536 Α
1134 473 1269 546 poraliurn
1291 487 1383 528 rerum
1406 469 1598 526 similitudines
1613 469 1779 542 exhibeantur,
1790 486 1855 552 quibu

292 580 426 643 nutritur,
438 592 488 632 nec
500 575 680 632 succensione
699 572 801 644 indiget
810 580 837 628 et
847 579 889 628 est
900 571 1083 641 inexstingui-
1134 581 1217 621 carne
1230 565 1331 620 mortui
1342 565 1431 619 solent
1444 561 1495 618 sub
1510 568 1584 616 terra
1604 562 1690 618 tondi.
1708 585 1716 616 r
1731 565 1855 636 Nonnullin

294 671 359 727 bilis
383 678 491 724 creatus
505 665 587 722 abeo
602 664 637 719 ab
659 665 719 734 ipsa
735 663 830 718 mnndi
844 661 960 733 origine.
981 681 991 713 s
1009 658 1083 715 ldem
1134 657 1185 712 lrac
1199 656 1335 712 sententia
1356 654 1500 726 Augustini
1523 653 1643 708 sentiunt
1659 655 1724 724 quod
1745 660 1855 738 ubicunque

249 817 253 825 .
296 762 472 821 octavoJob:
491 781 501 813 r
522 758 610 816 Ultrin
625 757 874 813 llanrmuuitiorum
889 755 1084 810 cremationem
1132 756 1263 820 peccator
1282 747 1374 814 luerit,
1399 747 1436 801 ibi
1459 746 1593 801 elementa
1621 747 1765 803 cruciabunt
1782 768 1857 814 eune

280 858 388 922 babet,
400 857 492 910 lumen
504 869 560 908 non
575 852 667 907 babet.
678 847 752 921 lgnis
765 850 810 904 ille
824 848 858 903 ad
869 847 1083 904 consolationem
1133 841 1163 894 in
1178 853 1294 910 corpore
1319 853 1380 900 suo,
1393 844 1420 892 et
1435 851 1469 892 ox
1483 835 1551 890 locis
1566 835 1749 904 adjacentibus.
1761 839 1797 896 Est
1810 848 1856 904 enin

295 963 350 1003 non
363 949 443 1014 lucet,
459 953 592 1000 ettamen
614 950 644 996 ut
661 942 749 1011 magis
763 948 900 1011 torqueat,
923 939 957 994 ad
980 938 1084 1009 aliquid
1134 933 1276 1004 probabile
1287 937 1316 986 ut
1338 929 1438 994 anima,
1454 942 1579 999 quassus
1594 935 1687 997 sponte
1706 932 1775 985 sunsit
1785 949 1796 986 a
1806 949 1858 995 rann

280 1044 380 1093 ·.rrcet.
391 1035 460 1090 Nom
475 1034 583 1105 reprobi
599 1048 629 1088 se
641 1032 727 1086 uisuri
742 1031 845 1087 suntin
858 1030 974 1095 inlerno,
985 1039 1016 1084 ut
1030 1043 1086 1084 ma·
1134 1025 1286 1081 lomentum
1311 1020 1453 1093 peccandi,
1479 1020 1577 1075 nolens
1594 1019 1628 1072 ab
1639 1019 1726 1074 eadem
1737 1025 1823 1093 recipiat
1832 1029 1857 1084 lo

296 1127 340 1199 gis
354 1127 465 1181 doleant
477 1143 485 1191 ;
499 1124 564 1194 quia
578 1130 605 1178 et
614 1121 691 1177 dives
707 1123 736 1174 in
751 1120 935 1176 sinudbrahae
949 1117 1084 1172 Lazarum
1134 1125 1256 1170 mentum
1282 1114 1432 1168 cruciatus.
1449 1111 1482 1166 Et
1502 1111 1565 1182 quia
1589 1125 1673 1180 poenae
1684 1112 1731 1168 illae
1743 1119 1858 1178 acutissine

280 1216 367 1273 ‘vidit
381 1216 456 1283 (linc.
472 1215 561 1287 ruri.»
579 1213 618 1268 Ex
631 1213 702 1267 libro
717 1211 976 1283 Prognosticorum:
997 1229 1005 1261 r
1024 1209 1083 1275 Est,
1135 1222 1167 1262 ac
1178 1207 1351 1277 sempiternas
1365 1212 1455 1268 erunt,
1471 1221 1527 1260 non
1551 1205 1695 1275 improprie
1711 1207 1770 1276 ignis
1781 1221 1859 1271 elenu

282 1310 378 1362 nteit
391 1309 487 1362 beatus
503 1304 683 1376 Augustinus,
699 1302 851 1358 inferorum
870 1301 1025 1359 substantia
1039 1302 1084 1356 in·
1135 1298 1320 1368 appellantur.
1339 1296 1435 1352 llerito
1450 1310 1558 1366 quoque
1580 1294 1721 1352 inlemales
1734 1306 1757 1352 et
1768 1302 1860 1362 subterra

298 1395 461 1466 corporalis.
476 1392 511 1446 Et
525 1392 586 1447 ideo
599 1391 698 1445 merito
711 1391 852 1461 quaeritur,
874 1390 947 1446 unde
961 1389 1013 1445 sub
1024 1396 1083 1444 ter,-
1108 1389 1117 1410 ·
1134 1388 1193 1444 lore
1206 1389 1345 1452 dicuntur,
1357 1388 1421 1458 quia
1435 1387 1543 1442 miserae
1562 1393 1658 1441 aninrae
1679 1403 1722 1458 per
1735 1389 1816 1460 lapsum
1825 1405 1860 1450 [g.

294 1482 481 1544 ris'dicuntur
495 1501 556 1540 esse
568 1483 660 1549 inlesi,
673 1483 860 1564 sicorporalia
869 1482 930 1535 loca
940 1496 995 1535 non
1010 1488 1083 1546 srrnt;
1134 1496 1208 1536 renae
1224 1481 1370 1552 voluptatis
1383 1495 1431 1535 eus
1446 1480 1596 1535 incurrent.
1609 1478 1765 1550 Augustinus
1777 1485 1798 1538 in
1807 1489 1860 1542 unde·

294 1589 342 1634 aut
355 1578 427 1633 unde
441 1576 523 1632 inlesi
537 1576 719 1647 appellantur,
729 1575 753 1630 si
768 1575 820 1630 sub
833 1573 916 1628 terris
924 1589 979 1628 non
991 1583 1080 1628 sunus
1137 1573 1209 1628 cinro
1235 1571 1343 1645 lxxxi]
1359 1571 1397 1628 lie
1422 1572 1532 1627 civitate
1548 1570 1612 1626 Dei:
1631 1589 1639 1621 r
1657 1571 1710 1626 Cur
1721 1589 1769 1628 non
1779 1575 1861 1635 diranus

283 1669 350 1726 ⁸·Sed
363 1670 440 1737 idenr‘
464 1669 561 1723 doctor
575 1666 661 1722 dicit:
680 1664 769 1722 ‹ldeo
794 1665 847 1722 sub
861 1665 942 1721 terris
954 1664 1085 1719 dicuntur
1135 1665 1357 1734 quamvismiris,
1374 1672 1466 1720 tamen
1481 1664 1552 1719 reris
1576 1665 1675 1731 modis,
1697 1667 1768 1720 etiam
1787 1671 1862 1740 spirius

294 1762 375 1817 inlesi
390 1761 432 1816 rel
446 1760 606 1822 ereduntur,
632 1758 698 1828 quia
727 1766 907 1828 congruenter
932 1757 959 1811 in
984 1757 1083 1826 spiritu
1134 1755 1314 1826 incorporeos
1341 1771 1421 1825 posse
1445 1769 1525 1825 poena
1556 1754 1691 1824 corporali
1720 1756 1779 1826 ignis
1797 1760 1862 1830 alligit

284 1867 343 1922 per
357 1851 418 1906 illas
440 1849 625 1920 corporalium
639 1863 732 1903 rerum
759 1848 953 1903 similitudines
973 1849 1015 1903 sic
1035 1848 1082 1902 de·
1099 1841 1120 1894 B
1133 1846 1208 1903 idem
1223 1847 1294 1918 ignis
1307 1846 1489 1917 incorporalis
1499 1847 1635 1902 cruciabit
1646 1833 1769 1904 demones
1780 1858 1800 1904 el
1810 1851 1863 1907 iori-

285 1949 494 2000 monstrantur.
511 1940 547 1994 L't
560 1941 690 2012 quoniam
711 1937 904 1994 detunctorum
927 1940 1025 1995 animae
1039 1939 1082 1995 in·
1135 1935 1216 1996 nest
1234 1939 1416 2010 llieronymus
1430 1938 1575 1994 Heliodoro
1589 1941 1617 1994 in
1632 1939 1767 2010 Epistulam
1776 1941 1863 2015 adipis

284 2029 361 2088 teris
375 2030 472 2102 dignae,
484 2029 576 2085 carnis
590 2043 683 2083 amore
692 2035 887 2099 peccaverunt,
898 2027 933 2084 ad
947 2028 1010 2086 illas
1020 2043 1082 2084 cor-
1134 2031 1192 2088 sios
1209 2049 1216 2087 :
1235 2051 1245 2083 r
1264 2029 1383 2086 lnierum
1398 2031 1538 2088 subterra
1552 2047 1614 2087 esse
1630 2047 1708 2087 nemo
1722 2034 1843 2105 ambigat.»

858 2309 1037 2400 LIBER
1073 2311 1365 2417 QUARTUS.

985 2509 1227 2529 ῃ

547 2596 673 2654 uleus
691 2596 817 2655 clii-ill.
1138 2617 1243 2674 peram,
1254 2610 1357 2673 septem
1368 2601 1865 2679 enordineidiessequunturazynorun,

1137 2695 1202 2765 quia
1214 2689 1294 2749 iesus
1308 2709 1359 2764 pro
1373 2694 1454 2748 nobis
1468 2695 1552 2750 semel
1567 2711 1677 2766 passus,
1694 2713 1810 2766 peronne
1824 2708 1866 2754 tru-

1137 2802 1188 2856 pus
1205 2785 1277 2856 quod
1292 2795 1395 2859 septem
1411 2785 1507 2842 dicbus
1522 2788 1622 2858 agitur,¹
1641 2790 1668 2842 in
1690 2790 1779 2861 azymis
1790 2791 1866 2847 sinen·

1137 2875 1203 2930 tatis
1218 2882 1245 2929 et
1259 2876 1383 2930 veritatis
1395 2877 1525 2947 praecepit
1539 2893 1599 2932 esse
1614 2877 1762 2934 vivendum.

367 2979 430 3066 M·
467 2957 514 3066 alre
548 2977 601 3065 R·
638 2956 685 3007 loo
718 2977 772 3063 L·
808 2958 854 3006 269
887 2976 940 3063 A·
976 2959 1008 3008 66
1378 3007 1419 3093 Μ
1477 2988 1524 3038 arn
1558 3009 1613 3095 R·
1651 2990 1694 3040 rer

320 2725 363 2788 'Es
374 2734 475 2805 {sctum
494 2741 544 2796 est,
563 2748 622 2785 cnm
643 2741 849 2787 consummasset
861 2730 940 2787 Jesns
952 2749 1084 2789 sermones

280 2821 341 2884 ¹'dos
356 2844 457 2892 omnes,
469 2825 538 2879 dicit
549 2823 687 2895 discipulis
702 2825 758 2880 suis
771 2841 781 2879 :

1428 3067 1441 3094 ο
1487 3063 1512 3100 rr

328 3145 409 3199 Scitis
424 3144 487 3215 qnia
507 3153 566 3212 post
579 3142 688 3196 biduum
703 3144 802 3212 passim
819 3145 875 3214 fies,
894 3154 921 3199 et
934 3143 1023 3200 Filias
1036 3144 1084 3200 iro·
1174 3153 1246 3210 Tunc
1261 3157 1410 3226 congregati
1424 3165 1485 3210 sont
1504 3157 1635 3226 principes
1656 3155 1802 3211 sacerdotnm
1816 3171 1833 3211 rr
1843 3173 1867 3211 re

187 3235 190 3238 ⁴
291 3235 374 3288 ''iiiii'‘
385 3233 506 3287 ‘miselli
518 3243 548 3287 “²
560 3234 743 3304 ‘illilfidssui-
1136 3247 1222 3300 niores
1232 3249 1322 3318 populi
1333 3249 1359 3300 in
1374 3248 1472 3300 atrium
1486 3248 1613 3317 principis
1630 3249 1792 3310 sacerdotnm,
1805 3251 1865 3317 guidi

328 3324 532 3382 eonsummatos
542 3324 627 3379 rer-bo
643 3331 670 3379 et
691 3340 773 3395 opere
785 3325 959 3383 sermonibus
976 3327 1085 3382 cunctis
1100 3324 1121 3384 C
1138 3335 1245 3390 relatur
1259 3334 1384 3404 Caspiana,
1397 3347 1421 3390 er
1436 3339 1574 3392 conrardum
1590 3338 1706 3404 secernas
1719 3337 1868 3393 aeternnm

293 3419 328 3474 ΕΒ
341 3418 421 3472 initio
447 3415 599 3488 Evangelii,
614 3418 657 3472 iel
679 3417 722 3471 ΜΒ
737 3418 891 3488 impletis,
917 3418 951 3473 ¹10
964 3419 1084 3474 secvlldO
1137 3435 1251 3481 tenerent
1265 3436 1291 3481 et
1306 3427 1461 3485 occiderent.
1474 3429 1604 3485 Dicebant
1619 3443 1725 3486 autern:
1746 3431 1796 3486 Non
1814 3429 1869 3484 inin

293 3510 413 3566 adventu
425 3507 545 3574 Domini,
561 3509 609 3563 ubi
628 3524 658 3564 se
678 3520 824 3565 venturum
836 3509 865 3563 in
876 3510 1001 3565 claritate
1015 3525 1086 3580 prae-
1136 3519 1214 3589 festo,
1229 3535 1261 3574 ne
1271 3519 1339 3589 [orte
1354 3521 1482 3577 tnnrnltns
1495 3524 1569 3593 fieret
1580 3526 1606 3578 in
1622 3525 1726 3596 popolo.

293 3601 375 3666 dixit,
390 3615 538 3671 passurum
551 3617 581 3658 se
596 3601 728 3662 ostendit,
738 3609 769 3654 ut
782 3608 983 3656 sacramentum
993 3602 1085 3656 crucis
1172 3610 1314 3685 [Hieron]
1328 3611 1379 3680 Qui
1395 3614 1545 3670 debuerant
1567 3618 1661 3672 vicino
1684 3618 1775 3688 pascha
1788 3617 1870 3670 rictinn

295 3693 444 3750 admistum
459 3708 522 3748 esse
535 3692 629 3764 gloriae
652 3694 816 3749 {eternitatis
840 3693 993 3748 admoneat.
1016 3692 1086 3748 Eru·
1133 3713 1244 3772 parare,
1257 3703 1483 3776 parietestempli
1499 3707 1628 3778 levigare,
1641 3710 1782 3779 pavimenta
1790 3721 1868 3762 renero

293 3789 420 3852 bessam,
443 3787 491 3857 qui
521 3795 620 3857 putant
641 3786 811 3843 salvatorem
825 3788 963 3859 passionis
984 3803 1085 3859 pavore
1135 3809 1201 3849 vasa
1218 3795 1360 3860 mundare,
1377 3796 1472 3851 ineunt
1487 3799 1635 3854 consilium
1651 3799 1870 3872 quomodooeridrrt

295 3881 400 3937 dixisse
412 3899 420 3948 ;
430 3879 554 3944 potensi
562 3880 621 3949 fieri
631 3887 726 3948 potest,
739 3889 857 3934 transeut
871 3896 887 3933 n
900 3897 940 3934 me
954 3881 1086 3936 calluisse
1135 3885 1290 3942 Dominum.
1303 3886 1365 3943 ldeo
1379 3896 1469 3944 autern
1481 3890 1611 3946 nolebant
1628 3893 1657 3946 in
1672 3893 1714 3948 die
1727 3891 1870 3948 lestoconsrn

293 3971 506 4044 (Massinissa).
532 3971 601 4026 Nam
617 3972 756 4043 praescivit
779 3988 809 4028 se
836 3973 1011 4037 tradendum,
1035 3989 1085 4028 noc
1135 3979 1188 4034 tire
1211 3979 1271 4034 neci
1297 3981 1376 4050 ejus,
1394 3981 1466 4051 qrrod
1488 3991 1578 4038 tannen
1602 3982 1737 4049 lecerunt,
1751 4000 1780 4040 ne
1794 3980 1871 4052 popilii

294 4066 410 4120 territus
425 4063 503 4135 iugis.
515 4063 582 4120 Post
605 4065 730 4130 biduum,
751 4063 846 4129 idest,
863 4075 924 4136 post
940 4065 1010 4122 duos
1026 4067 1085 4122 dies
1136 4071 1183 4140 qui
1199 4072 1328 4142 diligebat
1352 4089 1429 4136 eum,
1455 4073 1609 4146 insurgeret
1632 4078 1698 4143 illis,
1719 4087 1744 4132 et
1761 4074 1870 4131 defenderet

292 4155 461 4211 celebraturi
482 4161 561 4209 erant
591 4153 678 4209 Judaei
709 4170 790 4210 suurn
818 4154 930 4224 posclnr,
957 4155 1085 4210 videlicet
1137 4153 1340 4220 imponentem

293 4244 502 4315 quartadecima
516 4244 581 4300 luna
598 4253 661 4315 post
678 4245 1031 4316 aequinoctiumllocsune
1043 4247 1086 4302 in·
1285 4273 1324 4361 u
1383 4257 1430 4306 278
1468 4277 1499 4364 R
1558 4258 1603 4308 leo
1638 4277 1671 4364 L
1725 4259 1767 4308 eol

294 4344 339 4393 ter
354 4344 436 4392 retus
453 4337 556 4408 pascha
571 4344 705 4412 etazyma
720 4337 815 4402 distat,
831 4338 1024 4408 qnodpascba
1040 4353 1086 4394 so·
1285 4293 1298 4362 l
1335 4336 1348 4361 ⁶
1398 4332 1422 4368 *¹
1509 4339 1523 4363 ⁰
1680 4327 1692 4352 ³

294 4430 341 4486 lus
358 4429 418 4484 dies
442 4429 605 4498 appellatur,
622 4431 649 4483 in
672 4445 727 4500 quo
751 4444 838 4500 agnus
860 4431 1037 4486 occidebatur
1051 4431 1085 4486 ad
1173 4423 1320 4479 Tsncniiit
1333 4442 1400 4480 unns
1411 4425 1443 4480 de
1457 4425 1653 4499 duodecimque·
1665 4419 1871 4482 dicitnriudnrlr·

293 4535 450 4590 vesperam,
464 4521 515 4574 hoc
528 4527 582 4584 ess,
598 4529 696 4592 quarta
713 4521 820 4576 decima
832 4523 897 4578 luna
913 4523 993 4593 primi
1009 4538 1086 4579 men.
1138 4518 1250 4570 cariores
1265 4526 1290 4570 et
1306 4516 1409 4570 locntns
1419 4527 1457 4571 est
1469 4518 1504 4571 ud
1514 4519 1643 4589 principes
1659 4517 1872 4573 sacerdotnmelns·

295 4612 356 4677 sis;
376 4611 577 4681 quintadecima
586 4620 677 4668 autern
691 4614 767 4677 luna,
777 4614 887 4684 quando
902 4630 1030 4686 egressus
1043 4622 1086 4670 est
1137 4607 1294 4678 §similini
1305 4618 1330 4662 et
1346 4611 1385 4662 Μ’
1400 4609 1453 4664 ῐῑῑῖδ
1466 4625 1474 4662 ·’
1489 4609 1560 4676 Quid
1572 4613 1652 4665 nuliis
1666 4611 1732 4665 mihi
1746 4609 1808 4670 dnn,
1819 4615 1836 4660 ⁶¹
1845 4619 1871 4672 gs

296 4703 473 4775 populusille
487 4703 520 4758 de
535 4703 665 4776 AEgypto,
690 4707 854 4762 succedebat
875 4706 1010 4762 lestivitos
1022 4723 1085 4778 azy·
1101 4676 1123 4730 D
1138 4699 1209 4756 volit
1229 4717 1287 4754 etim
1304 4700 1435 4758 liddam?
1461 4702 1513 4768 Qut
1541 4703 1677 4758 wiltuim
1698 4702 1775 4775 potiti
1793 4701 1872 4762 ‘illd'

295 4809 416 4850 morum.
437 4793 523 4862 Cujus
538 4802 641 4864 septem
667 4794 775 4859 diebus,
790 4795 881 4859 idest,
898 4811 986 4866 usque
999 4794 1086 4852 adri·
1138 4794 1328 4848 eornrisnernm
1342 4795 1367 4848 ei
1378 4795 1486 4864 triginta
1502 4803 1659 4866 argenteos:
1673 4805 1697 4850 et
1716 4792 1797 4850 exinde
1808 4802 1873 4860 gsrrr

296 4885 429 4955 gesimam
447 4883 563 4954 primam
584 4884 709 4955 ejusdem
727 4887 831 4942 mensis
848 4885 931 4951 diem,
943 4886 977 4941 ad
989 4901 1087 4957 vespe-
1138 4885 1183 4940 bnt
1197 4887 1429 4955 opportunitatem,
1442 4896 1470 4940 ut
1481 4904 1540 4942 enm
1553 4887 1668 4943 traderes
1678 4888 1732 4941 sine
1742 4884 1819 4938 tnrlis.

295 4993 357 5032 ram
379 4982 422 5030 cst
436 4983 539 5032 statuta
562 4977 730 5034 solemnitas.
747 4976 849 5033 ilerum
865 4977 1005 5049 Evangelii
1014 4979 1085 5034 scri·
1174 4977 1297 5052 [lienis]
1313 4978 1327 5033 J
1332 4978 1398 5034 udas
1410 4995 1482 5035 unus
1500 4979 1534 5036 de
1549 4980 1705 5044 duodecim,
1725 4989 1827 5034 nurnero,
1839 4983 1874 5023 rol

295 5079 379 5142 ptura
393 5069 581 5125 indifferenter
597 5078 626 5126 et
638 5070 711 5126 diem
732 5086 890 5143 azymorum
905 5076 1084 5145 propassus,
1137 5069 1252 5136 merito;
1269 5085 1395 5139 corpore,
1412 5086 1466 5124 non
1481 5071 1582 5132 animo,
1598 5085 1614 5122 a
1627 5067 1789 5138 principibus
1802 5057 1874 5116 norit·

296 5174 325 5218 et
339 5178 390 5233 pro
404 5161 502 5218 diebus
514 5177 673 5235 azymorum
686 5179 787 5234 ponere
799 5165 901 5234 paseha
917 5167 996 5229 solet,
1013 5167 1085 5224 unde
1137 5159 1250 5226 vitatur,
1266 5160 1340 5215 nulla
1354 5161 1518 5216 necessitate
1528 5159 1736 5229 constringitur,
1750 5157 1790 5212 scd
1801 5147 1874 5224 pollii

296 5250 387 5308 bracas
397 5249 475 5315 dicit,
486 5250 542 5306 dies
553 5249 636 5322 {estse
645 5269 800 5324 osgmornm
810 5255 855 5326 gni
868 5252 1083 5326 dicitnrpmrlnz.
1138 5258 1236 5321 sponte
1251 5252 1389 5308 sceleratae
1398 5255 1498 5308 mentis
1511 5251 1734 5307 iniitconsiliurn.
1744 5246 1791 5302 lies
1802 5244 1822 5297 in
1833 5253 1873 5292 erl

295 5340 365 5398 item
388 5340 519 5408 loannes,
539 5359 605 5399 curn
627 5345 716 5416 primo
741 5361 900 5418 azymorum
922 5346 977 5413 die,
990 5347 1082 5414 idest,
1137 5342 1241 5400 ditione
1254 5344 1377 5415 magistri
1393 5352 1498 5399 certum
1512 5344 1631 5414 postulat
1646 5333 1874 5399 srrmnnnlerlm

296 5432 513 5503 decimaquinta
527 5434 591 5487 luna
615 5450 660 5490 res
685 5443 822 5506 ageretur,
846 5437 900 5491 ait:
917 5435 952 5491 Es
967 5438 1018 5505 ipsi
1032 5455 1084 5493 non
1137 5452 1178 5502 re,
1191 5437 1238 5493 scd
1253 5437 1333 5508 quasi
1351 5437 1405 5493 rile
1422 5437 1535 5494 tradens
1553 5437 1729 5507 mancipium,
1743 5434 1768 5488 in
1781 5429 1874 5501 potestur

296 5527 455 5579 introierunt
483 5526 512 5580 s'ss
542 5529 713 5595 pretorism,
740 5538 771 5582 st
796 5545 849 5584 nors
877 5531 1088 5586 contaminaren-
1137 5531 1229 5601 posuit
1238 5531 1397 5588 ementium.
1412 5529 1520 5604 [Beda]
1540 5529 1616 5585 llulti
1638 5529 1720 5585 lrodie
1738 5524 1804 5581 lude
1816 5513 1874 5574 selu

298 5628 354 5683 tor,
370 5617 416 5674 ssd
430 5619 622 5674 mssdnmress
643 5621 742 5690 pessis
759 5621 850 5695 (donn.
872 5622 964 5696 xnus),
980 5624 1046 5695 qnia
1060 5633 1087 5680 et
1137 5622 1294 5688 exhorrent,
1310 5633 1465 5678 nectamen
1479 5630 1585 5678 carent.
1600 5619 1669 5675 liam
1688 5633 1748 5675 cunr
1758 5628 1801 5687 pro
1812 5617 1875 5662 mli*

297 5706 401 5777 pasclrs
413 5707 473 5765 dies
498 5709 528 5764 in
550 5711 653 5782 azymis
675 5711 794 5782 panibus
808 5719 851 5769 est
869 5715 1003 5770 celebrari
1017 5731 1087 5786 prm·
1135 5713 1213 5768 ribus
1226 5712 1326 5770 laisum
1336 5713 1523 5769 testimonium
1535 5714 1640 5772 dicunt,
1650 5701 1875 5783 prolectorerilaltt¹

297 5809 403 5870 σφωε.
419 5797 511 5856 linum
524 5801 626 5872 quippe
639 5801 723 5873 diem,
732 5816 803 5878 sgno
817 5804 958 5864 immolato
969 5807 1010 5883 'ad
1025 5822 1085 5866 res·
1136 5806 1271 5878 negando,
1285 5803 1429 5864 bominum
1437 5805 1560 5891 pecnnia
1581 5803 1717 5870 rendunt;
1732 5813 1786 5857 eurr
1796 5791 1876 5850 sedea-
