3967 6334
300 347 370 404 tata
736 346 948 405 inhortari
966 345 1070 404 ruiti
1089 345 1356 404 sententiarum
1375 345 1499 405 tiaras
1817 364 1865 427 up

298 479 385 531 mia,
401 463 542 531 initiatus‚·
570 480 617 521 sec
640 463 733 521 scinde
751 479 797 535 per
815 463 999 520 lmuiundirias
1024 464 1093 520 ister
1108 469 1130 528 h
1143 473 1170 520 et
1184 463 1308 521 decentia
1319 464 1427 536 pertus:
1443 462 1544 536 quibus
1557 461 1636 520 etlam
1649 466 1758 526 sunium
1773 487 1866 538 nonuu

299 537 374 591 sirius
397 530 548 601 actitatum
570 537 695 592 molestus
718 533 852 599 uberibus,
868 534 914 589 diii
936 535 1093 606 infamaris
1143 551 1263 606 semper,
1280 551 1336 591 non
1361 535 1439 591 inriti
1464 534 1867 613 latentnrearuaiplcriquenieq

298 620 375 675 puer,
393 605 468 660 tarde
482 609 579 663 homo:
593 607 639 664 sed
650 607 682 662 de
693 608 756 662 cula
767 607 914 678 sepositus,
925 605 1005 662 serini
1015 623 1094 690 qiua·
1142 604 1322 672 Tertulliano,
1338 603 1514 677 Hieronymo,
1532 604 1653 732 Νἰιῖωιιο
1663 618 1687 664 et
1699 609 1867 690 Guibeitasrqn

299 675 353 739 dis,
368 678 448 732 semei
466 686 547 742 totus,
564 681 656 732 statim
672 677 807 741 Christus,
823 677 938 746 Spiritus
956 686 982 732 et
997 687 1091 742 ustus,
1141 677 1271 743 vidimus,
1288 677 1358 732 litut
1372 691 1524 732 consensus
1538 676 1557 730 il
1597 689 1682 733 nomm
1692 683 1779 740 erraris
1792 687 1868 748 isurun

299 755 327 802 et
338 747 408 802 Deus
421 757 535 811 tautum,
549 757 603 804 etc.
619 749 724 817 Quibus
738 748 886 818 postremis
900 748 1003 812 verbis,
1025 756 1055 802 ut
1066 755 1094 803 et
1142 762 1198 803 non
1209 747 1306 803 debeat
1329 747 1451 812 auctori;
1466 747 1538 803 sicut
1550 761 1600 802 uec
1612 762 1643 802 ea
1662 757 1757 808 notam
1769 755 1815 813 lahe
1828 763 1870 829 qn,

300 819 490 889 eeqirentibus,
505 819 670 875 Marcionem
682 819 802 890 sugillat.
821 817 855 871 Et
869 818 940 873 libro
953 818 992 874 Ile
1011 833 1094 874 carne
1142 817 1227 885 dicet;
1237 819 1342 874 scilieet
1351 817 1516 873 Clementem
1526 815 1768 884 Alexaiiilrinumnn
1785 824 1868 900 being,

300 885 415 953 Christi,
431 905 456 944 c.
472 891 508 945 i:
526 889 566 944 illi
577 892 636 960 ipsa
649 889 764 962 quidem,
784 888 1005 960 inquineremus
1021 889 1094 944 nati·
1143 903 1203 961 cap.
1217 889 1230 944 l
1243 897 1270 945 et
1283 896 1409 944 stromat.
1422 889 1521 958 primo,
1538 888 1619 942 tertio
1628 896 1653 944 et
1666 899 1747 958 scitn3
1757 893 1794 949 liri
1809 915 1869 966 amn,

301 959 383 1014 ritate
394 977 500 1030 perora,
517 978 565 1033 ape
574 962 644 1032 jani,
657 961 800 1030 spurcitias
814 959 970 1028 penitalium
984 961 1094 1015 inutera
1142 959 1191 1016 lib.
1207 975 1246 1025 rr,
1264 968 1359 1016 contra
1379 957 1505 1025 Celsum;
1527 956 1715 1015 Tertullianum
1733 963 1789 1018 libra
1840 985 1870 1038 qa

302 1030 506 1096 camentorum·
529 1033 646 1087 humans
671 1042 696 1086 et
720 1031 857 1101 seuquiais
878 1030 950 1101 sada
969 1031 1092 1102 cnaqula,
1144 1031 1257 1099 tientia;
1278 1028 1410 1086 lraeneum
1425 1029 1472 1084 lib.
1499 1044 1519 1092 t,
1541 1029 1575 1084 ad
1598 1030 1714 1086 haeresim
1730 1032 1871 1106 Caiporntu.

302 1103 392 1157 carnis
408 1102 545 1158 emendem
564 1120 635 1158 cana
650 1101 752 1158 alenda
767 1117 813 1171 per
824 1118 913 1157 aurem
924 1118 1036 1166 merises,
1048 1101 1095 1156 de·
1140 1111 1253 1157 riorum.
1269 1100 1405 1227 Epiqhan.
1423 1099 1493 1156 libro
1507 1115 1526 1164 i,
1542 1098 1580 1156 De
1598 1101 1688 1156 eadem
1702 1102 1796 1172 beream
1811 1108 1872 1168 Cpit.

303 1174 387 1228 scri’be
400 1183 505 1228 uterum
520 1173 551 1228 de
565 1172 607 1228 die
618 1173 827 1234 insolescentem,
839 1189 955 1243 piarem,
971 1173 1092 1238 aucium,
1144 1172 1200 1228 inni
1209 1173 1257 1227 lib.
1271 1187 1297 1239 i;
1340 1171 1446 1244 laphpr.
1465 1170 1494 1224 in
1506 1169 1629 1226 Ehodum
1639 1172 1670 1226 ad
1684 1172 1796 1231 illarerba
1806 1169 1871 1248 ps'ahii

301 1260 350 1298 nec
371 1260 463 1298 samua
489 1252 585 1312 tutum,
611 1245 739 1298 incertum
761 1241 914 1300 libidinibus
939 1243 1045 1314 fastidii
1069 1253 1095 1298 et
1144 1258 1208 1298 xciii
1226 1262 1233 1297 :
1248 1241 1387 1324 Speciosam
1407 1242 1504 1312 farma,
1521 1249 1595 1310 etc.;
1617 1241 1763 1312 Angustia
1782 1249 1871 1306 eunica

301 1314 382 1384 qula.
396 1313 520 1369 invehere
530 1314 591 1384 jam
602 1323 627 1370 et
641 1315 669 1368 in
680 1315 767 1384 ipsum
779 1314 897 1368 mulieris
911 1315 1034 1370 enitentis
1045 1330 1095 1384 pu·
1144 1314 1215 1386 psal.
1232 1320 1259 1368 et
1270 1330 1298 1368 ιιι
1313 1327 1399 1369 exiiii
1410 1319 1438 1369 et
1450 1327 1553 1367 currit.
1568 1311 1620 1379 Qut
1632 1321 1722 1384 putant
1731 1315 1838 1372 Christum
1846 1323 1873 1376 la

302 1384 392 1438 dorem
411 1385 449 1439 uei
471 1401 519 1454 pro
534 1385 651 1454 pericula
665 1384 858 1449 iiuiioraiidum,
874 1385 913 1440 uei
931 1400 978 1455 pra
999 1394 1096 1440 nature
1144 1393 1187 1440 ter
1209 1391 1323 1440 ceteros
1344 1393 1450 1439 nature
1472 1381 1606 1448 delectus,
1629 1385 1706 1439 etiam
1725 1384 1872 1444 deluminen

276 1480 279 1491 ·
302 1455 466 1523 relsqiosiuu.
484 1455 584 1511 Horres
601 1458 690 1527 atique
705 1465 731 1510 et
749 1456 878 1525 infamem
892 1469 952 1510 cuni
970 1455 1027 1510 suis
1044 1456 1096 1510 im·
1144 1456 1237 1512 vultus
1249 1455 1443 1526 assumpsisse,
1463 1454 1589 1524 quamuis
1609 1469 1699 1510 onmes
1712 1456 1741 1510 aii
1757 1462 1874 1516 annunli-

301 1524 456 1594 pedimentis
468 1526 606 1596 prosasnm
628 1528 752 1598 utiqueet
763 1526 883 1582 oblitum.
905 1525 1096 1597 liediqaaieris
1145 1527 1192 1597 qui
1208 1525 1315 1590 Patres,
1327 1535 1357 1580 ut
1371 1533 1398 1580 et
1412 1524 1542 1580 Ecclesiae
1559 1527 1708 1580 communis
1726 1543 1813 1590 masas,
1828 1535 1875 1586 uiis

302 1595 372 1666 quod
393 1598 489 1664 parmis
516 1598 659 1670 diripiam
678 1597 747 1669 quod
770 1597 937 1652 unctionibus
950 1597 1094 1667 formatur,
1145 1598 1338 1653 reluctentur:
1360 1603 1388 1651 et
1410 1595 1443 1650 de
1471 1596 1546 1651 illius
1574 1595 1762 1666 pulchritudine
1780 1605 1874 1670 cosmati

302 1665 372 1790 qqiud
384 1665 520 1724 blanditiis
534 1667 678 1723 deridetur.
692 1668 769 1723 lianc
779 1668 1094 1733 uenerationemuoiura,
1145 1667 1299 1723 litteraliter
1309 1674 1447 1738 exponant
1461 1667 1590 1737 praedicta
1607 1664 1794 1739 Psalmugraphi
1804 1671 1873 1726 serbi:

335 1737 436 1801 arciori,
448 1737 493 1792 des
513 1739 565 1805 uis,
579 1751 604 1794 et
614 1738 742 1810 quomodo
763 1746 840 1794 nctus
855 1742 902 1794 cs?
918 1746 970 1794 ete.
986 1737 1021 1792 Et
1034 1745 1097 1810 post
1147 1737 1166 1794 S
1185 1740 1286 1794 eciosus
1313 1754 1387 1792 arma
1401 1753 1456 1808 pria
1472 1737 1537 1806 filiis
1555 1737 1696 1794 liauiiauai.
1719 1737 1793 1806 Quam
1810 1743 1875 1795 analo

303 1809 394 1878 aliqua
406 1817 414 1862 t
428 1754 585 1875 porsenam
607 1809 740 1880 indiqnius
761 1808 826 1874 usu,
850 1808 913 1880 quid
931 1810 1018 1880 magia
1035 1826 1096 1865 eru·
1112 1755 1223 1880 sspfiira
1240 1824 1291 1880 apii
1336 1808 1398 1864 illos
1418 1805 1537 1864 oneribus
1551 1825 1613 1879 qna:
1632 1809 1781 1878 singularem
1801 1827 1875 1882 parsu

303 1877 469 1944 hesperidum,
483 1881 567 1943 nasci,
586 1897 621 1934 cn
633 1881 701 1934 mori
709 1883 721 1935 i
732 1877 845 1934 Carnem
858 1888 970 1950 qestare,
984 1896 1019 1934 au
1033 1897 1094 1934 cru·
1148 1891 1267 1936 mentem
1283 1878 1420 1946 redolent;
1434 1893 1496 1950 quae
1508 1884 1610 1940 tamen,
1629 1879 1690 1950 quia
1705 1878 1807 1935 nonium
1824 1883 1875 1936 alut·

303 1951 378 2005 ceni?
400 1948 570 2014 Circumcidi,
587 1968 622 2004 aa
643 1951 748 2022 sripqir
769 1949 895 2016 bascara,
910 1967 946 2004 an
972 1951 1096 2020 sepeliri?
1146 1957 1221 2006 serat
1236 1948 1298 2004 fidei
1310 1949 1414 2012 radius,
1430 1956 1477 2004 ant
1492 1948 1621 2005 Ecclesiae
1638 1949 1761 2015 delinitio,
1774 1955 1875 2008 nemausi

304 2017 339 2073 la
352 2036 467 2090 praesepe
487 2020 592 2090 deponi,
612 2038 647 2075 au
660 2022 689 2075 in
705 2029 872 2076 nusiamento
893 2021 1019 2077 recondi?
1043 2020 1096 2077 Sa·
1146 2028 1250 2076 temere
1274 2020 1435 2091 culpaverit.
1460 2020 1524 2074 iicet
1541 2019 1687 2076 dellectant
1699 2019 1731 2074 ab
1748 2021 1875 2078 arbitron

302 2090 419 2159 pientius
431 2092 520 2146 crissi
537 2108 583 2146 aec
598 2091 650 2145 ista
672 2091 834 2155 credideris;
857 2089 902 2147 sed
917 2108 969 2147 aaa
982 2091 1037 2147 eris
1051 2109 1096 2146 sa-
1146 2091 1232 2155 muni‚
1245 2096 1273 2145 et
1287 2090 1314 2145 in
1337 2090 1388 2146 lide
1409 2090 1561 2161 periculosa
1576 2093 1876 2161 nonuunqusniiiesnu.

302 2161 388 2230 piens,
414 2162 467 2216 uisi
488 2161 585 2216 stultus
604 2162 747 2217 insaecula
766 2162 860 2232 inens,
881 2161 1097 2218 beisintiarrs-
1146 2159 1216 2216 Num
1241 2162 1352 2230 quidam
1377 2161 1447 2231 apud
1476 2161 1660 2232 Augustianis
1689 2161 1780 2222 obices,
1799 2167 1876 2218 mariae

304 2230 400 2287 dendo.
417 2231 505 2299 Quam
521 2231 673 2288 Tertuliani
687 2233 899 2306 disputationem
905 2233 1038 2358 (proxime
1053 2248 1097 2289 se·
1146 2232 1221 2287 circa
1231 2231 1395 2288 creationem
1409 2237 1436 2287 et
1445 2232 1587 2288 traducem
1601 2231 1877 2304 animarunih'unqna

305 2311 386 2358 cutus
398 2301 582 2374 Hieronymus
594 2303 665 2359 libro
680 2303 812 2360 adversus
825 2303 903 2359 ilelri
925 2304 991 2367 ium,
1009 2305 1096 2358 multo
1146 2302 1209 2358 iiam
1220 2302 1290 2372 apud
1306 2301 1501 2374 Hieronymum
1516 2303 1693 2376 singulariter
1712 2303 1775 2358 dicta
1787 2304 1813 2358 de
1827 2307 1878 2374 prii·

304 2381 370 2428 ante
389 2374 470 2429 linem
489 2375 531 2429 sic
588 2373 825 2446 roraritsianqe,
845 2375 869 2430 si
886 2374 958 2437 iiber,
981 2383 1006 2429 et
1027 2374 1096 2430 alias
1146 2374 1222 2429 tione
1247 2371 1469 2428 Sodomitarum?
1494 2381 1547 2429 etc.
1576 2372 1649 2428 Num
1674 2373 1740 2444 apud
1761 2373 1878 2430 chaiim

304 2453 410 2499 aratura
429 2453 548 2500 castrisue
559 2447 615 2510 ics,·
639 2461 730 2500 nauem
749 2445 880 2500 mensibus
902 2454 1006 2499 uterum
1024 2445 1097 2500 inso-
1146 2442 1216 2499 Pulli
1232 2445 1332 2500 saeculo
1346 2443 1522 2508 scribentem,
1537 2445 1664 2514 quadam
1675 2445 1781 2501 obscure
1797 2445 1880 2500 etaim·

304 2513 453 2580 tercentum,
466 2515 716 2586 fastidiupartum,
732 2517 896 2587 sanquinem,
910 2532 1022 2586 pannos.
1037 2515 1097 2586 lpse
1147 2526 1211 2570 nute
1232 2515 1299 2571 satis
1324 2514 1436 2578 inserta,
1458 2514 1492 2570 de
1510 2515 1615 2572 sanetis
1634 2523 1661 2570 et
1686 2514 1763 2585 pistis
1781 2517 1880 2569 aninahui

305 2583 354 2638 tibi
368 2584 532 2640 describatur
545 2587 635 2657 iaicas
656 2587 769 2658 teqniine
782 2587 996 2642 membranarum
1016 2588 1096 2642 solito
1146 2584 1268 2640 nondum
1283 2584 1317 2640 ad
1329 2585 1483 2640 intuitiram
1500 2583 1546 2640 bct
1569 2585 1748 2658 cognitionem
1766 2585 1881 2642 accitisilt

304 2655 474 2721 consolatus‚·
493 2657 647 2728 inqerautur
667 2657 737 2711 dura
760 2659 899 2728 presepia,
917 2658 1019 2729 uaqitus
1034 2674 1097 2727 par·
1146 2657 1242 2712 eodem
1255 2663 1378 2727 tempore
1390 2657 1419 2711 in
1434 2655 1589 2712 contrarias
1612 2666 1705 2728 partes
1723 2656 1823 2712 uniuersi
1839 2671 1882 2727 piac
1903 2695 1908 2714 .

304 2725 370 2791 suit,
394 2728 479 2781 acturi
498 2727 551 2782 diei
575 2727 739 2783 circumcisio
762 2736 861 2798 tempus
878 2728 1044 2800 purpurionis
1068 2739 1097 2784 at
1146 2735 1401 2782 concesserantnec
1414 2731 1507 2782 tamen
1530 2726 1687 2782 communis
1700 2726 1881 2784 illuminantis

303 2795 429 2867 probetur
448 2796 618 2863 immundus;
636 2816 688 2854 non
699 2797 886 2866 erubescimus,
905 2815 958 2853 nou
974 2799 1094 2856 silemus.
1146 2797 1311 2924 quibusdam
1323 2811 1402 2854 secus
1416 2797 1606 2868 opinantibus,
1629 2797 1715 2852 labem
1727 2797 1878 2853 inonstan-

306 2867 413 2934 Quauto
427 2877 489 2923 sunt
503 2869 715 2942 humiliumque
728 2885 776 2938 pra
791 2869 870 2942 uie3
937 2878 1095 2939 passerem,
1166 2869 1238 2923 ebat.
1255 2868 1398 2936 Quoniam,
1411 2875 1442 2923 ut
1455 2876 1548 2923 monet
1560 2870 1711 2940 episcopus
1730 2867 1881 2924 llermianins's
1933 2899 1934 2942 q

305 2946 380 2992 tanta
398 2938 458 3007 plus
471 2938 512 2993 ilii
528 2939 607 2995 debeo
623 2955 632 2995 :
647 2950 672 2996 et
685 2956 744 2994 cura
759 2941 848 2995 omnia
859 2956 903 3009 rep
915 2941 1037 3003 icaceris,
1055 2942 1097 2996 ni·
1146 2946 1243 2995 contra
1259 2938 1409 2995 ilutianum
1428 2938 1564 3005 scribens,
1584 2939 1655 2993 lianc
1672 2937 1882 3008 ressrmtian325
1933 2961 1934 2964 ¹

304 3008 344 3062 hil
357 3025 434 3064 cruce
447 3011 660 3066 coutuntciiosius
682 3009 915 3082 proferesSimile
930 3010 995 3081 quid
1011 3011 1099 3066 intor-
1146 3024 1248 3079 semper
1272 3009 1390 3065 Ecclesia
1407 3008 1500 3064 detulit
1518 3010 1548 3064 iu
1572 3010 1674 3081 premia
1698 3011 1764 3078 puris
1778 3019 1883 3132 tiraq:
1933 3051 1934 3054 ,

304 3080 407 3150 quebat
421 3081 448 3136 in
471 3077 580 3139 tuitaeos
600 3084 728 3138 venerab.
751 3083 837 3138 abbas
852 3079 999 3137 Guihertus
1012 3099 1019 3148 ;
1034 3083 1097 3154 qui·
1147 3079 1245 3134 bonore
1254 3079 1396 3151 descriptis,
1409 3089 1438 3134 ut
1448 3098 1500 3135 aaa
1510 3080 1598 3136 sulum
1610 3095 1655 3136 eos
1666 3081 1709 3152 qui
1721 3081 1810 3150 [urhis
1820 3079 1847 3132 tii

303 3149 439 3222 husinter
453 3150 506 3205 aila
523 3151 564 3208 sic
577 3153 724 3224 respondet
738 3167 770 3208 ca
794 3196 800 3208 .
821 3151 916 3208 attari
935 3151 1018 3222 primi
1034 3171 1040 3208 :
1054 3152 1095 3210 Ne
1109 3175 1132 3239 c
1147 3151 1336 3222 questionibus
1359 3168 1406 3222 per
1421 3151 1603 3221 ipsoruutiam
1624 3152 1744 3206 lauriane
1767 3149 1883 3219 intinniit

305 3222 500 3290 corruptionem
517 3225 606 3278 caruis
622 3232 647 3278 ct
670 3224 739 3280 uteri
764 3169 858 3296 sstores
883 3223 1023 3286 attendas,·
1044 3240 1097 3280 acu
1147 3232 1295 3287 errassent,·
1312 3239 1399 3277 aerum
1414 3238 1459 3276 aec
1475 3223 1485 3275 i
1502 3239 1533 3276 sa
1546 3239 1640 3278 earum
1654 3222 1734 3289 dicta,
1746 3223 1803 3276 sicut
1815 3220 1884 3274 tuit·

305 3292 420 3348 estimes
445 3292 500 3348 lieo
513 3294 650 3366 quidpiam
663 3302 759 3364 prietes
772 3301 879 3366 peccata
899 3294 988 3364 fetere.
1014 3293 1097 3352 Plura
1148 3308 1248 3358 curura,
1267 3291 1465 3348 condemnaret.
1480 3237 1646 3348 fiarsticum
1664 3294 1730 3348 sitim
1747 3292 1885 3346 aestuasse

305 3362 407 3433 legesis
420 3362 449 3417 iii
466 3364 538 3420 libro
552 3365 684 3436 peculiari
695 3364 735 3423 De
753 3365 891 3420 natiuitate
902 3363 1002 3421 Christi
1015 3381 1097 3436 quem
1147 3362 1312 3434 infirmitatis
1327 3363 1487 3434 iqui-orantia,
1503 3362 1548 3418 sed
1559 3365 1710 3434 mensariis
1721 3364 1786 3433 faut.

305 3432 483 3498 Ratiamnus,
502 3433 677 3492 Corbeiensis
699 3437 862 3501 monachus,
887 3435 973 3492 edidit
1000 3444 1097 3491 contra
1183 3433 1260 3501 Quod
1275 3434 1309 3489 aii
1317 3434 1485 3489 recentiores
1494 3435 1642 3508 theologos
1655 3441 1841 3504 spectatarum

305 3504 440 3575 quosdam
451 3506 494 3560 sul
509 3507 639 3576 temporis
649 3505 797 3572 Norantes,
809 3507 856 3578 qui
868 3507 1005 3577 negabant
1016 3504 1097 3561 Chri·
1147 3502 1219 3560 lecto
1233 3504 1267 3561 de
1276 3503 1346 3561 Pulli
1359 3519 1453 3570 causa,
1471 3505 1830 3576 nisijudiceuiaequiores.qu

307 3582 383 3630 stum
397 3590 445 3645 pei
461 3576 643 3632 immaculate
651 3576 771 3648 Virginis
781 3577 992 3633 matrisruiiam
1002 3584 1097 3632 natum
1148 3576 1304 3646 antiquitati
1319 3574 1510 3641 condonanda,
1534 3584 1562 3631 et
1582 3577 1644 3648 jain
1671 3577 1778 3632 tiberin
1789 3589 1831 3628 aaa
1848 3585 1887 3626 iat

306 3651 335 3700 et
348 3660 501 3716 egressum.
517 3646 603 3715 Quem
618 3649 729 3713 librum,
746 3663 808 3703 cum
827 3648 951 3720 pluribus
970 3647 1032 3704 aliis
1046 3664 1098 3719 pu·
1147 3647 1246 3718 priscis
1260 3646 1428 3712 auctoribus,
1441 3648 1711 3717 nupeiaeacademias
1722 3642 1887 3723 mariagcn'hn

304 3715 372 3770 biici
383 3714 452 3771 'uris
462 3715 528 3772 lacit
540 3717 629 3774 Lucas
645 3718 794 3775 bucherius
811 3727 919 3775 noster.
937 3717 999 3774 Nan
1013 3719 1097 3790 igitur
1168 3732 1201 3773 ue
1215 3733 1272 3788 prae
1285 3733 1314 3774 se
1328 3717 1410 3773 lerre.
1424 3715 1563 3784 Pluribus,
1579 3719 1712 3782 latemur,
1732 3714 1886 3772 subtilitatibus

306 3785 346 3840 ita
359 3731 485 3856 pisinnus
507 3787 641 3846 decentiis
654 3796 682 3845 et
700 3789 919 3861 congruitatibns
933 3787 978 3862 (de
997 3790 1097 3860 quibas
1147 3733 1379 3851 itsiinciiontbus,
1388 3789 1565 3859 argumentis,
1573 3789 1695 3845 maxime
1702 3783 1887 3856 circumpsteiim

305 3863 399 3913 tamen
424 3856 493 3912 nihii
510 3873 625 3929 prorsus
649 3857 764 3916 dillinire
787 3860 925 3943 volumus)
943 3859 1098 3916 eonceden·
1146 3858 1231 3924 istud,
1244 3866 1394 3931 personant
1406 3859 1595 3931 theologorum
1612 3857 1887 3922 immmaculatum

307 3925 372 3980 dnm
385 3927 685 4001 estinbocmpsterio‚
702 3936 733 3987 ut
753 3929 853 4002 ineius
868 3937 1008 3986 verimtem
1033 3947 1097 4001 pro·
1147 3929 1318 4000 potissimam
1334 3929 1486 3985 studiorum
1508 3939 1616 4001 partem
1645 3929 1887 4002 depopulanturque

306 4003 369 4122 qter
382 3997 434 4053 bac
444 3999 576 4056 insultent
588 4001 719 4069 haeretici,
731 4003 773 4057 rel
798 4002 917 4058 haereaat
940 4001 1095 4058 orthodoxi.
1147 4008 1239 4056 tanuen
1253 4000 1373 4070 antiquis
1387 4000 1524 4072 incognita
1540 4002 1619 4057 luere
1630 4009 1678 4056 ant
1691 3997 1888 4057 turturinum

334 4067 386 4122 nde
401 4066 495 4126 Ramae
508 4084 564 4125 non
582 4071 619 4126 ita
659 4071 756 4137 iidem,
779 4073 883 4129 scilicet
899 4072 973 4126 circa
995 4087 1097 4128 annum
1148 4071 1219 4142 apud
1233 4069 1351 4134 Pullum,
1367 4070 1549 4136 Abalurdnm,
1564 4070 1756 4132 Porretanum,
1769 4064 1887 4122 llichiriui

297 4137 379 4214 ,itan
403 4153 529 4197 summus
552 4142 627 4212 ponti
639 4158 673 4198 ex
696 4142 840 4214 probatum
861 4143 950 4199 naluit
982 4144 1097 4213 quadiu
1147 4149 1176 4196 et
1190 4141 1330 4214 liugouem
1344 4140 1552 4198 Lothariensem
1562 4135 1887 4202 victorinus.tonmnnn.

307 4212 454 4336 uauqentis
495 4212 709 4282 inpositionibus
728 4222 885 4275 asseruerat
904 4212 986 4268 Picus
1010 4229 1026 4270 a
1047 4213 1097 4269 bli-
1147 4209 1257 4268 Petrum
1268 4211 1478 4277 pictaviensem,
1492 4211 1644 4268 liebertum
1663 4214 1698 4270 de
1721 4210 1843 4270 ililediitia,
1858 4203 1889 4258 Pr

306 4294 358 4336 ran
379 4281 442 4336 uia:
489 4291 595 4337 uturum
609 4283 823 4340 irrationalema
845 4283 1027 4339 Veriodinina
1045 4301 1098 4340 nou
1147 4289 1221 4338 trum
1236 4281 1393 4347 Caularem,
1406 4292 1573 4353 ceterosque
1582 4285 1674 4340 riustri
1687 4285 1793 4356 aquales
1802 4286 1838 4332 ant
1848 4289 1888 4342 sip

305 4365 383 4421 posse
405 4353 517 4418 assumi,
541 4353 640 4424 risque
657 4354 746 4426 potuit
769 4365 903 4412 assertum
921 4354 988 4409 illud
1004 4355 1040 4409 ab
1053 4371 1098 4411 er·
1147 4368 1239 4423 pares,
1256 4354 1351 4411 silvam
1363 4353 1437 4409 iliam
1452 4353 1644 4410 dillicultutuni
1659 4362 1687 4412 et
1707 4353 1888 4428 questioaniiitr

306 4435 372 4478 rore
385 4423 525 4480 uindicare
538 4423 601 4479 inb
638 4426 710 4497 logia
720 4440 780 4488 sua,
796 4441 857 4497 cap.
870 4426 898 4490 b,
912 4425 976 4481 lieet
990 4423 1025 4480 iis
1038 4442 1097 4481 mo·
1147 4425 1248 4494 peries,
1263 4439 1324 4495 quae
1337 4431 1487 4480 nostratem
1503 4426 1671 4498 theologiam
1680 4427 1760 4481 rariis
1769 4424 1889 4478 uitiorum

307 4501 419 4549 veretur
443 4494 582 4552 instantiis
601 4442 695 4561 ffers,
718 4503 830 4568 propter
850 4511 920 4566 quas
944 4495 991 4549 aiii
1018 4494 1097 4553 Pullo
1112 4521 1134 4578 D
1149 4509 1202 4564 que
1215 4493 1421 4552 discriminibus
1436 4497 1561 4560 miscent,
1575 4504 1603 4552 et
1619 4497 1654 4550 ad
1670 4511 1717 4552 ens
1728 4511 1776 4550 uon
1797 4505 1845 4545 isio
1859 4501 1888 4538 rr

308 4561 380 4619 lorte
394 4566 604 4627 succensebunt,
623 4566 719 4623 Videat
737 4567 822 4622 lector
840 4582 890 4622 cur
905 4566 933 4620 in
948 4566 994 4621 illa
1013 4567 1094 4632 thesi,
1167 4565 1252 4622 ostias
1266 4566 1390 4636 adigunt,
1403 4575 1433 4621 ut
1446 4568 1524 4637 plura
1537 4568 1581 4624 rel
1593 4567 1676 4622 inriti
1692 4567 1786 4638 lingere
1801 4561 1888 4638 delmi

309 4632 412 4704 alioqui
426 4648 482 4689 non
503 4637 618 4708 ingloria
632 4637 754 4706 Christo,
769 4644 826 4692 tam
847 4637 952 4708 rigidus
967 4637 1049 4692 inerit
1064 4637 1093 4694 S.
1147 4581 1181 4689 {t
1194 4652 1228 4692 ne
1237 4638 1369 4693 saltemus
1383 4645 1459 4694 extra
1470 4638 1595 4702 choium,
1612 4653 1668 4710 qua
1679 4639 1761 4700 caria,
1774 4647 1840 4704 ipram
1847 4629 1889 4682 hh

308 4704 441 4774 pontiiex,
455 4714 482 4761 et
491 4708 668 4764 excanduerit
687 4708 714 4763 in
734 4707 823 4763 uirum
845 4707 993 4763 detineris
1014 4709 1097 4764 meri·
1147 4705 1208 4762 cilis
1219 4707 1264 4761 iilo
1279 4709 1458 4778 quaestionum
1473 4715 1595 4764 textura:
1612 4711 1657 4764 Aa
1676 4708 1779 4762 Verium
1788 4713 1889 4764 irritates

308 4775 457 4839 tissimum,
472 4777 517 4832 eui
531 4787 605 4836 certe
614 4780 650 4835 oh
660 4778 687 4834 id
701 4778 831 4834 libentius
840 4779 1007 4850 pepercisset
1023 4779 1095 4850 (cnm
1146 4779 1182 4830 rit
1196 4778 1354 4833 intellectum
1365 4781 1378 4835 i
1390 4781 1430 4833 Aa
1441 4789 1537 4848 prater
1549 4781 1674 4835 unionem
1688 4780 1722 4834 ud
1733 4787 1810 4848 partis
1829 4773 1891 4824 lisi-

307 4859 364 4900 uon
381 4846 461 4901 aliter
475 4846 511 4901 ini
532 4865 636 4920 ugnare
649 4849 783 4920 potuisset
795 4849 1018 4905 circumstantias
1038 4865 1096 4922 my·
1147 4849 1250 4914 nitatis,
1261 4849 1361 4904 situlis
1374 4849 1501 4904 distincta
1518 4849 1595 4905 Verbi
1608 4850 1646 4904 aii
1666 4847 1850 4904 humanitates!
1865 4841 1890 4890 it

307 4915 385 4972 sterli
400 4917 493 4973 carnis
506 4864 619 4991 ghristi)
642 4921 696 4976 nisi
717 4927 857 4975 constaret
878 4920 955 4988 plura
975 4919 1096 4975 Veihiini
1146 4926 1388 4990 partesassumptm
1401 4920 1499 4990 suerint
1514 4920 1695 4976 accidentibus
1713 4909 1890 4982 irismrutli

307 4988 492 5058 assumpsisse
514 4991 611 5047 animae
624 4990 754 5061 expertia,
777 5000 824 5045 aut
838 4991 934 5045 saltem
962 4991 1022 5046 sine
1041 4991 1096 5050 uilo
1147 4992 1459 5063 conpreqatiosaaquinia
1475 4990 1510 5044 ad
1525 4992 1613 5046 lacum
1624 4991 1891 5063 paucississima

306 5065 434 5140 respectu
454 5058 488 5113 ad
501 5075 597 5116 eorum
618 5061 837 5117 informationem
852 5062 886 5115 ah
904 5060 996 5115 anima
1012 5062 1096 5116 ratio-
1147 5061 1245 5116 uisatio
1262 5063 1382 5130 eorporis
1393 5060 1492 5118 Christi
1507 5063 1579 5132 sacta
1594 5064 1632 5118 sit
1646 5065 1675 5116 iu
1689 5061 1794 5116 instanti
1804 5067 1890 5134 piique

305 5128 374 5191 Mla
391 5137 421 5183 ut
440 5131 601 5201 sangninem
628 5139 656 5187 et
673 5132 794 5203 reliquos
816 5131 955 5196 humores,
978 5147 1015 5187 un
1035 5147 1094 5197 nes,
1147 5137 1203 5185 tum
1219 5131 1420 5199 loculeiniQuo
1434 5131 1526 5188 ardiae
1551 5135 1730 5206 coriqruitatis
1749 5141 1772 5188 st
1794 5127 1890 5198 riquinus

306 5197 413 5263 dentes.
427 5207 494 5264 etc,
506 5218 567 5284 quai
580 5209 655 5257 certe
670 5217 753 5273 quam
773 5218 870 5273 parum
884 5202 986 5258 distent
1000 5149 1035 5258 ag
1045 5219 1094 5258 au·
1145 5211 1233 5272 partes
1254 5205 1414 5272 assumptis?
1432 5203 1475 5256 iln
1496 5204 1587 5258 anima
1607 5205 1741 5260 mediante
1763 5199 1854 5270 spiriru?
1865 5193 1889 5244 lt

306 5269 393 5325 ctoris
407 5277 552 5336 sententia,
574 5287 655 5328 nemo
671 5289 726 5330 nou
750 5273 833 5330 ridet.
855 5271 942 5340 Quam
957 5273 992 5327 oh
1010 5275 1096 5328 ratio·
1146 5274 1253 5346 sanquis
1272 5273 1422 5328 immediate
1438 5281 1610 5344 assumptus?
1633 5275 1669 5330 Et
1691 5276 1764 5346 plura
1778 5261 1889 5338 Ιιιι]ἰιειι011

306 5353 369 5395 nem
384 5337 509 5398 Clemens
523 5341 662 5416 Vilutest
679 5343 706 5399 in
728 5342 876 5400 directorio
898 5343 1095 5412 inquisitorum
1145 5346 1247 5414 quihus
1263 5350 1402 5414 utcunque
1422 5345 1592 5400 stabiliendis
1614 5355 1674 5402 tata
1703 5343 1803 5401 insudat
1818 5335 1890 5416 nauh

306 5418 384 5480 parte
397 5425 427 5477 n,
443 5427 471 5480 q.
487 5411 532 5540 {tq
553 5415 696 5472 retractari
713 5413 797 5485 jussit
814 5423 844 5470 ut
865 5415 1020 5470 haercticam
1035 5413 1096 5487 opi·
1146 5415 1223 5470 stice.
1247 5413 1303 5470 Nec
1327 5422 1387 5470 tuto
1403 5414 1492 5472 adhuc
1514 5417 1616 5488 optatis
1640 5403 1889 5488 paulitianorum

305 5479 419 5535 irionem
431 5481 511 5550 eujiis
531 5499 574 5540 aiu
588 5484 635 5556 qui
649 5483 802 5541 Barcinone
818 5500 912 5541 coram
927 5492 1093 5551 asseruerat,
1145 5485 1303 5557 prioritates
1327 5494 1432 5541 naturae
1452 5484 1606 5558 (insuetam
1629 5487 1749 5558 antiquis
1768 5481 1888 5538 dianna*

305 5549 424 5634 effusum
438 5551 541 5634 Christi
556 5555 715 5627 sanguinem
735 5555 955 5624 Verbopunitum
971 5570 1028 5612 nou
1051 5571 1095 5611 re·
1146 5557 1261 5628 supplex
1282 5563 1418 5622 recurrat,
1439 5563 1468 5612 et
1487 5559 1514 5613 in
1535 5573 1590 5614 uno
1616 5560 1757 5629 temporis,
1777 5555 1846 5628 pitin,
1859 5559 1891 5626 l*

305 5635 482 5677 mansissem
500 5625 591 5680 triduo
602 5628 709 5682 mortis.
1145 5633 1214 5683 turae
1227 5628 1361 5697 partiatur
1382 5628 1522 5692 instantia,
1547 5629 1753 5684 ecclesiastiscis
1774 5621 1891 5696 nuduli·

342 5690 473 5756 Quamvis
488 5693 570 5776 igitur
615 5697 708 5752 iuriiui
726 5695 840 5752 Patrnm
857 5698 1012 5768 oppositam
1027 5697 1093 5752 Pul·
1146 5707 1208 5760 tem,
1224 5704 1254 5751 nt
1264 5696 1298 5754 de
1312 5698 1447 5755 similibus
1460 5699 1562 5771 proicit
1577 5699 1759 5772 Hieronymus
1779 5693 1818 5750 th.
1831 5697 1890 5760 quur

306 5755 381 5840 tina,
394 5769 557 5844 sententiam
568 5711 710 5832 eifaceant,
724 5767 788 5838 qnia
803 5775 894 5822 tamen
907 5783 962 5822 non
974 5767 1035 5823 aliis
1049 5785 1093 5824 ia·
1146 5768 1278 5825 adversus
1290 5768 1463 5842 Pelagianos,
1472 5771 1758 5842 interpliiiosophosuni
1766 5767 1891 5844 spineas*

309 5826 429 5886 timitbus
444 5841 608 5900 innituntur,
632 5852 713 5896 auam
735 5852 769 5893 cii
791 5837 908 5908 quadam
923 5839 1093 5923 congruitate
1146 5838 1420 5914 cluderislterumque
1430 5842 1508 5913 quasi
1518 5851 1655 5914 premeret
1664 5843 1732 5897 iiiam
1741 5838 1819 5894 nium
1827 5827 1888 5882 suist
