3967 6334
128 394 201 456 {245

465 395 631 456 ttttttttus
650 395 694 453 eh
711 397 998 456 lIONSECllthONE
1016 394 1197 455 Eccthstdt
1218 396 1246 454 S.
1265 396 1425 454 Dth'YSll.

1691 401 1762 456 stili

127 519 204 566 etum
220 511 406 582 praeteriisset.
421 511 476 570 Nos
488 521 577 570 autent
592 515 722 585 quicquid
742 515 868 572 dicebant
880 532 922 572 rc·
935 522 959 580 A
973 522 1027 581 tas,
1042 530 1111 586 quas
1124 513 1158 569 ad
1174 513 1304 570 honorem
1320 513 1368 570 Dei
1389 524 1416 570 et
1434 522 1590 570 sanctorum
1615 513 1761 575 deauratas

127 616 271 679 spuentes,
282 607 399 679 quadan
410 605 470 662 lldei
481 616 582 662 nostrae
596 606 709 662 audacia
721 606 816 662 siluam
827 607 918 677 perlu-

128 711 220 758 strare
234 702 379 772 coepimus,
395 707 422 755 ct
435 714 532 756 uersus
553 699 662 770 quidem
685 699 801 770 primam
824 700 920 754 horam

128 793 236 849 trabem
250 807 334 847 unam
342 807 476 846 mensurae
487 789 663 846 sufficientem
673 791 838 845 invenimus.
849 789 920 857 Quid

128 883 320 954 ultratusque
334 881 367 938 ad
379 897 477 938 nonam
498 890 545 937 aru
565 883 646 938 citius
667 899 715 954 per
739 881 848 948 fruteta,
873 899 921 954 per

128 976 294 1046 opacitatem
308 975 448 1040 siluarum,
461 990 509 1045 per
517 973 679 1030 densitatem
690 975 840 1046 sphiarunt,
852 974 921 1029 duo-

128 1067 219 1124 decim
233 1066 326 1122 trabes
342 1067 476 1139 (totenim
488 1066 651 1124 necessariae
674 1067 775 1136 erant),
791 1067 819 1121 in
834 1066 922 1121 admi-

128 1160 267 1214 rationem
290 1159 412 1214 omnium
424 1159 573 1230 presertim
591 1157 829 1214 circumstantium
851 1159 921 1216 assi-

128 1249 286 1323 gnavimus,
302 1251 374 1307 etad
389 1250 529 1306 basilicam
544 1258 668 1308 sanctam
686 1251 844 1322 deportatas
858 1267 921 1306 cum

128 1343 297 1400 exultatione
310 1343 374 1398 nori
388 1344 480 1415 operis
489 1351 623 1415 operturae
638 1345 783 1416 superponi
796 1343 922 1407 lecimus,

129 1433 167 1490 ad
178 1434 285 1490 laudem
299 1442 325 1490 et
339 1435 454 1506 gloriam
465 1435 572 1491 Domini
584 1434 659 1500 lesu,
668 1436 715 1508 qui
728 1436 791 1502 sibi,
804 1437 922 1492 sanctis-

128 1540 186 1597 que
201 1523 366 1597 llartyribus
386 1540 402 1581 a
419 1527 545 1582 manibus
560 1539 700 1598 raptorum
714 1536 869 1599 protegens,
884 1529 922 1584 si·

129 1626 181 1673 cut
194 1617 284 1674 lacere
295 1617 390 1684 voluit,
402 1627 590 1675 reservaverat
611 1618 666 1676 Nec
676 1620 760 1691 igitur
772 1619 919 1692 supcrllua,

128 1726 222 1782 neque
235 1711 328 1768 minus
337 1711 481 1768 continens
495 1712 523 1768 id
536 1712 610 1768 circa
624 1713 715 1770 divina
725 1715 830 1772 exstitit
840 1717 922 1788 largi·

972 605 1030 663 lieri
1042 604 1167 671 secianus,
1181 605 1319 676 epitaphio
1333 624 1341 660 ε

1041 696 1134 751 Anttm
1144 697 1298 751 ritillcabnua
1308 705 1429 750 scateam
1444 705 1469 750 et
1478 695 1673 768 quadrupenaa,

1078 789 1170 843 Annae
1180 787 1330 854 erctl'erht',
1342 787 1448 859 quoodo
1462 797 1569 842 sacratu
1579 787 1640 858 [atil.

1007 881 1091 953 igitur
1102 887 1162 952 post
1176 881 1260 946 illam,
1276 861 1337 951 q'uae
1348 879 1500 949 majestatis
1516 894 1629 935 summae
1642 877 1762 948 opitula-

971 975 1046 1029 tione
1061 974 1089 1028 in
1106 971 1243 1027 anteriore
1266 979 1344 1042 parte
1354 972 1387 1026 de
1397 971 1519 1027 oratorio
1533 968 1626 1024 Sancti
1643 967 1764 1024 Rotnani

971 1071 999 1120 et
1014 1065 1128 1119 aliorum
1139 1062 1274 1118 celebrata
1288 1067 1330 1118 est
1343 1061 1588 1125 consecrationem,
1602 1068 1696 1115 nostra
1708 1076 1764 1130 qua

971 1165 1026 1212 tam
1041 1174 1075 1214 ex
1100 1158 1160 1230 ipsa
1174 1157 1216 1213 sui
1240 1158 1422 1229 prosperitate
1446 1157 1619 1212 animabatur
1642 1155 1762 1226 deuotio,

971 1267 1054 1322 quam
1078 1251 1138 1322 ipsa
1156 1251 1230 1306 circa
1243 1249 1408 1306 Sanctorum
1419 1257 1497 1306 tanto
1509 1259 1632 1321 tempore
1650 1257 1706 1306 tam
1720 1250 1764 1308 iu-

971 1342 1150 1398 tolerabiliter
1164 1342 1337 1414 opprimebat
1346 1343 1507 1407 coarctatio,
1525 1351 1618 1400 rutum
1637 1351 1765 1402 nostrum

971 1435 1019 1491 illo
1027 1436 1162 1491 convertit
1175 1455 1182 1491 ε
1198 1444 1227 1490 ut
1250 1437 1364 1507 praelato
1377 1443 1509 1491 vacantes
1523 1438 1611 1508 operi,
1632 1437 1765 1492 turrium-

972 1541 1025 1598 que
1042 1525 1191 1583 dillereudo
1218 1527 1438 1598 prosecutionem
1463 1528 1648 1599 insuperiori
1673 1537 1764 1600 parte,

973 1619 1188 1690 augmentationi
1202 1621 1297 1674 matris
1306 1619 1435 1674 Ecclesia
1448 1635 1559 1691 operam
1574 1630 1601 1677 et
1612 1622 1766 1693 impensam

972 1725 1023 1780 pro
1037 1717 1095 1765 toto
1109 1725 1201 1780 posse,
1216 1724 1265 1781 pro
1279 1711 1427 1780 gratiarum
1442 1711 1560 1776 actione,
1571 1726 1604 1767 eo
1615 1711 1687 1783 quod
1702 1720 1765 1768 tan·

129 1806 182 1869 tio,
193 1803 418 1875 quaeinpondere
427 1813 455 1861 ct
467 1820 594 1861 mensura
606 1807 700 1861 oretria
709 1807 855 1874 moderari,
866 1823 923 1864 onr-
973 1801 1032 1856 tillo
1052 1808 1191 1856 tantorum
1211 1817 1306 1872 regum
1321 1809 1348 1857 et
1366 1802 1496 1857 abbatum
1518 1804 1653 1859 nobilitati
1668 1819 1767 1860 succc-

130 1895 178 1952 nia
193 1896 258 1952 dare
273 1895 431 1960 constituit,
443 1912 505 1951 cum
519 1896 591 1952 ultra
606 1913 687 1970 quam
709 1899 831 1970 oportuit
847 1901 924 1956 nulla
938 1863 960 1923 B
974 1893 1061 1958 deuii,
1103 1900 1210 1949 lanium
1232 1910 1301 1966 ⁰9⁰⁸
1323 1894 1415 1950 divina
1437 1895 1560 1966 (Ῑῑεῦἑῑῑῑῡ
1582 1910 1763 1962 reservasset,

130 1987 250 2043 ulterius
260 1986 516 2058 iuvenirepotuerit.
974 2002 1056 2058 quarn
1065 1985 1219 2049 decentius,
1232 2003 1314 2057 quam
1326 1986 1472 2058 gloriosius
1487 1988 1686 2044 rationabiliter
1695 1989 1765 2046 ellici

170 2077 268 2134 Tantis
281 2078 373 2148 itaque
386 2085 414 2134 et
428 2087 483 2132 tam
495 2077 648 2137 manifestis
662 2089 799 2138 tantorum
810 2100 924 2156 operum
974 2088 1077 2150 posset,
1108 2079 1165 2135 heri
1184 2079 1373 2136 inniteremur.
1401 2079 1609 2137 Comnmnieato
1628 2081 1764 2152 siquidem

131 2169 304 2241 intersigniis
315 2176 475 2226 constanter
484 2171 609 2236 animati,
619 2171 652 2226 ad
662 2173 768 2244 praelati
779 2176 926 2246 perlectio-
974 2187 1037 2227 cum
1050 2171 1183 2229 iratribus
1206 2172 1310 2228 nostris
1332 2172 1400 2228 berte
1427 2171 1532 2228 deuotis
1546 2173 1671 2240 consilio,
1696 2189 1768 2246 quo·

130 2275 196 2316 nem
209 2259 316 2316 aedilicii
327 2261 459 2318 instanter
469 2271 657 2332 properantes,
667 2266 815 2335 quomodo,
825 2275 852 2323 et
863 2269 925 2340 qui·
973 2281 1036 2320 rum
1050 2281 1099 2321 cor
1110 2265 1213 2321 ardens
1224 2273 1284 2320 erat
1298 2263 1332 2320 de
1341 2263 1406 2321 Jcsu
1420 2266 1486 2322 dum
1500 2266 1660 2338 loqueretur
1680 2269 1721 2324 eis
1735 2268 1766 2324 in

131 2353 139 2406 l
154 2369 187 2408 us
202 2353 339 2423 personis,
354 2362 381 2410 et
393 2353 466 2424 quod
480 2354 558 2410 ualde
569 2355 727 2412 solemniter
734 2356 788 2413 lleo
799 2360 924 2430 omnipo-
974 2357 1030 2421 via,
1045 2357 1098 2413 hoe
1120 2355 1177 2414 beo
1199 2357 1362 2428 inspirante,
1381 2356 1558 2415 deliberando
1574 2360 1717 2431 elegimus,
1735 2365 1769 2416 ut

130 2445 202 2501 tenti
211 2453 419 2502 consecraretur
433 2445 627 2511 deliberantes,
635 2449 723 2504 accitu
736 2451 846 2522 egregio
865 2453 924 2510 uiro
973 2456 1166 2519 proptercam‚
1176 2464 1258 2519 quant
1274 2448 1366 2504 diuina
1378 2450 1512 2521 operatio,
1528 2448 1600 2505 sicut
1610 2449 1767 2508 ueneranda

131 2535 471 2609 ttusoneltothomogenst
491 2537 749 2610 archiepiscopo,ct
769 2542 831 2598 aliis
843 2560 925 2600 vene-
975 2541 1076 2611 scripta
1100 2549 1245 2604 testantur,
1266 2541 1376 2612 propria
1396 2549 1423 2596 et
1449 2541 1570 2596 manuali
1594 2543 1765 2608 extensione,

131 2628 270 2683 rabilibus
280 2627 427 2699 episcopis,
443 2627 537 2684 otone
551 2627 721 2696 belvacensi,
737 2630 819 2688 Petro
837 2631 925 2690 Silva·
973 2631 1097 2688 ecclesie
1110 2631 1310 2687 consecrationi
1322 2639 1441 2703 arttiquae
1449 2633 1581 2704 imposuit
1594 2631 1766 2689 benedictin·

131 2721 269 2786 nectensi,
285 2719 320 2777 ad
339 2721 366 2778 id
387 2722 569 2793 peragendum
596 2722 785 2779 multimodam
805 2725 924 2792 laudem,
974 2739 1048 2788 nent,
1063 2724 1131 2794 ipsis
1146 2724 1262 2780 sacratis
1277 2723 1414 2796 lapidibus
1427 2731 1559 2796 tanquam
1575 2725 1699 2796 reliquiis
1718 2725 1768 2782 de·

134 2829 291 2886 magnoque
304 2813 474 2870 diversarum
485 2829 664 2885 personarum
675 2817 925 2874 ecclesiasticarum
975 2813 1109 2870 lerrenms
1121 2814 1194 2868 illam
1223 2830 1284 2884 qum
1299 2821 1375 2868 tantu
1396 2816 1522 2886 exigente
1537 2818 1702 2873 necessitate
1716 2835 1768 2874 no·

133 2907 204 2962 cleri
214 2913 242 2963 et
256 2904 347 2978 populi
362 2906 481 2961 maximo
495 2906 927 2974 conuentudecantuhamus,0ui
974 2904 1047 2959 vitas
1059 2904 1245 2968 inchoaretur,
1274 2904 1453 2975 loligilttdiltis
1476 2913 1504 2961 el
1530 2905 1684 2964 latitudinis
1706 2910 1767 2980 pul·

133 2999 164 3054 in
175 2998 338 3055 medionovi
351 2998 513 3054 incrementi
525 2999 643 3070 priorem
654 2999 682 3054 in
693 3000 869 3056 consistentis
880 2999 926 3056 do-
975 2993 1130 3050 claritudine
1143 2996 1323 3052 irmitcremur
1353 2997 1507 3054 nobilitare.
1533 2997 1665 3055 Consulte
1680 2999 1768 3072 siqui-

132 3091 172 3145 110
186 3090 376 3147 benedicentes
390 3106 499 3162 squam,
514 3107 562 3163 pos
582 3093 734 3148 oratorium
758 3092 852 3150 sancti
870 3093 925 3149 Eu.
975 3083 1037 3140 dem
1064 3085 1203 3142 decretum
1228 3097 1271 3144 est
1300 3089 1374 3143 illam
1403 3088 1493 3144 altiori
1513 3089 1686 3162 inaequalem,
1706 3110 1770 3163 qnae

133 3182 236 3238 staohii
247 3199 309 3238 com
329 3183 506 3254 processione
526 3191 658 3241 exeuntes
674 3199 723 3256 por
732 3186 850 3257 plateam
863 3201 924 3258 quo
937 3205 960 3266 c
975 3192 1059 3249 sopor
1078 3177 1201 3234 absidem
1219 3188 1377 3236 sanctornm
1398 3175 1576 3236 Dominarum
1609 3189 1770 3238 nostrorum

132 3274 274 3340 Panteria,
285 3289 318 3331 eo
328 3273 400 3345 quod
411 3273 478 3329 inibi
492 3275 583 3329 ornrtia
591 3275 720 3346 emptioni
736 3286 764 3332 et
774 3277 926 3334 venditioni
976 3283 1091 3339 corpora
1102 3269 1264 3325 retinentem
1288 3272 1439 3342 operiebat,
1452 3273 1587 3329 remoueri
1598 3273 1701 3330 roltam
1716 3291 1767 3330 as·

131 3371 273 3430 temntur,
288 3364 440 3437 antiquitus
450 3365 596 3431 vocitatur,
611 3381 661 3437 per
672 3367 765 3433 aliam,
778 3367 874 3438 tqtruin
884 3383 928 3424 sa·
973 3381 1028 3437 qttc
1041 3366 1075 3422 ad
1091 3365 1262 3437 superficiem
1273 3375 1375 3438 cryptae
1390 3366 1434 3423 cni
1449 3367 1615 3436 adhaerebat,
1627 3375 1657 3424 ut
1671 3369 1766 3425 eadem

132 3475 185 3512 ero
199 3457 339 3514 cimeterio
361 3457 482 3529 aperitur
501 3471 598 3513 ercam
610 3465 720 3527 portam
744 3465 926 3525 reuertentes,
974 3465 1069 3530 crypta
1083 3457 1304 3529 superioritatem
1317 3458 1359 3514 sui
1374 3458 1569 3515 accedentibus
1578 3476 1627 3531 pcr
1638 3470 1769 3532 utrosque

131 3552 164 3604 in
176 3557 286 3604 aeternae
305 3546 503 3605 benedictionis
524 3554 552 3603 ct
576 3547 741 3604 sanctissimi
767 3549 923 3606 chrismatis
975 3550 1078 3622 gradus
1092 3565 1142 3621 pro
1167 3541 1323 3623 parimento
1344 3549 1463 3618 oberret,
1494 3552 1564 3607 etin
1592 3553 1768 3608 eminentiori

131 3639 314 3706 delibutione,
330 3638 386 3695 reri
397 3638 520 3710 eorporis
531 3646 558 3694 et
573 3640 715 3710 sanguinis
731 3640 830 3696 summi
852 3639 928 3696 Pon-
974 3643 1036 3700 luco
1051 3651 1209 3700 sanctornm
1237 3643 1349 3700 lecticas
1377 3659 1445 3699 auro
1460 3652 1487 3699 et
1512 3645 1641 3716 pretiosis
1655 3645 1770 3719 petttrnis

132 3733 219 3789 tihcis
233 3731 297 3788 lesu
308 3731 409 3788 Christi
417 3731 594 3798 exhibitione,
604 3733 736 3804 quidquid
743 3741 819 3790 tanto
832 3741 859 3790 ct
869 3743 923 3789 tam
980 3736 1130 3794 adornatas
1142 3735 1346 3792 adsentantium
1360 3737 1503 3792 obtutibus
1517 3737 1683 3810 designaret.
1702 3737 1771 3795 Pro·

133 3833 233 3881 sancto
247 3823 373 3880 conuenit
385 3822 499 3879 aedilicio
518 3823 693 3880 devotissime
710 3825 925 3893 compererunt.
973 3829 1065 3884 risum
1078 3837 1121 3885 est
1135 3829 1217 3885 ctiam
1232 3828 1367 3900 sagaciter
1380 3836 1410 3882 ut
1425 3828 1614 3900 superioribus
1627 3829 1770 3886 columnis

133 3915 364 3983 pulcherrimum,
374 3922 401 3972 θῑ
412 3915 533 3986 angelici
552 3915 694 3972 mansione
712 3913 824 3992 dignum
844 3930 926 3985 supe·
974 3921 1131 3977 etarcubus
1144 3919 1252 3984 mediis,
1270 3921 1355 3990 quiin
1370 3919 1546 3978 inferioribus
1561 3921 1588 3978 in
1599 3929 1694 3994 crypta
1708 3923 1770 3976 lun·

132 4009 197 4065 rins
218 4008 379 4073 oratorium,
405 4008 433 4062 in
457 4007 560 4062 honore
584 4017 686 4064 sanetae
713 4006 760 4063 liei
778 4005 925 4064 Genitncis
974 4011 1047 4068 datis
1059 4021 1319 4084 superponerentur,
1335 4013 1509 4083 seorttctrtcis
1536 4021 1563 4070 et
1587 4013 1773 4069 aritlnueticis

134 4113 246 4168 semper
258 4097 374 4167 virginis
386 4094 487 4161 Merite,
503 4105 530 4152 el
546 4097 634 4153 sancti
659 4095 797 4153 Michaelis
809 4097 924 4152 archan·
974 4103 1166 4160 instrumentis
1180 4101 1300 4159 menium
1315 4104 1434 4176 antiquae
1456 4101 1625 4160 testitudinis
1645 4103 1771 4160 ecclesiae

134 4187 569 4263 seli.omniumqueauselorun,
587 4189 674 4244 saecu
689 4187 803 4244 nornen
825 4189 925 4246 ibidem
975 4197 1114 4269 ceromensi
1138 4197 1202 4252 novt
1226 4195 1317 4252 netto
1342 4185 1571 4266 abtoal'etoenee
1591 4195 1683 4252 orions
1698 4195 1771 4249 anet-

133 4282 315 4356 quiescentis,
331 4283 502 4354 aliorumque
513 4282 661 4338 multorum
679 4291 846 4348 sanctorum,
858 4297 926 4354 quo·
975 4287 1647 4362 quorumqosothosolarumnovarumquantitatl
1657 4285 1771 4359 adapta-

135 4393 200 4431 rum
219 4375 257 4431 ibi
276 4375 387 4430 nomina
403 4373 562 4431 subtitulata
587 4375 734 4441 habentur,
757 4373 924 4432 dedicantes.
975 4391 1052 4440 sotor
1067 4403 1078 4439 ς
1091 4392 1205 4455 excepto
1218 4383 1266 4438 illo
1280 4383 1386 4438 nrhooo
1400 4389 1428 4437 et
1444 4381 1596 4452 approbato
1611 4380 1638 4436 in
1652 4381 1772 4438 circuita

134 4467 255 4524 inferius
270 4482 334 4523 uero
349 4467 376 4521 in
390 4467 486 4522 dextro
512 4467 597 4524 latere
618 4469 768 4524 oratorium
783 4467 927 4522 inhonore
977 4475 1160 4532 oratoriorum
1175 4475 1356 4540 incremento,
1370 4487 1426 4545 quo
1440 4479 1499 4528 tota
1520 4472 1772 4529 sacratissimarum

135 4561 228 4616 sancti
244 4558 443 4624 bartholomaei,
460 4560 662 4632 multorumque
688 4560 803 4616 aliorum
818 4567 928 4615 sancto·
943 4549 964 4603 D
978 4569 1127 4624 vitreorum
1142 4566 1202 4622 loeo
1214 4565 1335 4621 mirabili
1347 4572 1374 4621 et
1385 4563 1516 4620 continua
1530 4563 1690 4620 interiorem
1706 4579 1772 4636 per-

135 4667 218 4706 rmn:
234 4653 262 4706 in
273 4649 386 4707 sinistro
397 4667 488 4708 aurem
503 4653 550 4708 ubi
561 4663 673 4709 sauctus
685 4653 856 4726 requiescere
866 4669 927 4724 per-
978 4657 1113 4713 lustrante
1127 4654 1359 4727 pulchritudinem
1373 4653 1489 4711 eniteret

136 4745 259 4808 lrihetur,
270 4741 434 4814 llippolitus,
448 4744 597 4800 oratorium
608 4744 635 4800 in
647 4746 749 4801 honore
761 4744 930 4816 ejusdem,et
1016 4747 1051 4804 lit
1088 4756 1178 4803 antem
1210 4745 1328 4816 sapienti
1353 4745 1482 4810 consilio,
1509 4745 1631 4802 dictante
1666 4743 1771 4817 Spiritu

136 4846 299 4896 sanctorum
320 4837 471 4902 Laurenl'ti.
497 4835 577 4901 Silili,
597 4835 784 4898 'felicissifflh
810 4835 928 4908 Αεῑψῑῑὶ,
979 4840 1179 4910 sanctuarios
1193 4839 1287 4896 unctio
1314 4839 1349 4896 de
1376 4837 1506 4895 omnibus
1526 4837 1616 4897 docet,
1631 4837 1773 4892 luculento

136 4935 312 5004 aliorumque
327 4934 486 4998 multorum,
512 4931 546 4987 ael
576 4931 718 4987 laudemct
740 4929 854 5000 gloriam
881 4928 930 4984 bet
980 4932 1077 4988 orthos
1103 4929 1277 5002 designatum
1301 4936 1355 4994 cst,
1371 4928 1438 5002 quid
1452 4929 1582 5002 prosequi
1608 4941 1774 5000 proponere·

136 5027 345 5100 omnipotentis.
361 5026 419 5085 Nos
445 5034 534 5082 autem
558 5033 640 5081 tante
666 5022 866 5080 benedictionis
881 5037 930 5094 pro
980 5040 1053 5088 mus,
1071 5023 1185 5080 collecto
1195 5023 1316 5079 virorum
1331 5023 1479 5079 illustrium
1504 5032 1561 5077 tant
1582 5020 1774 5091 cpiscoporum

137 5119 232 5176 iruetu
247 5119 364 5191 impensi
375 5117 477 5174 laboris
491 5117 539 5174 ttei
552 5115 625 5172 douo
639 5113 787 5186 participes
795 5113 862 5170 ellici
873 5120 933 5168 toto
980 5132 1063 5190 quam
1084 5115 1213 5172 abbatum
1229 5123 1376 5181 consentu,
1401 5113 1489 5171 accita
1506 5116 1588 5171 etiam
1611 5111 1720 5169 Domim
1741 5127 1775 5167 ac

138 5213 242 5268 arileetu
257 5211 453 5274 desiderantes,
465 5209 543 5282 quasi
559 5205 769 5278 produte,sieut
782 5205 851 5261 solet
862 5203 932 5270 lieri,
982 5208 1151 5266 serenissimi
1173 5208 1247 5279 rogis
1268 5206 1436 5263 franconem
1463 5205 1594 5261 Lodoeiei
1614 5203 1774 5277 presentia,

139 5305 176 5360 ad
202 5319 340 5374 expensas
367 5303 543 5358 emendonun
569 5299 789 5362 luminariorum,
815 5297 932 5368 blattam
983 5300 1069 5373 pridie
1088 5297 1152 5356 idus
1171 5298 1237 5356 tulit
1257 5299 1301 5356 die
1324 5299 1466 5356 Dotrrlnica
1480 5297 1668 5354 ordinavimus
1691 5309 1774 5351 oma-

138 5394 289 5467 quamdam
304 5393 443 5448 cimeterio
465 5391 669 5447 collimitantem
688 5390 765 5460 juxta
788 5389 932 5445 eeclesiam
982 5393 1082 5449 mentis
1095 5391 1234 5457 decoram,
1256 5391 1381 5462 personis
1400 5391 1535 5447 celebrem
1559 5388 1773 5461 processionem.

141 5485 239 5542 Sancti
250 5483 399 5548 Michaelis,
411 5499 492 5556 huam
507 5481 717 5554 quater-uiginti
730 5481 810 5537 libris
830 5496 845 5535 a
863 5479 933 5534 li'rl·
983 5485 1054 5552 Quin
1070 5485 1152 5540 etiam
1162 5483 1290 5539 manibus
1312 5483 1503 5554 episcoporum
1519 5487 1548 5537 et
1558 5482 1687 5536 ahbatum
1707 5478 1776 5534 insi·

139 5579 226 5636 lelmo
240 5575 410 5632 Corneliensi
433 5589 598 5640 emeramus,
618 5572 740 5644 ejusdem
768 5574 933 5628 contulimus
982 5577 1047 5650 gnie
1063 5573 1213 5632 Dominicae
1225 5574 1374 5648 passionis,
1387 5576 1515 5633 videlicet
1528 5574 1636 5630 clauim
1650 5577 1679 5628 et
1692 5585 1775 5627 coro·

140 5671 282 5734 oratoriis,
298 5677 327 5724 ut
342 5670 369 5724 ln
383 5668 578 5740 sempiternum
590 5681 703 5722 censum
721 5664 784 5721 inde
806 5665 934 5720 habeant.
983 5685 1047 5724 nam
1061 5667 1181 5734 Domini,
1197 5674 1224 5723 et
1237 5665 1381 5722 brachium
1396 5666 1486 5723 sancti
1498 5663 1574 5724 senis
1589 5658 1737 5723 Simeonis,
1748 5665 1778 5714 et

142 5763 183 5820 lie
199 5761 318 5818 termino
333 5775 397 5817 uero
409 5760 465 5815 haec
476 5770 517 5815 est
528 5759 652 5814 veritatis
661 5756 849 5822 consistentia,
863 5757 934 5812 sieut
985 5760 1037 5813 alia
1054 5766 1208 5816 sanctarum
1224 5757 1401 5829 reliquiarum
1415 5755 1570 5829 patrocinia
1580 5751 1775 5826 praeferentes:

143 5855 254 5927 legitor,
273 5853 295 5908 si
305 5861 394 5910 tamen
405 5867 459 5909 non
469 5852 640 5917 obscuretur,
652 5850 679 5906 in
691 5865 773 5907 aureo
783 5863 864 5918 sttpm
875 5865 935 5920 por·
986 5852 1019 5908 ad
1045 5851 1155 5910 defossa
1176 5849 1309 5907 iaciendis
1337 5849 1520 5909 londoniensis
1549 5849 1701 5921 pra-parata
1716 5841 1777 5896 ¹⁰⁰⁸
