3967 6334
83 322 160 381 lbl'l
782 321 786 332 '
807 327 998 392 EPISTOLAE.
1650 338 1718 397 t5⁷t

81 451 184 494 norem
199 441 325 494 nostrum
339 435 472 492 incumbit
486 437 639 508 providere,
655 439 818 497 mandamus
828 457 876 498 ro-
890 446 915 504 Α
928 449 981 510 tes,
996 443 1153 515 ubicunque
1166 459 1279 504 neccsse
1289 447 1372 505 luerit
1388 445 1545 520 procedere.
1559 457 1718 510 necessaria

82 527 132 585 his
143 540 173 584 ut
186 528 337 585 secundum
348 525 421 599 quod
433 529 548 585 rationis
559 529 674 586 intuitus
689 540 815 602 suggeret
827 549 876 588 vo·
927 553 1041 608 quaeque
1065 554 1218 610 preparare
1240 543 1327 613 parati
1346 542 1460 598 erimus.
1488 541 1637 599 Conservct
1658 543 1717 601 liex

82 620 142 686 liis,
158 622 234 678 salvo
249 622 353 677 bonore
368 629 463 676 nostro
475 639 557 693 super
574 623 616 680 bis
643 624 761 692 faciatis,
777 634 804 682 ct
817 628 877 697 ejus
927 645 1021 702 regum
1036 639 1063 688 et
1073 631 1204 690 Dominus
1225 634 1399 690 dominorum
1419 650 1544 707 personae
1563 639 1718 694 vestraein·

83 709 230 764 servitium
246 708 281 764 ad
295 710 427 765 honorem
439 720 564 766 nostrum
578 713 717 784 suscipere
730 730 785 771 non
799 731 878 770 recu·

82 802 166 856 setis.

350 892 516 950 selsrott
536 895 613 952 Lt'tt.

258 1001 364 1040 sucrnu
384 1003 418 1040 no
438 1003 590 1044 arnovrcuu
609 1004 707 1046 aroer.

80 1073 206 1146 Adparet
220 1093 279 1130 enm
293 1093 324 1132 ne
337 1086 395 1146 post
410 1080 548 1132 tertulinum
571 1078 682 1134 Posclur
694 1079 733 1134 rel
748 1078 877 1134 modicum

122 1148 281 1218 inpartibus
295 1147 411 1202 Orientis
429 1149 461 1202 ale
472 1169 477 1199 r
489 1163 588 1214 oretum
605 1161 665 1204 turre
686 1151 776 1205 scribit
788 1151 819 1204 de
833 1166 877 1219 pe-

124 1219 299 1273 cuniosoluto
313 1219 440 1272 nailitibus
461 1219 561 1289 Terrrpli
581 1230 606 1274 ct
628 1223 718 1276 comiti
740 1223 877 1275 liromon·

123 1290 256 1413 ‹lentabdm
270 1289 302 1344 de
322 1307 431 1344 roricone
442 1291 468 1345 in
482 1293 600 1362 reginam
621 1293 774 1348 Alienorum
795 1292 878 1346 dissi·

123 1376 168 1415 aare
180 1378 213 1414 nn
234 1377 258 1416 o.

123 1453 250 1510 Glorioso
261 1452 308 1509 llei
324 1454 411 1526 gratia
422 1455 479 1526 regi
497 1454 664 1512 Francorum
676 1464 702 1512 ct
716 1457 779 1512 duci
790 1455 876 1528 Aqui-

67 1549 169 1602 ·taniac
184 1546 332 1610 Lusor-ico,
349 1549 513 1603 otiarissimo
527 1548 637 1604 domino
659 1560 762 1612 nostro,
788 1550 876 1604 Soon-

83 1656 149 1696 ruus
175 1639 250 1696 Beati
272 1640 394 1712 Dionysii
420 1641 504 1696 abbas
529 1657 590 1696 cunr
613 1649 671 1696 toto
693 1643 807 1696 t'ratrunr
825 1642 875 1696 sibi

927 725 1112 782 columitatem
1128 727 1220 784 sibiet
1241 728 1332 784 nobis.
1359 727 1506 784 Pecuniam
1530 745 1611 800 quam
1638 729 1717 786 robis

927 816 1036 876 mittere
1057 821 1292 892 disposueramus,
1314 824 1465 880 secundum
1489 831 1654 896 praeceptum
1669 838 1717 879 ve·

927 921 1014 968 strum
1030 913 1160 971 iratribus
1176 915 1281 986 Templi
1295 916 1516 973 deliberavimus.
1535 915 1667 972 Similiter
1688 922 1717 972 et

927 1020 1020 1061 comes
1032 1005 1066 1061 ti.
1083 1006 1249 1080 [saturius]
1256 1009 1388 1080 quidquid
1401 1009 1481 1064 vobis
1491 1010 1716 1066 accommodave-

929 1105 980 1162 rat,
995 1099 1048 1152 tria
1056 1099 1253 1156 scilicetmillia
1261 1100 1675 1172 librarum,exceptisducentis,
1686 1099 1716 1157 in

927 1191 1121 1261 plenitudinem
1136 1193 1251 1263 accepit.
1267 1192 1352 1249 Terra
1365 1203 1456 1250 restra
1466 1202 1493 1249 et
1505 1193 1631 1250 homines
1644 1194 1716 1248 bona

928 1297 994 1352 pace
1011 1282 1066 1339 ileo
1080 1285 1231 1354 opitulante
1252 1287 1433 1356 gratulantur.
1450 1286 1556 1343 Causas
1576 1297 1602 1342 et
1616 1287 1716 1357 placit‘a

927 1384 1027 1441 vestra,
1055 1376 1144 1431 tallias
1165 1385 1193 1432 et
1209 1377 1351 1432 leodorum
1373 1379 1565 1445 relevationes,
1587 1377 1717 1433 victualia

927 1467 1010 1521 etiam
1032 1475 1175 1538 sperantes
1190 1468 1218 1522 in
1239 1467 1329 1524 reditu
1348 1479 1439 1526 vestro
1458 1448 1649 1527 reservamus:
1667 1468 1717 1525 do·

927 1577 987 1616 mos
997 1568 1103 1618 uestras
1117 1569 1145 1617 et
1158 1561 1259 1632 palatia
1275 1563 1380 1634 integra
1390 1579 1511 1630 servare,
1531 1563 1624 1620 diruta
1637 1577 1718 1634 repa·

927 1669 989 1709 rare
1003 1654 1134 1721 lacirnus;
1148 1655 1207 1710 solo
1222 1655 1332 1711 domino
1342 1663 1431 1728 egent.
1452 1655 1541 1711 Senex
1559 1670 1645 1719 eram,
1668 1656 1715 1711 sed

83 1747 169 1804 brebe
189 1734 346 1798 ⁰⁰ffl¹¹¹l8502
370 1734 525 1789 orationum
549 1733 732 1801 devotionem,
757 1741 785 1790 111
807 1735 877 1790 inte-
928 1745 956 1800 ln
971 1746 1014 1801 bis
1027 1745 1115 1817 magis
1142 1747 1284 1812 consenui,
1304 1763 1354 1818 pro
1376 1747 1478 1819 quibus
1502 1747 1716 1803 omnibusnulla

83 1841 164 1896 &³¹¹¹
179 1826 284 1880 80111ῑῦ
299 1825 465 1881 fibelllssleffi·
928 1835 1088 1907 cupiditate,
1111 1836 1186 1891 nullo
1208 1837 1318 1908 ponitus
1342 1836 1433 1903 modo,
1448 1837 1504 1892 nisi
1519 1853 1611 1894 amore
1626 1836 1673 1894 liei
1689 1845 1716 1892 et

124 1913 272 1982 0111111511
282 1931 363 1986 quam
373 1917 538 1988 ¹³⁰¹'l11105ls
550 1917 676 1988 susdlflls
686 1917 876 1989 dilllsslfflflffl
927 1935 1019 1984 restro
1034 1944 1078 1984 me
1092 1929 1336 1999 consumpsissem.
1349 1927 1488 2000 lleregina
1497 1930 1612 2001 conjoge
1625 1937 1716 1986 vestra

84 2021 213 2078 llersonae
248 2018 345 2064 “³⁸²¹ae
369 2009 449 2063 ¹¹⁰bl⁵
479 2008 630 2064 absentiam
667 2025 875 2081 ilf⁰⁵⁰llll³ffl¹¹l=
927 2022 1061 2078 audemus
1080 2021 1158 2076 vobis
1179 2021 1302 2089 laudare,
1317 2022 1341 2077 si
1359 2028 1449 2078 tamen
1464 2022 1563 2092 placet,
1581 2031 1716 2093 quatenus

83 2101 199 2174 quantis
214 2111 239 2157 ct
250 2117 332 2173 quam
349 2103 454 2160 devotis
468 2103 625 2159 orationum
646 2106 876 2176 postulationibus
927 2129 1069 2168 rancorem
1085 2113 1168 2167 animi
1183 2113 1277 2178 vestri,
1293 2111 1317 2167 si
1331 2119 1386 2179 est,
1400 2112 1542 2183 operiatis,
1558 2111 1647 2167 donec
1661 2111 1717 2167 lleo

83 2193 299 2264 prosperitatem
313 2203 431 2250 vestram
452 2202 479 2249 et
501 2195 627 2261 salutem,
644 2196 805 2254 charissime
827 2198 877 2252 do·
926 2206 1079 2262 rolerrsesd
1093 2207 1233 2276 proprium
1248 2221 1376 2262 reversus
1399 2220 1514 2277 regnum
1531 2211 1558 2262 et
1580 2203 1717 2276 superbis

83 2286 170 2350 nilne,
187 2285 300 2341 llomirro
315 2285 371 2340 lleo
395 2287 630 2353 commendemus,
650 2291 787 2360 explicare
801 2290 877 2345 nullo

84 2376 168 2431 modo
183 2377 315 2431 valemus.
328 2375 394 2442 Quae
409 2377 510 2432 etenim
525 2376 593 2434 adeo
613 2379 680 2434 dura
699 2395 787 2444 niens,
803 2381 877 2451 quod

82 2475 143 2522 tam
153 2468 271 2523 leri-euni
287 2475 394 2539 pectus,
410 2470 483 2539 quod
499 2478 554 2525 tam
566 2471 646 2544 longa
665 2481 691 2527 et
712 2472 877 2528 intolerabili

84 2560 156 2614 tanti
166 2568 192 2615 et
208 2567 263 2614 tam
277 2562 394 2632 piissimi
408 2562 512 2617 domiui
526 2580 580 2618 non
591 2570 732 2620 moveatur
741 2564 874 2620 absentia!

926 2307 953 2356 et
968 2313 1052 2371 super
1065 2299 1128 2355 aliis
1143 2297 1318 2370 provideatis.

1180 2409 1351 2466 EPlS'lOLb
1369 2407 1460 2467 tt'ttt.

1105 2542 1230 2582 cobortes
1250 2541 1327 2582 ansts
1344 2541 1377 2580 tt)
1397 2538 1540 2581 sitentium.

83 2668 219 2724 quaecum
233 2653 261 2708 in
276 2653 371 2709 dolore
385 2657 509 2724 coeperit,
525 2655 551 2710 in
568 2657 665 2712 timore
675 2657 815 2726 perdurat,
829 2656 877 2712 de·
926 2636 1043 2692 nullm
1052 2655 1079 2693 ⁸2
1089 2638 1216 2722 militibus
1229 2637 1574 2721 Temlllldssllllllldlfiffll
1581 2651 1592 2702 ι’
1606 2644 1630 2691 11
1641 2653 1718 2720 1111111·

82 2741 174 2798 iectus
190 2742 303 2799 borrore
316 2751 409 2800 terret.
425 2743 492 2799 Nam
508 2747 614 2817 quoties
629 2747 710 2818 regiae
725 2747 877 2816 majestatis
961 2709 1355 2846 ἕῇᾏζὶξξθξὲἱῗιέἕῇᾞ,αὺιξζ
1368 2717 1718 2836 fflffl'zeaffiromf’effi

83 2835 234 2906 ingenitam
254 2837 435 2903 nobilitatem,
459 2839 642 2894 venerabilem
665 2855 771 2894 morum
797 2839 877 2894 indu·
962 2867 1022 2907 rur,

85 2929 194 2992 striam,
217 2929 418 2986 animositatem
435 2947 498 2986 cunr
519 2933 552 2986 ad
572 2947 677 2998 omnes,
695 2941 752 2988 tutu
768 2935 801 2989 ad
825 2950 876 2990 nos
961 2941 1125 3010 Laconicus,
1135 2941 1183 2998 liei
1193 2941 1282 3014 gratia
1294 2940 1461 2998 Francorum
1472 2958 1520 2997 rex
1531 2950 1559 2998 et
1571 2942 1625 2997 dur
1633 2940 1718 3012 Aqui-

84 3020 222 3091 precipue
242 3019 392 3090 piissimam
414 3032 667 3088 salomoniacam
691 3033 816 3081 anteros
830 3035 877 3079 aot
926 3035 1018 3102 mutae,
1046 3035 1147 3090 otteom
1170 3042 1197 3091 er
1225 3034 1385 3091 fidelissimo
1410 3035 1499 3090 amico
1521 3050 1571 3091 suo
1599 3033 1718 3093 succino

83 3113 227 3168 vobiscum
242 3111 356 3170 delicere
366 3113 563 3171 desideramus.
581 3114 610 3170 Si
628 3117 701 3171 enim
721 3132 909 3213 superesse·c
925 3126 1001 3184 Bran
1025 3126 1147 3200 Dionysii
1174 3128 1267 3184 abbari
1295 3127 1532 3193 reverendissimo,
1557 3129 1674 3184 saturem
1689 3133 1718 3184 et

83 3223 158 3271 mus,
174 3205 208 3262 de
222 3213 324 3277 quanto
340 3207 507 3277 inquantum
525 3215 705 3274 mutaremur,
728 3209 802 3264 nulla
820 3210 873 3266 alia
926 3220 1051 3291 graciam.

82 3301 129 3353 082
140 3295 320 3365 comparatio,
343 3311 425 3366 (1⁰³¹ss
444 3298 468 3352 Sl
483 3296 516 3352 (le
531 3298 601 3353 toelo
617 3299 645 3353 ln
660 3299 788 3370 abyssum
812 3313 874 3355 0⁰r·
960 3310 1080 3366 lionoris
1092 3325 1125 3366 ac
1138 3311 1334 3367 revereattaeet
1344 3308 1553 3366 sustentationis
1570 3325 1716 3376 summam,

84 3403 240 3443 1111111115-
263 3385 365 3442 [libell
380 3388 463 3459 igliur
478 3388 511 3442 ²¹1¹
527 3404 575 3444 ⁰⁰l
597 3391 722 3462 lssdtssllffl
743 3391 875 3447 b⁰¹¹llt¹ll⁸
925 3417 1008 3474 quam
1021 3403 1087 3458 mibi
1102 3409 1128 3458 et
1142 3403 1211 3458 meis
1221 3400 1321 3457 iratres
1328 3400 1433 3472 Templi
1447 3401 1633 3464 contulerunt,
1642 3406 1718 3470 post·

83 3484 217 3534 consueta
231 3477 398 3548 propitiatio,
413 3486 440 3534 et
454 3480 526 3550 quod
538 3481 619 3538 etiarn
631 3483 726 3538 belluae
739 3485 874 3539 naturali·
925 3509 1008 3565 quarn
1024 3494 1052 3548 in
1066 3501 1158 3564 partes
1172 3492 1291 3548 orientis
1303 3493 1425 3563 perveni,
1439 3491 1632 3548 discretionem
1643 3497 1718 3545 tuam

82 3581 128 3628 ter
137 3571 250 3635 iaciunt,
263 3571 406 3642 diligentes
420 3587 450 3628 se
474 3572 578 3643 diligat,
602 3573 694 3630 lidelcs
717 3583 744 3630 et
757 3591 875 3646 precor·
926 3588 1011 3642 lasere
1026 3587 1137 3641 minime
1151 3587 1224 3640 roto,
1242 3583 1301 3641 Non
1312 3585 1385 3640 enirn
1398 3583 1477 3639 video
1491 3599 1542 3638 nec
1554 3583 1720 3652 viderepos-

84 3663 171 3719 diales
190 3665 293 3720 amicos
313 3679 428 3720 enecare
448 3665 603 3728 erubescat,
618 3673 729 3737 utquos
750 3670 875 3725 excundo

84 3763 192 3812 terrore
206 3757 291 3811 nimio
305 3758 443 3822 contrivit,
458 3758 598 3814 redeundo
612 3761 708 3815 salleni
724 3769 786 3832 post
799 3769 875 3816 tanta

83 3850 218 3924 pericula,
242 3857 304 3923 post
323 3859 414 3906 tantas
435 3859 462 3906 et
480 3852 693 3909 innumerabiles
705 3855 875 3910 diversarum

82 3942 214 3996 mortium
229 3942 380 4012 passiones,
396 3941 540 3998 sufficienti
560 3943 658 3998 solatio
673 3945 826 4000 resuscitet.
841 3943 876 3999 Ut

83 4042 176 4090 autem
202 4037 287 4090 totius
311 4037 388 4106 regni
404 4035 444 4090 tui
461 4036 510 4092 tibi
535 4051 602 4091 voce
618 4037 724 4109 loquar,
741 4037 873 4106 quidest,

83 4127 248 4184 charissime
264 4143 310 4183 rex
323 4135 350 4184 et
371 4127 490 4194 domine,
507 4143 591 4198 quare
605 4144 656 4184 nos
680 4129 764 4200 iugis?
780 4128 876 4186 Nonne

83 4222 132 4294 qui
145 4222 262 4277 oderunt
274 4230 301 4278 te
314 4220 436 4286 oderam,
462 4228 490 4277 et
512 4236 594 4292 super
609 4221 736 4276 inimicos
751 4229 814 4278 tuos
835 4233 876 4276 ta-

85 4315 242 4372 bescebam?
256 4314 308 4381 Qui
331 4331 392 4370 cum
409 4321 435 4370 te
448 4321 475 4370 ct
493 4329 544 4370 uos
557 4322 619 4371 tuos
630 4321 760 4386 tanquam
773 4323 799 4371 te
813 4315 876 4370 dili-

82 4423 148 4481 gcre
163 4410 287 4472 deberes,
303 4409 376 4478 quod
388 4415 515 4465 neutrum
530 4408 644 4474 videris,
660 4410 773 4480 diligere
788 4412 874 4482 magis

927 3689 987 3730 sum
998 3675 1136 3746 quomodo
1151 3674 1233 3730 etiam
1247 3689 1296 3744 per
1315 3674 1392 3744 parri
1411 3672 1541 3742 temporis
1555 3672 1673 3743 spatium
1688 3671 1719 3726 in

926 3767 1052 3838 partibus
1066 3765 1120 3820 illis
1135 3779 1298 3835 permanere
1320 3764 1363 3819 vel
1377 3777 1484 3818 moram
1507 3765 1598 3817 lacere
1610 3760 1718 3832 potuis·

927 3875 995 3924 sem,
1008 3859 1063 3914 uisi
1073 3872 1168 3914 eorum
1179 3857 1348 3929 precedente
1358 3856 1461 3912 auxilio
1471 3863 1499 3910 et
1507 3855 1719 3919 sustentatione,

925 3969 987 4026 quac
998 3968 1137 4024 nunquam
1151 3953 1219 4007 uiilri
1231 3951 1331 4006 deiecit
1346 3965 1360 4004 a
1378 3950 1467 4021 primo
1481 3948 1527 4004 die
1546 3964 1602 4021 quo
1617 3948 1645 4003 in
1659 3962 1720 4020 par-

926 4047 1001 4102 tibus
1017 4046 1072 4100 illis
1084 4044 1133 4108 tut.
1159 4060 1247 4115 usque
1261 4044 1291 4098 iu
1306 4044 1380 4098 bunc
1395 4042 1468 4098 diem
1481 4056 1537 4113 quo
1551 4043 1647 4095 litterae
1659 4041 1720 4096 istae

926 4154 942 4195 a
958 4156 1001 4195 me
1011 4138 1207 4202 discesserunt,
1228 4145 1256 4192 et
1269 4143 1334 4191 tunc
1344 4135 1462 4190 manime
1476 4135 1505 4188 in
1520 4132 1615 4190 eodem
1625 4147 1720 4203 perse·

926 4234 1066 4289 rcrabant.
1082 4231 1216 4298 Quocirca
1230 4237 1306 4284 tuam
1331 4229 1432 4284 obnixe
1445 4228 1579 4299 deprecor
1593 4225 1719 4280 dilectio·

926 4343 988 4382 nem
1003 4325 1111 4397 quodsi
1127 4331 1207 4379 antea
1220 4321 1268 4377 liei
1284 4336 1377 4376 amore
1394 4321 1470 4391 ipsos
1484 4319 1628 4389 diligebas,
1643 4332 1718 4373 rrunc

927 4434 1010 4491 quam
1023 4419 1142 4472 maxime
1163 4415 1211 4471 Dei
1232 4423 1259 4470 et
1275 4413 1363 4469 nostri
1379 4427 1472 4466 amore
1493 4425 1542 4466 eos
1564 4409 1719 4480 diligerem

84 4503 220 4558 dolemus.
245 4499 385 4574 Siquidem
400 4517 463 4556 cum
478 4503 506 4556 in
519 4500 640 4559 Orientis
660 4503 783 4573 partibus
798 4517 875 4558 acer·
890 4511 912 4566 Ι)
927 4515 1105 4565 rrranntenere
1126 4523 1182 4562 non
1196 4521 1308 4571 renuas,
1324 4506 1362 4559 ita
1378 4502 1451 4574 quod
1468 4502 1586 4558 sentiant
1609 4517 1653 4556 me
1667 4515 1718 4570 pro

84 4597 154 4650 rimo
168 4595 347 4659 laboraveris,
363 4595 449 4649 multa
469 4602 495 4649 ot
518 4609 586 4664 pene
602 4595 784 4650 intolerabilia
804 4597 875 4650 rnala

85 4687 267 4750 sustinueris,
282 4694 341 4758 post
350 4686 467 4742 reditum
480 4686 611 4742 baronum
622 4695 649 4742 et
660 4688 820 4758 optimatum
831 4703 875 4742 re-

84 4779 143 4853 gui,
158 4796 210 4849 qua
227 4779 328 4833 duritia
342 4779 383 4834 vel
398 4780 490 4850 potius
506 4780 667 4835 crudelitate
691 4780 761 4836 inter
775 4781 874 4836 barba-

85 4889 133 4929 ros
141 4885 282 4928 remanere
292 4870 502 4940 praesumpsisti?
513 4867 664 4926 Rodicrunt
676 4872 753 4934 regni
768 4879 875 4941 pertun

83 4965 206 5028 batores,
221 4975 247 5020 et
258 4970 287 5018 tu
301 4963 347 5034 qui
359 4962 505 5018 defendere
515 4961 639 5029 deberes,
655 4965 734 5035 quasi
752 4965 874 5034 captiua-

82 5063 130 5112 tus
154 5055 274 5119 exsulas,
304 5070 382 5109 orem
404 5055 468 5125 lupo
488 5055 635 5120 tradidisti,
651 5073 765 5128 regnum
780 5064 874 5128 rapto-

83 5150 162 5205 ribus
171 5146 332 5218 exposuisti.
345 5145 483 5217 Rogamus
494 5147 577 5218 igitur
586 5149 776 5206 celsitudinem
789 5157 873 5212 tuant,

84 5240 227 5312 pulsamus
243 5239 380 5310 pietatem,
395 5238 554 5308 adjuramus
568 5241 773 5312 benignitatem,
790 5250 817 5298 et
827 5259 876 5313 per

82 5347 143 5404 earn
157 5347 211 5402 qua
227 5331 345 5386 invicem
360 5331 472 5400 obligati
487 5347 582 5388 sumus
598 5333 677 5388 iidem
696 5334 874 5398 obtestamur,

82 5441 119 5480 nc
134 5433 195 5494 post
210 5424 356 5480 transitum
370 5421 482 5478 Pascbae
496 5423 534 5478 ibi
549 5425 737 5482 velmodicum
751 5425 875 5483 demore-

83 5518 134 5580 ris,
155 5531 189 5571 nc
203 5531 267 5571 reus
277 5514 457 5589 professionis
480 5522 508 5570 et
526 5515 686 5585 iuramenti,
700 5518 774 5589 quod
787 5519 815 5573 in
826 5534 874 5574 su-

82 5607 225 5680 sceptione
237 5623 347 5664 coronae
356 5623 440 5679 regno
451 5605 551 5675 iecisti,
573 5608 601 5664 in
616 5611 704 5668 oculis
724 5610 772 5668 bet
791 5627 875 5684 appa-

82 5715 156 5758 reas.
172 5697 229 5755 Nos
247 5707 337 5756 autem
353 5701 424 5757 sicut
444 5700 570 5771 angelum
587 5699 635 5756 liei
650 5717 700 5758 vos
713 5711 874 5773 exspectan-

928 4603 996 4674 ipsis
1011 4602 1211 4657 intercessisse.
1228 4599 1266 4656 lle
1290 4605 1388 4654 caetero
1397 4603 1488 4652 autem
1502 4595 1647 4666 pecuniam
1660 4609 1717 4648 non

929 4692 1064 4747 modicam
1079 4708 1111 4748 ex
1129 4705 1188 4746 mea
1212 4695 1291 4760 parte
1309 4703 1358 4745 eos
1377 4695 1527 4752 mutuasse,
1544 4692 1571 4742 et
1589 4699 1717 4755 superse

928 4787 1067 4857 accepisse
1080 4785 1129 4840 tibi
1141 4783 1260 4848 notilrco,
1278 4799 1327 4853 pro
1341 4781 1421 4850 cuius
1436 4779 1555 4845 redditu,
1570 4795 1604 4835 ne
1618 4780 1717 4834 domus

928 4893 1023 4936 eorum
1045 4877 1212 4940 diffametur,
1236 4877 1278 4931 vol
1306 4877 1477 4939 destruatur,
1507 4887 1563 4928 non
1589 4872 1717 4927 convenit

928 4975 958 5022 ut
971 4983 1020 5022 eos
1030 4968 1175 5023 mendaces
1189 4965 1298 5027 laciam.
1317 4979 1351 5020 ne
1361 4972 1388 5020 et
1397 4979 1448 5034 ego
1461 4964 1588 5019 caurillis
1601 4961 1718 5031 turpiter

926 5061 1042 5116 mendar
1053 5059 1184 5115 inveniar.
1197 5057 1258 5112 ‘libi
1269 5072 1334 5128 ergo
1344 5056 1500 5112 mandando
1509 5055 1643 5126 supplico,
1653 5069 1718 5122 qua-

926 5161 1007 5209 tenus
1021 5151 1222 5209 sinedilatione
1241 5151 1297 5205 duo
1322 5149 1407 5204 millia
1427 5163 1535 5204 marcas
1557 5146 1662 5218 argenti
1674 5145 1718 5201 eis

924 5246 1034 5302 reddas.
1057 5245 1116 5299 lilia
1131 5260 1195 5301 vero
1208 5260 1269 5315 quse
1282 5249 1428 5313 supersunt
1451 5241 1479 5294 iu
1494 5240 1586 5294 debito
1599 5237 1716 5309 precepi

924 5337 957 5394 G.
976 5337 1129 5411 [Ganlrido]
1140 5339 1175 5393 dc
1188 5337 1318 5393 Raueoac
1333 5336 1400 5408 ill),
1417 5341 1446 5390 ut
1458 5351 1491 5390 ca
1504 5335 1558 5390 illis
1572 5334 1717 5404 diligenter

927 5431 1040 5486 reddere
1054 5446 1108 5484 non
1123 5430 1239 5485 diderat.
1256 5429 1333 5496 Quod
1355 5445 1385 5485 se
1405 5427 1541 5483 iacturum
1560 5426 1626 5481 mibi
1638 5424 1716 5480 beni·

928 5538 980 5593 gne
989 5523 1123 5593 promisit.
1139 5521 1222 5579 Debet
1236 5532 1327 5578 autem
1337 5521 1377 5577 eis
1386 5519 1500 5576 reddere
1511 5519 1621 5588 trigirna
1632 5515 1716 5580 nullia

927 5615 1078 5671 solidorum
1091 5614 1271 5672 Pictaviensis
1281 5620 1407 5678 monetae,
1419 5611 1561 5684 dequibus
1571 5611 1634 5665 licet
1649 5607 1715 5664 mibi

926 5705 1029 5762 bonum
1044 5722 1206 5780 responsum
1230 5705 1345 5774 dederit,
1368 5689 1498 5760 tamensi
1513 5703 1639 5760 lortesos
1653 5699 1716 5760 red·

120 5795 178 5863 (tt)
195 5793 262 5852 Vide
282 5794 355 5850 inlra
371 5793 515 5865 epistolam
529 5793 654 5852 Gaulridi
679 5795 712 5854 de
730 5795 869 5868 liancone,
886 5813 964 5856 num.
985 5799 1029 5856 lt.
