3967 6334
203 335 274 400 lttl
776 335 915 393 suuntur
934 335 1081 392 abbstls
1100 335 1131 394 S.
1152 331 1301 391 bloilt'stl
1772 332 1849 392 lm

205 453 372 510 deverimus.
392 451 471 519 Quod
492 465 540 522 per
554 457 718 522 praesentem
732 449 858 504 nuntium
874 465 924 506 uos
932 449 1000 520 ipsis
1015 453 1039 510 Α
1052 463 1112 512 ros,
1135 462 1206 519 quos
1232 443 1406 503 vocaveritis.
1426 443 1657 517 ircbiepiscopus
1683 439 1846 508 Rmensis.

204 545 353 620 praecipere
367 541 512 600 scribendo
535 542 674 598 voluimus.
1048 536 1185 610 (Samson)
1201 543 1228 592 et
1244 534 1455 592 Suessionensis
1467 535 1614 608 episcopus
1628 535 1798 610 (Gosiem).
1809 537 1846 592 ad

424 629 592 689 ematosa
606 627 736 686 LXXXV.
1048 643 1093 684 me
1106 627 1274 685 visitandum
1282 635 1435 684 uenerunt:
1449 627 1497 683 nbi
1512 627 1547 685 de
1568 629 1616 684 iila
1637 630 1844 694 controversia,

302 738 506 780 incurerrscoer
519 737 709 780 strunlcerssrs
719 737 754 776 sn
766 735 901 778 snoentou
1048 735 1109 791 quoe
1119 729 1162 776 est
1172 720 1294 775 inerme
1307 729 1335 775 et
1352 717 1562 777 Noviomensem
1585 722 1750 794 episcopum
1766 723 1841 794 (59).

348 814 387 869 De
399 812 547 869 redditione
570 815 652 868 turris
668 811 698 868 S.
723 807 854 866 Palladii.
1048 809 1121 868 diem
1149 811 1246 882 agendi
1274 810 1309 866 ab
1329 809 1441 866 instanti
1455 811 1500 869 die
1524 811 1620 869 Hastis
1632 813 1662 868 in
1682 813 1848 884 quindecim

242 905 413 964 charissimo
434 905 548 960 domino
568 912 596 960 et
610 900 832 959 amicoSucnnro
847 901 999 958 venerabili
1049 899 1299 972 apudCausiacum
1311 899 1515 957 constituimus.
1529 899 1564 956 Ε(
1586 903 1698 974 quiasd
1713 903 1743 958 id
1763 903 1849 960 saido

208 999 300 1055 abbati
309 997 385 1054 Beati
396 996 530 1068 Dionysii,
546 994 577 1050 P.
592 993 774 1050 bituricensis
796 991 925 1051 Ecclesiae
943 993 998 1050 bu·
1048 991 1115 1047 mibi
1136 991 1205 1049 estis
1224 989 1410 1057 necessarius,
1427 1005 1494 1062 rogo
1511 989 1686 1048 dilectionem
1709 999 1845 1054 nestun,

207 1090 281 1147 milis
294 1090 429 1155 minister,
440 1089 568 1144 salutem.
1048 1089 1079 1138 ut
1089 1082 1123 1140 sd
1137 1098 1188 1139 nos
1202 1082 1226 1138 si
1241 1080 1356 1154 potestis
1369 1089 1436 1139 tunc
1456 1083 1583 1140 veniatis.
1598 1081 1688 1140 Porro
1705 1083 1758 1138 illo
1767 1097 1847 1139 con·

244 1179 323 1237 Scire
344 1181 472 1238 volumus
486 1176 799 1240 dilectionemlrestram
826 1173 900 1246 qood
913 1175 1000 1232 turris
1049 1174 1122 1245 picto
1132 1174 1252 1246 negotio,
1266 1173 1301 1229 ad
1315 1172 1391 1244 regia
1404 1174 1512 1245 negotia
1523 1173 1587 1232 inde
1596 1175 1791 1232 transibimus

207 1271 305 1327 Sancti
332 1268 447 1326 Palladii
472 1269 544 1323 sicut
566 1265 736 1338 praecepistis
765 1263 871 1319 reddita
892 1274 944 1319 est.
966 1263 1000 1317 lit
1270 1280 1440 1340 Eppspogg
1453 1282 1608 1342 Lmen·

207 1361 334 1433 quamuis
348 1359 470 1415 nondum
485 1373 545 1412 earn
568 1356 728 1419 habeamus,
744 1354 809 1409 inde
822 1355 1000 1410 multimodas
1119 1387 1319 1429 mmm„
1341 1387 1557 1432 „mmmm
1575 1391 1609 1430 n
1623 1391 1762 1433 mmm

207 1451 287 1507 uobis
301 1457 394 1521 grates
418 1449 574 1512 scierimus,
590 1447 654 1517 quie
668 1453 803 1515 procerte
823 1445 926 1500 seimus
950 1459 1000 1500 vos
1049 1459 1133 1533 popm
1144 1460 1207 1534 qgrg
1220 1462 1279 1531 pm·
1289 1461 1349 1516 „egr
1360 1460 1392 1516 ge
1405 1464 1583 1532 „marm
1601 1464 1676 1520 ,ὠὴ
1703 1465 1846 1540 ptum,

208 1541 246 1596 ita
264 1553 325 1596 eam
350 1538 513 1612 praecepisse
534 1537 612 1593 reddi
627 1550 677 1607 pro
690 1536 764 1590 bono
779 1543 806 1590 et
825 1534 942 1590 utilitate
949 1549 1001 1590 uo·
1294 1531 1384 1599 tersis,
1399 1541 1460 1586 tuuc
1470 1543 1587 1589 nocente.

208 1637 277 1688 stra.
298 1629 493 1686 Verumtamen
513 1643 635 1684 nuscum
653 1625 828 1682 multitudine
844 1625 960 1680 militum
972 1631 1001 1682 et
1081 1621 1277 1679 Amantissimo
1297 1637 1349 1678 suo
1363 1622 1475 1680 domino
1490 1624 1610 1682 Socssro
1628 1627 1782 1684 venerabib
1796 1645 1846 1700 per

207 1722 330 1794 peditum
343 1721 470 1792 sequenti
483 1719 538 1784 die,
554 1735 588 1776 es
599 1733 654 1789 quo
669 1719 776 1773 litteras
791 1724 898 1772 uestras
921 1731 1000 1772 rece·
1050 1711 1097 1769 bei
1111 1713 1226 1784 gratiam
1237 1713 1328 1769 abbati
1344 1711 1439 1771 Sancti
1449 1714 1583 1789 Dionysii,
1610 1716 1740 1774 iraterG.
1761 1717 1846 1793 [Gue-

207 1813 309 1883 pimus,
332 1827 415 1883 super
435 1810 649 1866 Ralrraldumire
668 1809 881 1872 valclarenses
897 1815 1002 1878 quiante
1016 1789 1038 1846 Β
1052 1803 1158 1876 rnlnus]
1171 1803 1381 1874 Bourdegalensis
1391 1803 1521 1863 Ecclesiae
1530 1807 1623 1866 dictus
1630 1810 1847 1882 episcoprum-

211 1903 301 1974 tnagis
315 1904 405 1959 minas
419 1901 499 1958 nobis
513 1900 647 1957 interebat
660 1915 693 1956 ex
708 1905 785 1970 parte
808 1899 999 1970 quorumdam,
1052 1895 1136 1950 lutem
1149 1902 1177 1951 et
1189 1895 1295 1951 devotae
1307 1895 1450 1952 charitatis
1463 1898 1637 1970 obsequium.

207 2007 279 2068 quos
302 1993 385 2050 modo
399 1995 528 2050 nolumus
549 1993 703 2057 nominare,
715 1998 792 2047 lanto
805 1992 893 2062 magis
904 1990 1003 2048 adver.
1085 1983 1127 2040 Ex
1137 1985 1848 2066 manddiodomillilltisit'lssomitt'tipontificium*-

206 2096 257 2144 sus
271 2101 319 2142 eos
339 2087 524 2150 armabamur,
543 2091 571 2142 et
594 2086 669 2140 vires
694 2084 915 2141 resumebamus.
926 2083 1001 2141 Ρη.
1051 2077 1105 2132 tuit
1120 2091 1170 2132 nos
1183 2077 1352 2134 descendere
1366 2094 1416 2151 pro
1430 2095 1515 2137 causa
1532 2082 1639 2138 domini
1661 2083 1847 2142 bituricensis

206 2181 282 2234 terea
292 2177 434 2237 mundarit
453 2177 534 2233 nobis
553 2182 645 2232 uestra
662 2174 822 2232 fraternitas
846 2191 895 2248 per
914 2177 1002 2249 mogi·
1052 2166 1109 2239 (6⁰)
1129 2183 1218 2239 usque
1241 2167 1411 2225 Lemovices.
1440 2168 1505 2227 inde
1524 2188 1590 2229 uero
1612 2190 1664 2244 pro
1679 2177 1849 2234 necessitate

208 2273 296 2322 strum
311 2266 506 2331 audebertum,
523 2266 650 2322 nuntium
665 2272 801 2331 nostrum,
817 2273 849 2320 ut
861 2265 940 2322 robis
957 2279 1002 2322 oc·
1052 2257 1175 2314 ecclesiae
1188 2255 1286 2314 Fontis
1299 2257 1411 2314 Rbrtldi
1421 2257 1478 2332 tot)
1489 2263 1620 2332 usquead
1631 2263 1708 2318 illam
1730 2265 1847 2322 der-„cn

207 2373 392 2424 curreremus,
408 2365 436 2414 et
449 2357 531 2415 simul
544 2358 656 2414 domino
666 2357 1001 2428 reginbriarereua.0uod
1051 2349 1153 2406 dimus·
1170 2348 1292 2408 Pietatis
1304 2350 1509 2420 ballueinvenil
1519 2367 1570 2410 ¹¹0⁸
1584 2354 1655 2410 lator
1664 2369 1847 2426 praecem

207 2447 324 2502 libenter
340 2445 484 2511 iaciemus,
496 2454 554 2502 tum
565 2447 630 2517 quia
646 2447 780 2503 aduentus
806 2447 911 2504 domini
927 2449 1001 2519 regis
1052 2440 1167 2494 nuntius
1181 2447 1283 2504 tester,
1294 2439 1340 2496 ubl
1350 2450 1460 2512 litttliter
1470 2443 1671 2516 negotitterrae
1688 2461 1801 2501 moran
1811 2445 1848 2501 ie·

207 2535 288 2589 uobis
302 2532 476 2602 gratissimus
490 2541 544 2600 est,
560 2542 621 2589 tum
634 2534 698 2605 quia
712 2549 858 2606 personam
880 2543 1000 2592 uestram
1051 2546 1114 2587 cere
1124 2545 1175 2587 uos
1191 2532 1321 2602 oportuit.
1332 2529 1469 2588 burlmus
1481 2534 1573 2605 itaque
1589 2533 1771 2590 scribendum
1782 2551 1847 2608 prn-

207 2623 356 2694 pinariorum
374 2624 455 2680 nobis
472 2623 602 2680 dilectam
613 2625 751 2682 bonorare
774 2628 938 2684 uolumuset
950 2626 1000 2682 de·
1051 2619 1150 2678 dentiae
1160 2632 1268 2686 restrae,
1280 2629 1310 2678 ut
1318 2623 1341 2680 si
1353 2622 1707 2695 placetstatuanallicanae
1716 2626 1848 2686 Ecclesia

208 2712 372 2769 sideramus.
388 2713 521 2772 Pretorea
536 2716 608 2773 seire
633 2717 760 2773 uolumus
774 2719 838 2789 quia
856 2715 928 2788 apud
950 2716 1002 2774 le·
1050 2723 1078 2769 ct
1090 2713 1210 2784 rcgni,et
1220 2714 1243 2768 si
1257 2729 1318 2785 quae
1326 2715 1647 2784 mandandanoristis,et
1660 2735 1725 2790 qoae
1739 2735 1795 2778 nos
1804 2719 1846 2776 ia·

208 2806 482 2862 movlcasdonainum
502 2807 731 2879 littrdcgalensem
747 2815 774 2864 et
799 2809 946 2880 episcopos
965 2808 1001 2864 de
1050 2819 1114 2860 cere
1128 2804 1229 2870 velitis,
1252 2804 1345 2874 bajulo
1372 2805 1547 2876 presentium
1560 2807 1709 2874 referente,
1726 2825 1780 2880 per
1800 2826 1848 2866 ros

208 2895 366 2967 Aquitania,
382 2900 456 2954 sicut
484 2899 554 2954 inter
580 2913 630 2954 nos
653 2899 782 2955 collocuti
797 2899 948 2963 ineramus,
965 2899 1000 2954 ad
1051 2907 1259 2966 cognoscamus·
1276 2890 1389 2949 &amus
1403 2893 1497 2964 igilur·
1523 2894 1732 2962 (10111101δῦ1,
1747 2905 1847 2955 etsta·

210 2987 367 3044 fidelitatem
395 2989 498 3045 domiui
524 2990 596 3061 regis
621 2991 858 3058 commonuimus;
876 2999 904 3047 pt
928 2992 1001 3047 sicut
1051 2985 1217 3041 revellimus
1230 2984 1265 3040 ad
1277 2983 1437 3042 mandalum
1451 2992 1479 3042 et
1492 2985 1695 3058 beneplacitum
1708 2997 1846 3056 vestran,

208 3077 290 3135 nobis
303 3079 500 3150 promiserunt,
517 3081 545 3136 in
566 3080 695 3136 lidelltate
714 3081 801 3152 ipsius
815 3082 926 3138 domino
950 3096 1001 3136 au·
1012 3129 1036 3194 c
1051 3075 1123 3131 sicut
1133 3075 1167 3132 ad
1180 3076 1255 3132 illios
1264 3091 1346 3148 quem
1356 3077 1391 3133 ab
1401 3077 1514 3149 antiquo
1524 3093 1589 3134 sera
1600 3079 1629 3134 in
1649 3078 1848 3136 menineris-

208 3176 285 3226 ctore
304 3170 600 3240 permanebuntQuod
615 3171 694 3228 robis
708 3171 853 3244 placuerit,
866 3187 915 3243 per
928 3188 999 3244 proe-
1050 3167 1133 3223 ritate
1144 3167 1294 3237 diligimus,
1309 3174 1337 3224 et
1349 3169 1406 3224 uita
1422 3169 1523 3226 comite
1535 3167 1564 3224 in
1586 3169 1686 3227 Mem
1713 3187 1848 3242 persece-

207 3266 327 3319 eentium
341 3263 456 3318 latorem
470 3263 551 3320 nobis
573 3262 726 3320 rescribite.
1050 3272 1112 3313 rare
1128 3259 1332 3329 proposuimus.
1351 3256 1408 3315 Sed
1427 3259 1462 3315 de
1480 3260 1663 3330 prepositura
1683 3260 1848 3333 burdegala

421 3373 591 3430 mmm
605 3373 752 3431 mm¹
1050 3347 1244 3420 ciuitatisquid
1265 3347 1338 3404 criti
1349 3348 1440 3406 Locus
1458 3349 1619 3406 enimracat
1636 3359 1754 3408 etterra
1769 3353 1848 3408 labo-

313 3480 426 3522 com
439 3481 653 3523 „mmmm
667 3483 699 3520 m
715 3481 862 3522 mmm
1050 3447 1103 3502 rat,
1119 3446 1147 3492 et
1167 3438 1194 3492 in
1205 3437 1258 3494 boc
1273 3447 1301 3494 et
1316 3439 1344 3493 in
1367 3439 1428 3496 aliis
1442 3447 1562 3496 vestram
1583 3443 1788 3513 praestolamur
1799 3459 1848 3500 ro·

208 3555 309 3612 Scribit
321 3573 360 3622 se,
376 3556 439 3610 dem
451 3557 485 3612 od
499 3574 558 3612 euru
574 3557 705 3612 accederet
724 3555 847 3625 Crispeii,
864 3573 947 3628 esque
963 3558 998 3612 od
1050 3529 1193 3594 'flumem’
1207 3545 1290 3601 ΨΜ
1307 3531 1428 3601 p⁰¹i¹¹¹¹¹⁸
1449 3533 1530 3588 Μὴ
1554 3535 1658 3606 5οήμο
1680 3537 1846 3608 ἐμω

245 3635 356 3710 (πιοτιεηιΙ
370 3637 523 3749 eprutasse,
542 3643 574 3680 oc
587 3627 657 3748 piem
672 3625 775 3746 egendi!
784 3627 956 3752 coustituisge
965 3645 999 3682 en
1261 3642 1431 3700 EPlSTOLA
1442 3644 1609 3703 Lxxmu,

157 3761 159 3768 ψ
244 3705 374 3819 :astru
390 3711 1000 3834 recusetur:
1351 3750 1480 3792 om·

246 3835 340 3916 areensi..
352 3831 435 3902 Roget
448 3849 507 3887 uero
523 3845 551 3887 ut
561 3833 621 3887 ituic
635 3834 788 3905 compressati
809 3833 935 3904 Superius
949 3837 999 3890 nd·
1049 3845 1134 3917 lippae
1153 3857 1183 3902 es
1195 3845 1334 3902 sororibus
1353 3845 1626 3905 fontebraldensibus
1650 3852 1755 3920 sotem,
1778 3871 1848 3924 gs·

242 3919 298 3958 esse
311 3901 444 3973 diruetur.
1084 3917 1221 3999 episcopus
1245 3917 1419 3972 Pictooieusis
1449 3922 1572 3983 ueniet,
1606 3919 1790 3978 obedientie·
1812 3925 1847 3980 st

244 3992 372 4057 Suesnro,
393 3992 442 4048 Dei
455 3993 542 4064 gretia
558 3993 650 4048 abbati
662 3989 757 4048 Sancti
782 3991 916 4066 Dionysii,
931 3995 1000 4054 dile-
1083 4002 1122 4041 θ’*
1132 4002 1276 4057 ieiumi,
1291 3995 1317 4041 et
1330 3985 1495 4042 “Militiam
1506 3989 1597 4045 Mitti·
1618 3989 1786 4050 benedicere.

207 4091 253 4138 eso
266 4099 327 4148 ευρ,
338 4082 372 4140 ll,
390 4080 789 4154 [ternumqvlromandengig
801 4097 905 4150 comer,
923 4085 1000 4142 garg.
1085 4075 1256 4134 Clarissimo
1270 4077 1382 4134 domino
1395 4077 1509 4134 etPelri
1520 4079 1570 4137 liei
1586 4084 1678 4152 gratia
1698 4095 1849 4142 summost

208 4181 262 4227 tem
278 4181 306 4229 et
318 4174 503 4230 suasionem.
1049 4167 1196 4222 universali
1208 4167 1332 4238 pontifici
1342 4167 1474 4235 Euoeuro,
1483 4169 1705 4229 Sooenrusliesti
1721 4173 1846 4249 liionrsri

241 4262 302 4318 Jam
329 4266 380 4320 iter
407 4280 496 4321 meum
511 4264 637 4320 veniendi
668 4265 702 4318 ad
718 4281 766 4323 ung
789 4280 999 4336 properaveram
1050 4257 1145 4320 abbas,
1157 4257 1319 4314 obedientiae
1328 4267 1355 4316 ei
1369 4261 1475 4316 Servitli
1486 4263 1698 4333 plenitudinem.

207 4369 295 4426 nsqtso
316 4355 480 4425 crispeium,
493 4361 521 4412 et
535 4355 573 4410 ibi
588 4353 735 4410 recidiuam
756 4369 855 4425 passus
869 4355 999 4426 egrotavi
1086 4347 1139 4405 Pro
1153 4350 1296 4407 sororibus
1305 4352 1379 4423 apud
1394 4351 1508 4409 Fontem
1523 4354 1637 4412 Ebraleli
1649 4357 1678 4412 in
1700 4367 1802 4412 mess
1817 4367 1845 4413 ρ(

208 4459 295 4514 usque
315 4446 349 4502 ad
359 4453 486 4511 mortem,
498 4446 566 4502 meo
581 4453 610 4500 ut
621 4443 654 4502 de
664 4445 719 4500 vita
734 4444 919 4516 desperarem.
944 4444 997 4502 Sed
1012 4437 1106 4534 0⁰00
1132 4441 1294 4512 acceptabili
1309 4443 1441 4516 religione
1458 4445 1633 4518 degentibus,
1646 4465 1719 4520 queas
1736 4451 1846 4520 episco-

205 4547 256 4604 por
270 4533 316 4592 bei
332 4537 446 4606 gratisne
458 4536 608 4594 meliusest
617 4536 696 4591 mibi.
707 4533 786 4591 Nunc
796 4551 872 4607 ergo,
885 4535 949 4606 quia
961 4535 997 4592 ad
1049 4544 1100 4600 ltus
1110 4529 1291 4590 pictaviensis
1312 4532 1508 4606 (Gisieiertus),
1536 4537 1740 4608 subjectionem
1752 4541 1790 4596 ab
1805 4543 1847 4597 eis

206 4639 258 4681 uos
265 4627 382 4682 transire
392 4643 448 4682 non
465 4642 588 4698 possum,
607 4626 680 4698 quod
701 4627 834 4697 placuerit
856 4627 934 4684 vobis
963 4626 998 4684 de
1047 4623 1362 4695 requirens,earomque
1375 4627 1544 4684 abbatissam
1558 4628 1749 4704 (eneruem)
1762 4633 1847 4688 bene·

207 4715 324 4785 negotiis
337 4715 441 4772 domini
454 4717 527 4788 regis
540 4717 750 4788 prosequimini,
763 4724 791 4773 ct
800 4717 874 4789 quod
884 4717 998 4789 placue-
1047 4715 1139 4771 dicere
1157 4715 1265 4780 nolens,
1276 4715 1418 4789 deiatigat,
1441 4721 1530 4775 sancti
1558 4721 1737 4792 apostolatus
1759 4725 1846 4780 rostri

207 4805 243 4859 rit
253 4811 401 4870 reservate,
416 4815 507 4878 etego
525 4809 631 4862 mittam
644 4807 678 4862 de
696 4807 853 4864 homiuibus
869 4809 937 4866 meis
961 4809 997 4866 ad
1046 4806 1236 4863 celsitudinem
1245 4821 1301 4879 qua
1315 4823 1465 4879 possumus
1485 4827 1569 4883 prece
1590 4814 1749 4883 polleamus,
1761 4823 1792 4870 nt
1807 4819 1846 4872 si-

242 4978 299 5047 (591
318 4978 389 5033 luter
400 4990 478 5035 meet
493 4979 736 5054 Nouiomeuremep
739 5025 794 5041 .....
805 4992 858 5040 etc.
876 4983 995 5044 Contro-
1047 4983 1105 5039 ine
1124 4985 1206 5040 istola
1218 4983 1291 5042 Petri
1303 4987 1375 5043 inter
1389 4987 1554 5060 Sugerianas
1567 4992 1632 5048 too.
1645 4991 1766 5065 Eugenii
1781 5013 1847 5053 sere

206 5049 294 5102 versia
322 5055 381 5103 erat
406 5049 516 5106 devilia
534 5050 911 5124 Laciniaco,inquoturrem
929 5056 996 5111 aedi-
1046 5068 1078 5108 ca
1113 5055 1506 5116 erclitterasnonhabemus.

206 5117 304 5170 licebat
327 5133 419 5178 comes
445 5118 678 5179 viromandensis.
704 5121 847 5190 Ejusmodi
879 5136 993 5180 contro·
1082 5121 1139 5193 (61)
1162 5123 1393 5183 Ecclesiei'outis
1413 5127 1526 5184 Eiroldi
1598 5139 1654 5188 etc.
1679 5131 1846 5190 Annolli,

206 5186 303 5240 versia
337 5187 416 5242 tinem
451 5189 581 5259 imposuit
614 5192 752 5246 amicabili
788 5195 990 5264 compositione
1045 5200 1163 5248 mortem
1191 5195 1309 5255 obierat.
1324 5213 1375 5252 rtur
1396 5197 1457 5255 llsl.
1487 5199 1562 5263 reati,
1584 5197 1740 5258 Petronius
1776 5203 1846 5260 Fess-

207 5251 325 5310 Samson
362 5255 505 5315 tiernensis
536 5260 771 5330 archiepiscopus,
793 5263 893 5318 litteris
921 5262 995 5322 datis
1045 5262 1083 5317 tis
1096 5261 1365 5324 Ebraldiabbatissa.
1388 5283 1451 5322 cum
1465 5285 1531 5326 vero
1557 5269 1734 5330 Gisiebertus
1758 5273 1847 5330 Picta·

206 5321 310 5388 Remis,
336 5339 409 5381 anno
438 5328 574 5383 incarnati
598 5327 679 5386 Verbi
696 5330 775 5394 llio,
790 5340 921 5403 regnante
942 5334 995 5390 Lu·
1044 5331 1149 5389 aiensis
1171 5333 1319 5405 episcopus
1346 5336 1503 5396 llatbildem
1537 5340 1566 5394 in
1586 5341 1680 5398 locam
1706 5344 1846 5400 (Μυκη

205 5393 304 5448 dorico
329 5393 497 5452 Francorum
527 5413 590 5468 rege
617 5399 816 5469 gloriosissimo
844 5415 917 5456 anno
934 5419 993 5470 xrs,
1045 5399 1208 5460 benedicere
1237 5405 1323 5460 nollet
1341 5406 1397 5462 nisi
1424 5407 1625 5477 subjectionem
1650 5415 1842 5483 profiteretur.

206 5463 299 5518 arclrie
319 5463 458 5534 ‘scopatus
488 5469 576 5523 nostu
605 5483 678 5525 anno
705 5486 732 5524 1.
755 5467 829 5526 inter
860 5469 990 5530 instrum.
1046 5467 1178 5542 Superius
1209 5473 1321 5543 scripsit
1339 5477 1375 5531 ad
1395 5475 1546 5548 Eugenium
1576 5484 1845 5550 prosanctinsonia·

206 5529 277 5586 ’1.111
316 5534 360 5588 all.
377 5535 493 5596 Christ,
510 5537 639 5593 coliiSt).
684 5541 689 5550 '
1045 5539 1118 5596 libus
1146 5542 1291 5612 epistolam
1309 5544 1381 5600 inter
1398 5548 1489 5602 editas
1506 5548 1555 5612 te,
1574 5551 1603 5604 in
1622 5553 1728 5621 quade
1749 5551 1843 5610 Picta·

243 5601 299 5670 (illl
314 5602 682 5670 DourduiBituricensss,etc.
712 5607 786 5662 Petri
814 5607 992 5666 bituricensis
1045 5610 1131 5666 aiensi
1150 5612 1302 5680 episcopo:
1323 5611 1435 5681 Nostis,
1461 5619 1565 5688 inruit,
1591 5621 1616 5674 si
1642 5631 1741 5678 restra
1757 5623 1844 5692 siem

208 5669 415 5740 arclsieplscopi,
441 5674 485 5728 cui
514 5676 619 5756 liserat
633 5691 694 5730 cum
716 5676 912 5756 archidiacono
941 5695 992 5734 suo
1043 5680 1208 5761 potemiteti,
1232 5681 1302 5762 quod
1329 5687 1459 5754 prefatus
1479 5692 1617 5757 episeopus
1630 5689 1843 5762 retrusurus

208 5735 414 5804 bartholomeo.
434 5741 511 5796 molor
538 5754 596 5798 ustor
610 5755 634 5798 et
653 5759 774 5814 meremor
789 5746 880 5812 ieme,
909 5753 993 5802 utest
1044 5760 1175 5803 consueret
1189 5750 1347 5821 iuquietare.
