3967 6334
105 369 155 427 tsi
560 367 830 426 spurcaminum
851 369 942 426 libai
961 369 1063 428 0C'i0.
1085 401 1120 412 -
1141 371 1206 430 LlB.
1232 371 1265 428 V.
1675 377 1728 434 838

104 488 222 544 meritum
239 484 393 558 nuncupari
408 483 499 550 debet,
514 487 644 555 quoniam
666 503 719 544 non
736 495 799 541 sant
820 503 883 540 con·
897 496 920 548 Α
933 503 991 541 cere
1007 503 1055 557 pro
1076 485 1144 541 bono
1161 486 1294 541 uoluntate
1309 485 1422 556 (Pitttp.
1436 500 1468 552 ιι,
1483 484 1530 557 ιιι
1555 501 1728 558 nequaquam

102 579 181 650 dqnoe
200 577 339 649 passiones
359 576 572 646 iujusmmporis
590 577 756 647 adlaturam
771 577 884 647 pluriam
935 592 969 632 ex
992 576 1123 646 operibus
1142 577 1247 633 nostris
1267 584 1310 632 cst
1331 576 1409 644 sides,
1432 586 1479 633 aut
1491 578 1608 648 justitia,
1631 578 1726 636 seder

105 670 184 742 (Rom.
198 683 261 732 vm,
275 667 330 740 ιιι).
343 665 663 739 ileritaergobomiuum
673 669 884 740 haudquaquam
935 667 1002 726 beo.
1015 669 1191 742 Eroperibus
1206 671 1347 726 homiuum
1363 677 1446 734 esset,
1462 673 1486 726 si
1503 687 1538 727 ει
1553 673 1622 743 ipsis
1635 687 1684 742 per
1699 689 1729 728 sc

103 765 153 819 sibi
164 762 249 818 ὓειιιιι
262 761 436 816 districtione
454 760 552 830 judicii
577 761 710 833 obligant,
725 777 822 817 verum
836 761 884 816 de·
936 763 1040 832 absque
1049 763 1136 833 gratia
1147 763 1320 833 proveniret;
1334 772 1361 818 et
1376 771 1443 820 tunc
1456 765 1573 834 quisque
1588 781 1622 820 cr
1637 765 1729 836 operi-

105 863 160 912 vuta
173 854 336 926 supplicatio
346 852 420 925 pium
432 851 554 922 judicem
565 851 827 923 movet,utgratuito
836 852 885 908 be·
934 854 988 910 bus
995 853 1171 926 justificatus,
1186 855 1299 910 haberet
1305 855 1431 926 gloriam,
1446 856 1555 912 sednon
1565 855 1729 927 apudlleum

103 949 193 1006 uelrcio
206 962 268 1012 suo,
292 946 444 1001 idololatra
465 943 556 1010 iidem,
577 945 694 1001 distorto
715 942 883 1015 equitatem,
935 944 1023 1018 (ilum.
1040 961 1077 1010 ιι,
1092 945 1132 1018 i).
1147 943 1245 1000 Nullus
1258 962 1323 1012 ergo
1335 947 1441 1001 aseritis
1455 963 1544 1018 neque
1555 949 1624 1011 suis,
1638 963 1730 1019 neque

103 1039 168 1097 bono
195 1038 224 1092 iu
250 1035 391 1108 proposito
422 1034 624 1106 perseveranti,
652 1033 783 1104 largiatur
811 1033 885 1088 saiu-
935 1035 1032 1092 aiienis
1053 1035 1132 1090 iidem
1146 1036 1261 1100 obtinet,
1277 1045 1334 1094 aut,
1344 1037 1490 1107 justitiam,
1506 1040 1564 1094 sive
1581 1039 1730 1096 beatitudi-

102 1138 153 1186 tem
166 1129 250 1203 (225).
267 1128 300 1184 Et
309 1127 425 1183 sicutde
440 1127 520 1182 bouis
534 1142 596 1199 quae
610 1136 639 1181 tu
650 1125 719 1182 lacis
731 1125 886 1182 certissime
934 1142 1009 1191 nem,
1024 1129 1071 1184 scd
1086 1127 1158 1184 ileus
1182 1129 1224 1182 cui
1235 1128 1290 1184 uult
1301 1131 1439 1184 miseretur
1448 1129 1535 1202 (Roas.
1550 1132 1654 1204 rr,l8i.
1663 1131 1730 1189 Tria

106 1222 169 1286 scio,
187 1221 226 1275 ita
239 1221 275 1276 de
288 1220 444 1290 bonisque
456 1218 528 1274 alius
541 1218 607 1273 lacit
618 1217 644 1274 id
659 1217 797 1288 praecipue
805 1224 883 1288 puto,
935 1234 1001 1290 ergo
1013 1219 1071 1274 baec
1085 1227 1112 1274 et
1126 1221 1276 1276 secundum
1291 1223 1435 1293 quemdam
1452 1223 1582 1294 loquendi
1604 1227 1726 1288 modum,

102 1312 161 1366 duur
173 1319 271 1367 neutra
291 1310 374 1365 saluti
390 1310 549 1364 obtinendae
570 1309 620 1364 tibi
638 1309 764 1373 tendunt,
788 1316 885 1364 neutra
935 1309 1028 1364 minus
1049 1311 1143 1382 utique
1158 1311 1311 1382 proprium,
1329 1328 1363 1368 ειι
1385 1313 1491 1370 meritis
1511 1318 1686 1385 proveniunt,
1700 1327 1730 1374 et

102 1406 178 1462 saluti
191 1403 323 1461 habenula
337 1405 386 1459 tibi
397 1411 523 1475 prosunt.
534 1403 613 1470 Quod
624 1405 648 1459 si
661 1413 715 1459 turc
729 1405 885 1459 nullatenus
936 1399 1086 1456 sectandum
1099 1401 1244 1472 quemdam
1258 1403 1386 1474 loquendi
1401 1406 1523 1471 modum,
1532 1409 1619 1479 magis
1634 1410 1730 1482 utique

101 1499 227 1571 prodesse
245 1505 362 1569 possunt
383 1498 477 1562 saluti,
498 1496 637 1568 quomodo
657 1504 712 1552 tuae
731 1497 886 1567 proluerint
935 1494 1087 1563 proprium,
1102 1509 1136 1550 ex
1151 1495 1257 1552 meritis
1270 1511 1325 1550 uon
1338 1497 1512 1568 proveniunt.

99 1592 208 1662 justitiae
221 1598 269 1644 aut
283 1589 365 1645 ildeii

395 1678 510 1736 CAPUT
536 1678 581 1735 lx·
1246 1630 1361 1687 CAPUT
1376 1631 1411 1688 X.

121 1773 190 1828 Unde
205 1773 269 1844 filiis
284 1780 445 1843 prosperoet
458 1769 657 1836 aduersando
671 1771 758 1842 plicet
770 1771 865 1827 solute.

136 1865 186 1921 Sed
202 1865 250 1920 iiiii
266 1880 338 1934 saepe
354 1872 497 1934 parentum
515 1875 563 1921 aut
583 1863 612 1918 iu
630 1863 753 1919 dolorem
774 1841 922 1920 miserisB
973 1854 1027 1912 Sed
1049 1872 1083 1912 er
1102 1857 1154 1913 lide
1177 1857 1329 1927 justitiam,
1350 1875 1383 1914 er
1403 1859 1510 1929 justitia
1532 1861 1728 1918 beatitudiuem

99 1960 186 2016 modis
198 1959 289 2014 divina
303 1957 509 2028 dispensatione
523 1963 695 2027 torquentur,
708 1963 755 2011 aut
767 1955 886 2013 fortasse
934 1949 1079 2019 provenire
1092 1965 1173 2006 nemo
1186 1949 1303 2021 ignom,
1319 1951 1366 2022 (lui
1389 1951 1549 2022 Apostolum
1564 1955 1622 2010 sive
1640 1954 1731 2012 Evau-

99 2052 129 2107 ιιι
136 2051 332 2122 jucunditatem
341 2048 461 2118 gloriose
470 2047 690 2118 magnificantur.
705 2045 776 2103 Num
786 2049 885 2103 merita
934 2041 1035 2111 pelium
1047 2041 1189 2111 intelligat.
1206 2039 1350 2108 Quomodo
1364 2059 1448 2115 ergo:
1464 2043 1527 2100 Nisi
1543 2047 1601 2116 qaia
1622 2058 1730 2104 renatus

98 2151 240 2216 parentum
254 2143 283 2198 in
297 2140 362 2196 liliis
376 2146 492 2196 coronat
510 2148 557 2196 aut
581 2140 681 2210 punit?
700 2154 884 2211 nequidquam.
935 2133 1015 2203 luem
1027 2149 1060 2188 ea
1071 2150 1141 2204 aquo
1154 2143 1178 2188 et
1190 2133 1390 2201 Spiritusaaoto
1400 2152 1451 2192 non
1463 2136 1573 2192 introbit
1583 2139 1611 2194 io
1622 2156 1730 2211 regnum

98 2234 154 2290 imo
165 2235 297 2291 severitas
307 2247 340 2287 ac
353 2232 440 2303 pietas
456 2231 654 2302 dispensatoris
669 2231 697 2286 iu
711 2230 775 2286 liliis
786 2245 886 2301 pareu-
935 2225 1082 2282 coelorum?
1097 2224 1187 2290 (loon.
1198 2242 1240 2291 ιιι,
1256 2226 1296 2288 i.l
1311 2225 1447 2294 Quoniam
1461 2229 1535 2284 euim
1555 2245 1589 2286 er
1609 2233 1731 2288 necessi-

97 2326 307 2383 tescousolatur
321 2339 354 2379 ae
377 2322 528 2380 desolatur.
548 2321 744 2380 Verumtamen
758 2323 885 2393 quamvis
935 2322 992 2372 iaie
1002 2316 1095 2388 illilus
1111 2316 1228 2388 (illisque
1243 2331 1286 2372 8⁵1
1300 2333 1334 2373 ex
1349 2317 1412 2384 fide,
1428 2335 1476 2389 litt
1490 2319 1571 2376 fidem
1586 2329 1678 2378 tillem
1696 2321 1731 2378 ad

98 2421 166 2476 tides
179 2426 262 2490 atque
277 2417 352 2472 salus
366 2424 484 2487 utraque
495 2432 529 2470 er
540 2415 627 2486 gratia
637 2414 770 2486 originem
781 2413 884 2479 trabat,
934 2409 1101 2480 baptismum
1113 2409 1262 2474 acceditur,
1278 2409 1382 2482 liquido
1393 2420 1501 2468 constat
1513 2421 1577 2470 aute
1591 2415 1731 2472 lavacrum

97 2519 187 2566 tumen
208 2508 271 2564 ildei
295 2505 455 2570 illustratio,
478 2505 595 2576 vitaque
618 2503 755 2560 correctio
775 2503 886 2573 proprie
935 2500 1074 2556 bominem
1086 2499 1171 2558 luisse
1181 2500 1299 2571 justum,
1309 2517 1361 2558 nec
1371 2503 1444 2558 enim
1452 2513 1561 2574 poterat
1571 2507 1661 2574 itdeur,
1672 2523 1731 2580 quot

96 2601 244 2658 ascribitur
256 2597 455 2670 gratia;salus
471 2606 563 2652 autem
584 2595 692 2652 meritis
713 2595 886 2667 151borrae
934 2605 981 2658 per
990 2589 1155 2645 dilectionem
1166 2599 1300 2661 operatur,
1319 2591 1453 2657 obtinere,
1470 2603 1498 2650 et
1518 2595 1638 2666 injustus
1656 2614 1731 2656 csse.

95 2693 168 2748 rita.
187 2690 257 2746 Nam
283 2689 347 2745 licet
360 2704 394 2745 er
418 2689 616 2761 supplicatione
642 2688 763 2744 bominis
791 2694 886 2759 surgat
936 2681 1172 2748 Quoniamautern
1193 2691 1256 2754 post
1270 2684 1463 2744 discretionem
1486 2689 1621 2760 baptisma
1641 2691 1732 2748 cilica-

1010 1743 1148 1812 Quomodo
1164 1761 1215 1799 uon
1234 1747 1419 1819 soluetarqta's
1434 1748 1487 1804 nisi
1498 1747 1656 1820 baptizetur.

95 2798 295 2855 nonuunquam
317 2782 385 2838 ildes
401 2783 463 2853 eius
482 2789 565 2853 atque
586 2780 746 2851 castigatio,
767 2779 830 2835 licet
850 2796 886 2835 ex
936 2775 1007 2830 ciam
1023 2773 1138 2832 sortitur
1151 2791 1184 2831 etr
1193 2775 1245 2832 lrde
1260 2775 1399 2849 (quoniam
1414 2780 1518 2852 absque
1531 2781 1584 2838 ilde
1592 2782 1732 2843 lavacrum

95 2878 157 2933 sola
170 2877 258 2947 gratia
273 2882 304 2930 ut
326 2877 355 2932 ιιι
379 2876 500 2946 parvulis
517 2875 592 2930 satus
607 2874 767 2945 plerumque
788 2889 886 2943 pruve-
935 2866 1006 2922 nibil
1015 2867 1196 2942 valeret)‚cur
1206 2883 1261 2924 non
1271 2877 1299 2925 et
1312 2880 1375 2928 ante
1383 2872 1551 2930 ablutionem
1563 2890 1649 2946 aquae,
1664 2876 1732 2936 tides

94 2967 166 3030 rtiat,
181 2974 210 3020 at
225 2967 255 3021 ιιι
268 2964 370 3022 adultis
382 2965 510 3021 meritum
522 2965 601 3020 bouae
610 2964 673 3020 vitre
686 2964 770 3035 erigit
785 2970 817 3018 ut
831 2963 887 3019 sal·
936 2958 1009 3032 quod
1024 2959 1067 3015 sui
1082 2959 1154 3029 juris
1167 2967 1221 3026 est,
1236 2963 1388 3018 secuudum
1404 2962 1572 3035 Scripturas,
1593 2967 1732 3037 justitiam

93 3067 205 3115 ventur.
219 3055 298 3113 Unde
312 3055 401 3112 reddet
415 3057 556 3128 unicuiqae
564 3057 647 3127 juata
663 3071 742 3125 opero
753 3054 799 3128 (il
814 3056 883 3111 Tim.
936 3051 1087 3122 operetur?
1100 3049 1178 3107 Unde
1193 3051 1325 3111 Dominus
1347 3057 1457 3115 beatum
1479 3056 1618 3115 Simonem
1636 3059 1733 3130 Barjo·

93 3167 135 3214 rr,
150 3147 921 3244 titiasepiusabsquehomiliissuppiieatloueidesc
936 3159 1001 3198 nam
1016 3144 1122 3215 judicat
1142 3143 1252 3216 (iiottlt.
1278 3163 1334 3212 ιιι,
1352 3149 1408 3221 li),
1434 3149 1483 3207 sed
1507 3161 1619 3224 propter
1639 3153 1731 3210 sidem.

91 3244 158 3314 ejus
178 3243 276 3308 oritur,
295 3249 324 3298 et
345 3242 533 3314 persapevita
554 3241 645 3297 subito
658 3241 730 3295 mala
751 3247 883 3297 mutatur.
938 3236 1038 3292 Eadem
1049 3236 1084 3293 de
1096 3252 1181 3293 causa
1196 3238 1298 3294 latroni
1318 3240 1436 3298 dicitur:
1453 3241 1539 3297 Hodie
1558 3246 1731 3302 macomeria

91 3333 129 3387 Et
142 3332 276 3405 quidquid
289 3333 406 3404 quisque
416 3333 481 3389 dum
496 3333 586 3390 malus
599 3339 641 3389 est
653 3333 796 3404 beneagit,
807 3333 886 3404 quasi
939 3330 966 3384 io
980 3329 1106 3400 paradiso
1115 3329 1190 3402 (tre.
1203 3346 1285 3400 xxvvi,
1299 3332 1356 3406 td).
1368 3331 1525 3406 inutraque
1538 3335 1618 3392 fidem
1630 3338 1734 3407 ampie-

91 3426 123 3480 in
141 3427 257 3481 nibilum
271 3426 415 3497 redigitur,
424 3433 455 3480 ut
468 3426 491 3482 si
503 3425 570 3481 iides
581 3433 628 3482 aut
639 3425 711 3481 bona
721 3427 778 3480 vita
793 3435 887 3482 secuta
937 3432 1025 3493 cteus,
1041 3441 1093 3481 nec
1106 3427 1239 3485 iatronem
1260 3436 1432 3486 sacramento
1451 3430 1666 3500 regenerationis
1687 3446 1734 3486 as·

90 3515 191 3582 luerit,
208 3533 262 3574 non
285 3518 394 3582 merito,
410 3518 459 3575 sed
479 3519 576 3589 gratiae
587 3519 732 3573 tribuatur.
749 3517 887 3590 Quidquid
940 3515 1197 3588 triugeus,aiterum
1206 3520 1385 3586 beatitudine,
1398 3521 1513 3577 alterurn
1523 3521 1607 3578 donat
1620 3523 1732 3594 requie:

89 3609 338 3666 autemvirboaas
348 3609 417 3666 bene
427 3610 494 3682 agit,
506 3610 888 3683 quoniamidvigetdignum-
938 3607 1002 3663 iicet
1015 3607 1086 3663 euirrr
1101 3610 1171 3666 latro
1187 3611 1215 3666 ιιι
1239 3627 1361 3678 carcere,
1381 3621 1430 3668 aut
1443 3621 1517 3680 aute,
1532 3615 1666 3686 baptizari
1681 3631 1733 3687 po·

87 3715 151 3773 que
165 3708 210 3756 est
229 3702 352 3772 praemio,
379 3709 452 3756 reete
478 3702 533 3757 tale
547 3701 659 3767 dicitur,
681 3710 794 3773 propter
813 3703 886 3774 quod
938 3699 1033 3765 tuerit,
1045 3700 1157 3757 minime
1169 3709 1262 3757 tamen
1277 3703 1303 3758 id
1328 3703 1446 3772 videtur,
1461 3711 1520 3758 tum
1542 3705 1607 3776 quia
1626 3706 1669 3762 lex
1684 3706 1734 3762 ba·

87 3793 175 3848 salus
184 3807 217 3847 er
240 3793 340 3848 merito
363 3793 444 3863 plane
458 3792 521 3847 data
536 3791 713 3865 intelligatur.
736 3793 888 3850 Conversio
937 3793 1031 3862 ptismi
1045 3791 1244 3850 nondumadeo
1258 3793 1459 3866 divulgabatur,
1471 3804 1528 3852 tum
1538 3799 1656 3855 maxime
1667 3799 1733 3871 quia

86 3901 165 3956 ergo
184 3891 259 3941 recte
278 3885 360 3940 datur
374 3885 478 3956 gratiae,
494 3887 625 3955 quonlam
646 3886 670 3941 si
692 3885 765 3957 quod
785 3886 888 3940 bouum
937 3885 1045 3939 videtur
1059 3900 1122 3940 curu
1138 3884 1224 3941 altero
1238 3885 1453 3956 blasphemasse,
1467 3896 1569 3960 etpost
1581 3890 1733 3948 admiratus

86 3977 246 4041 antecedit,
262 3977 301 4032 ita
315 3993 454 4050 exsangue
467 3982 521 4041 est,
537 3985 567 4033 ut
581 3979 709 4034 meritum
730 3979 885 4035 couversio-
937 3991 999 4047 qua
1014 3976 1114 4032 iiebant
1127 3977 1156 4033 in
1176 3979 1422 4054 crucecredidisse
1446 3979 1533 4054 (ιιι).
1565 3981 1643 4038 Sicut
1666 3999 1733 4054 ergo

84 4071 140 4124 nis
156 4068 213 4124 dici
226 4069 300 4124 baud
321 4069 429 4126 debeat.
456 4069 537 4124 Salus
557 4078 649 4127 auteur
663 4070 717 4125 rite
736 4069 888 4143 imputatur
938 4078 1095 4126 sanctorum
1107 4069 1219 4126 Petrum
1238 4071 1374 4126 diarcham
1390 4073 1467 4144 prius
1479 4087 1512 4130 ex
1529 4073 1581 4130 lrde
1596 4075 1733 4144 justillca·

83 4161 216 4224 meritis,
231 4163 362 4233 quoniam
382 4178 417 4218 ex
437 4162 568 4219 thesauro
581 4163 634 4218 viri
644 4163 710 4218 boui
730 4179 794 4219 vere
815 4163 887 4220 bona
938 4171 993 4229 tuo,
1010 4171 1072 4234 post
1085 4171 1286 4221 sacramentum
1295 4164 1516 4222 circumcisionis
1524 4167 1552 4221 in
1566 4157 1674 4237 signum
1690 4168 1733 4223 iu·

80 4256 287 4329 proferuntur.
854 4313 857 4320 ,
938 4256 1048 4312 terioris
1056 4256 1112 4327 jam
1124 4263 1260 4328 perceptae
1270 4257 1386 4328 accepit,
1403 4257 1441 4312 ita
1453 4257 1500 4313 lviii
1511 4258 1571 4328 ejus
1581 4275 1629 4330 per
1639 4259 1731 4324 iidem,

126 4345 247 4403 Rectius
261 4355 352 4403 tamen
369 4347 394 4402 si
412 4363 470 4404 rem
491 4347 656 4420 profundius
669 4347 812 4414 rimemur,
831 4363 889 4404 netu
938 4363 970 4402 cr
986 4346 1037 4402 ilde
1052 4347 1129 4417 prius
1138 4347 1335 4417 justificantur,
1348 4357 1410 4419 post
1432 4357 1634 4406 sacramentum
1654 4352 1733 4406 abiu·

80 4441 188 4497 solum
201 4438 279 4505 lides,
294 4455 391 4494 rerum
404 4446 432 4495 et
442 4439 503 4510 ipsa
512 4441 587 4496 salus
601 4455 633 4495 er
648 4440 736 4512 gratia
750 4447 809 4508 est;
824 4456 887 4496 nam
940 4439 1023 4495 tionis
1039 4438 1188 4510 insignum
1207 4439 1345 4495 interioris
1356 4440 1413 4510 jam
1429 4451 1563 4511 perceptae
1577 4449 1731 4500 assumunt.

80 4533 113 4591 si
132 4533 256 4604 pretium
271 4531 333 4588 fidei
353 4533 512 4603 pensaveris
532 4539 614 4603 atque
634 4532 741 4598 salutis,
757 4533 890 4606 quidquid
904 4543 927 4603 n
941 4531 975 4585 Et
986 4531 1059 4586 sicut
1073 4531 1118 4586 iile
1133 4531 1161 4586 iu
1173 4540 1300 4602 percepta
1317 4531 1395 4604 152
1408 4531 1465 4602 jam
1477 4533 1585 4603 justitia
1599 4547 1654 4589 nou
1670 4549 1733 4606 por·

78 4639 147 4697 pro
167 4622 220 4678 ilde
233 4623 358 4678 habenda
374 4622 464 4694 agitur
478 4622 557 4694 quasi
578 4623 728 4692 pronihilo
747 4624 889 4695 reputabi·
940 4629 1072 4685 muneret,
1090 4621 1113 4678 si
1124 4623 1282 4678 mandatum
1294 4621 1342 4678 liei
1356 4623 1496 4695 negligens
1510 4625 1670 4682 circumcidi
1687 4643 1732 4684 rc-

76 4729 159 4787 tur;
173 4718 305 4791 quidquid
315 4715 633 4790 prosalutcinsuliicicns
643 4717 757 4773 nimium
768 4719 889 4790 reperie-
940 4723 1067 4785 spueret;
1089 4716 1128 4770 ita
1151 4715 1198 4770 isti
1212 4715 1289 4785 prius
1301 4715 1370 4786 justi
1395 4731 1457 4772 mor
1472 4715 1570 4774 licceat
1584 4719 1690 4789 injusti,
1708 4721 1733 4777 si

77 4819 152 4877 tur,
172 4819 202 4867 ut
216 4812 274 4866 sola
292 4812 328 4867 sit
342 4811 430 4882 gratia
444 4809 646 4881 Omnipoteutis
656 4818 733 4866 tanta
746 4812 890 4884 largitione
940 4814 1035 4860 contra
1056 4803 1240 4862 obedientiam
1254 4806 1390 4878 baptizari
1404 4818 1574 4865 recusarent.
1597 4809 1643 4867 sie
1656 4813 1733 4867 sordi

76 4904 191 4976 digua.
219 4901 272 4970 Qui
291 4917 358 4974 ergo
378 4901 572 4974 proprietatem
594 4901 635 4957 rei
650 4901 786 4974 loquendo
799 4902 891 4972 erpri-
939 4897 1058 4953 contrito
1072 4903 1100 4953 et
1112 4897 1255 4953 humiliato
1269 4915 1333 4955 mor
1345 4900 1426 4956 venia
1438 4901 1600 4958 conceditur
1615 4905 1731 4975 peccati,
1776 4945 1779 4952 .

75 5008 176 5052 merc
188 4993 315 5058 voluerit,
331 4993 355 5051 is
369 4993 458 5049 dicat:
472 4991 555 5049 Fides
566 5003 610 5049 est
623 5009 657 5049 ex
678 4994 784 5066 gratia;
799 4995 889 5050 nttssa-
939 5006 1054 5048 necesse
1075 4998 1167 5046 tamea
1181 4999 1224 5047 est
1243 4999 1338 5062 postea
1353 4993 1487 5050 couilteri.
1511 4992 1540 5050 Si
1563 4995 1627 5067 quis
1641 5003 1733 5052 tamen

76 5093 182 5143 tenus
195 5086 285 5142 dicat:
300 5084 382 5142 Fides
394 5091 437 5143 est
451 5101 486 5141 ex
503 5084 626 5140 meritis:
642 5084 691 5140 Dei
702 5086 772 5140 enim
791 5085 890 5140 donum
940 5085 1024 5142 corde
1034 5084 1152 5140 contrito
1165 5092 1228 5140 ante
1241 5085 1442 5144 confessionem
1458 5096 1546 5144 morte
1564 5088 1646 5144 luerit
1667 5103 1735 5160 pra«-

72 5188 142 5242 εει,
161 5175 506 5248 εοιιέεορειιιιιι(ιῖριιεε.
524 5191 556 5240 ιι,
568 5175 596 5249 8)
609 5177 726 5243 ;merito
738 5175 889 5246 exjustitia
939 5186 1101 5248 occupatus,
1124 5192 1159 5233 ne
1177 5185 1271 5249 pereat
1281 5181 1456 5251 compunctio
1466 5181 1611 5238 intercedit
1643 5179 1734 5248 Quare

71 5273 215 5330 debetur
225 5270 378 5341 praemium.
393 5266 473 5340 iiiiii
482 5274 576 5324 autern
589 5268 644 5324 tale
656 5269 757 5340 agitur,
768 5270 842 5326 uude
854 5285 889 5326 er
939 5272 987 5342 qui
1002 5271 1055 5342 jam
1064 5270 1158 5342 justus
1168 5277 1211 5326 eat
1220 5286 1252 5327 er
1261 5271 1323 5336 lide,
1342 5288 1376 5328 ne
1385 5280 1481 5343 pereat
1492 5271 1576 5328 devia
1589 5273 1675 5343 justa,
1688 5274 1735 5329 ba·

72 5363 155 5438 jaare
174 5361 242 5419 lidos
253 5362 400 5418 debeatur:
423 5360 492 5418 iides
503 5377 570 5434 ergo
585 5379 619 5418 ex
632 5361 739 5418 meritis
752 5378 807 5418 uon
825 5370 887 5431 est:
940 5364 1059 5435 ptizetur
1075 5363 1106 5417 in
1121 5361 1190 5430 ude,
1206 5363 1230 5420 si
1249 5363 1322 5418 euim
1337 5363 1475 5418 lavacrum
1491 5365 1606 5434 speruit,
1628 5363 1686 5434 jam
1699 5361 1734 5419 ab

70 5456 141 5513 Dei
158 5454 340 5512 enirndonara
356 5463 406 5519 est,
421 5469 475 5508 non
489 5469 523 5508 es
535 5452 666 5524 operiim.
679 5451 749 5508 Nam
764 5454 890 5525 quamvis
939 5472 972 5512 ea
983 5455 1035 5510 srtle
1047 5455 1149 5510 excidit
1163 5471 1223 5527 qua
1245 5455 1482 5527 perdilectionem
1498 5455 1734 5528 operatanuod

65 5565 119 5608 ex
139 5546 398 5618 supplicationibus
412 5545 553 5601 homiuum
567 5545 635 5602 iides
647 5545 810 5618 justitiaque
831 5547 890 5617 pie-
940 5547 964 5602 si
974 5553 1062 5601 morte
1078 5553 1234 5616 praeventus
1250 5561 1266 5600 a
1281 5547 1390 5602 lavacro
1404 5548 1620 5620 regenerationis
1634 5562 1735 5620 praepo·

63 5653 215 5709 rrrrnque
229 5643 335 5712 surgat,
348 5645 441 5693 ιειιιειι
454 5637 587 5708 quoniam
599 5635 672 5694 Deua
685 5638 888 5695 etvoluutatem
939 5637 1023 5704 ditu'r,
1039 5637 1103 5710 quia
1117 5647 1194 5696 extra
1211 5637 1418 5695 tundamentum
1429 5654 1485 5696 non
1499 5649 1552 5706 est,
1570 5640 1660 5712 perire
1678 5653 1735 5696 uou

61 5731 272 5803 supplicandi
286 5730 440 5801 inspiravit,
454 5744 489 5786 er
501 5744 556 5800 quo
568 5737 627 5784 est:
640 5727 675 5783 iit
686 5729 759 5797 ociis,
771 5738 796 5786 et
810 5731 889 5800 perti-
939 5738 1038 5802 potest.

118 5824 210 5899 (ἥδ)
227 5821 281 5881 lata
296 5823 437 5880 leniuntur
450 5823 539 5894 capite
552 5823 690 5894 sequenti.
976 5823 1050 5896 iiiii
1067 5821 1134 5880 lide
1154 5825 1235 5898 Aug,
1251 5824 1299 5882 lib.
1315 5822 1417 5892 errcst.
1441 5822 1630 5896 superlrcvit,
1641 5837 1671 5894 q.
1686 5821 1733 5882 ii.
