3967 6334
84 397 158 456 iasa
510 397 674 458 1111111
693 399 807 456 REBUS
825 397 858 452 ut
879 397 998 455 nbula.
1023 398 1091 456 SUh
1110 401 1243 462 cussis,
1644 403 1715 461 1131

81 517 158 572 ritus
172 516 260 571 sancti
272 517 523 574 anathematizavit.
545 517 602 575 Nos
613 527 704 574 autem
722 518 911 574 11111111-11
927 514 1118 572 immaterialia
1139 519 1340 583 transferenda,
1371 520 1488 577 honesta
1519 518 1661 577 meditatio
1672 521 1714 576 in·

82 609 177 664 thema
191 608 306 666 inferias
317 611 346 665 in
356 626 439 666 cruce
454 612 586 666 intitulari
599 613 723 668 iacimus.
928 609 1026 664 sistere
1034 611 1213 680 persuaderet
1225 631 1233 680 3
1248 613 1342 669 videor
1351 615 1444 671 videre
1454 630 1498 672 me
1514 617 1594 686 quasi
1604 615 1655 671 sub
1666 617 1716 670 ali-

119 701 276 772 Principale
291 705 374 774 igitar
388 703 460 759 beati
475 702 599 775 Dionysii
627 706 723 768 altaro,
749 703 792 758 cui
812 709 880 756 tan-·
926 715 980 768 qua
995 708 1126 756 extranea
1150 703 1228 758 orbis
1246 707 1382 758 terrarum
1398 705 1488 776 plaga,
1505 720 1566 776 qua
1589 721 1641 761 nec
1660 712 1717 761 teta

78 804 143 849 tuna
158 795 280 850 anterior
291 797 384 850 tabula
398 812 413 850 a
425 795 524 851 Car-ala
539 796 624 852 Calvo
640 797 805 867 imparatam
819 801 876 850 ter·
927 792 963 845 sit
976 791 1005 846 in
1019 798 1157 848 terrarum
1173 793 1251 859 faece,
1262 811 1314 851 nec
1327 802 1385 852 tota
1401 797 1428 851 in
1443 797 1506 852 coeli
1532 797 1653 868 puritate
1667 797 1716 854 do·

78 889 121 942 tio
133 889 258 959 speciosa
269 897 297 944 et
326 890 446 961 pretiosa
470 890 632 956 habebatur,
645 891 709 960 quia
729 889 817 943 eidem
841 887 875 942 ad
926 886 1040 949 morari,
1057 886 1091 941 ah
1102 888 1154 942 hac
1167 889 1249 942 etiam
1270 888 1393 944 infcriori
1407 890 1441 945 ad
1458 891 1531 944 illam
1546 891 1715 961 superiorem

77 983 268 1037 monasticum
291 983 462 1053 propositum
493 983 579 1040 oblati
608 982 723 1047 inimus,
745 989 874 1036 «renatam
925 976 1161 1047 attugogicomore
1174 975 1229 1033 lico
1244 978 1362 1034 donante
1375 994 1456 1049 posse
1473 979 1628 1037 transferri.
1641 980 1716 1043 Con·

75 1072 114 1126 iri
131 1075 355 1138 acceleravimus,
366 1083 394 1130 ct
406 1075 514 1147 utrique
525 1076 605 1132 lateri
620 1092 719 1131 arrreas
733 1091 873 1146 apponcn·
925 1065 998 1122 serie
1010 1069 1214 1125 0018111111111
1240 1069 1507 1144 1111105011111111118,
1519 1081 1546 1130 11
1570 1076 1715 1146 aillamis·

74 1163 117 1220 do
137 1167 255 1232 tabutas,
269 1175 395 1239 quartam
411 1168 493 1224 eriam
518 1171 719 1240 pretiosiorem,
732 1175 762 1223 m
786 1175 873 1223 roam
925 1159 995 1215 sime
1009 1161 1162 1228 addiscere,
1183 1164 1284 1234 quibus
1298 1163 1715 1241 Constantinopolitanaepatue-

73 1259 297 1330 circamquaqnc
310 1261 397 1315 altare
413 1267 557 1331 appareret
581 1275 705 1325 aureum,
724 1259 873 1315 attollendo
924 1261 986 1308 11111
1000 1270 1083 1326 gatte.
1097 1263 1125 1311 et
1142 1255 1249 1313 Sanctae
1263 1258 1371 1330 Sophiae
1386 1271 1558 1327 ornamenta,
1575 1271 1668 1317 utrum
1679 1261 1714 1316 ad

73 1350 262 1421 circumcingi
279 1349 397 1407 lecimus
413 1371 420 1408 ι
434 1352 638 1409 collateralibus
653 1352 874 1424 quiderncande-
923 1348 1154 1416 comparationem
1179 1350 1287 1406 iliorum
1308 1353 1366 1408 hacc
1384 1354 1488 1426 aliquid
1515 1355 1605 1410 valere
1631 1353 1716 1409 ‹lehc-

72 1441 160 1498 11111
174 1444 273 1516 viginti
289 1460 446 1500 marearum
467 1445 537 1510 111,
561 1447 634 1516 regis
658 1445 789 1500 Lacones
812 1445 874 1500 utri·
923 1437 1059 1505 11111111
1083 1441 1218 1497 eunoaee
1246 1443 1352 1514 111111
1376 1444 1537 1512 faterentur,
1558 1447 1649 1503 risum
1671 1455 1715 1503 est

72 1531 158 1604 lippi,
175 1549 209 1589 ne
224 1548 388 1605 quacunque
401 1535 549 1591 occasione
572 1542 745 1606 raperentur,
770 1535 872 1592 ibidem
923 1531 1003 1586 nohis
1016 1533 1088 1603 qttud
1098 1535 1197 1590 timore
1206 1532 1376 1591 Francorum
1398 1538 1638 1610 admirandaque
1663 1555 1712 1593 an-

72 1623 248 1696 deponentes
266 1626 444 1699 hyacinthos,
465 1628 672 1700 smaragdines,
694 1643 872 1700 quascunque
922 1631 965 1688 tea
982 1625 1156 1683 audieramus
1172 1633 1251 1683 caute
1264 1629 1384 1699 reposita
1396 1641 1504 1701 essent;
1516 1648 1551 1686 ne
1565 1633 1713 1687 stultorum

71 1731 202 1786 gemmas
214 1719 348 1790 pretiosas
364 1721 554 1790 apposuimus,
569 1727 596 1778 ct
609 1721 785 1792 apponendas
808 1722 871 1777 dili·
922 1719 988 1790 aliar
998 1733 1077 1774 orum
1091 1720 1244 1791 impetuosa
1255 1724 1406 1794 rapacitate
1421 1723 1579 1780 Graecoram
1599 1722 1713 1781 111111-

70 1819 175 1878 genicr
188 1811 333 1880 quaeritare
346 1811 528 1869 decrevimus.
538 1811 662 1879 Quorum
676 1813 788 1885 quidem
809 1831 870 1870 ver·
922 1826 1020 1866 norum
1044 1811 1131 1867 ascita
1158 1812 1329 1870 familiaritas
1358 1815 1388 1870 in
1398 1816 1559 1872 seditionem
1576 1823 1603 1872 et
1627 1817 1712 1872 bello·

71 1913 126 1956 sus
142 1901 169 1954 hi
181 1908 245 1956 sunt
260 1920 266 1958 :

111 1990 146 2047 ln
160 1994 257 2049 dextro
267 1993 354 2051 latere
368 2014 375 2050 :

167 2081 226 2138 iios
238 2100 293 2137 aroe
307 2083 412 2138 tabulas
426 2087 515 2154 paruit
526 2083 653 2157 Superius
665 2085 757 2146 ubios,

167 2153 270 2209 Frater
284 2172 341 2210 eom
357 2172 436 2226 quom
448 2171 496 2209 reo
511 2154 629 2210 lioralus
640 2167 700 2211 aute
715 2157 796 2215 dedit.

167 2223 376 2297 indioaasoenio
388 2227 430 2296 iac
444 2226 537 2298 dionae
557 2227 635 2298 l'irpo
653 2227 753 2284 diario.

165 2295 241 2367 lieois
251 2305 277 2351 et
296 2297 399 2353 obbatis
414 2298 488 2352 mola
501 2297 609 2354 mundet
621 2299 805 2369 [auspicaris.

107 2383 143 2441 in
158 2386 271 2442 sinistro
286 2387 371 2444 latere
386 2406 393 2446 :

168 2478 199 2536 Si
210 2480 268 2549 quia
278 2481 437 2550 praeturam
453 2483 604 2551 spoliauerit
615 2485 710 2554 impius
726 2500 803 2538 oram

164 2548 251 2622 AEqoe
262 2551 404 2608 domaratus
425 2563 514 2624 pereat
525 2552 605 2608 audo
617 2557 744 2611 sociatur.
765 2553 768 2558 '

922 1919 983 1957 rum
995 1903 1124 1959 scandala
1139 1905 1232 1960 subito
1256 1915 1423 1966 moveretur.
1435 1907 1543 1964 Astatia
1557 1910 1629 1964 enim
1641 1925 1712 1980 prac-

921 1997 1001 2067 cipue
1014 1995 1173 2053 Graecorum
1195 2005 1248 2054 est.
1271 1997 1349 2054 Unde
1365 1998 1422 2055 lieri
1437 1999 1525 2071 potnit
1551 2007 1581 2054 ut
1605 2000 1711 2069 majora

921 2089 976 2144 sint
990 2089 1107 2160 quaehic
1122 2090 1174 2146 sub
1185 2097 1245 2146 tuto
1270 2093 1391 2162 reposita
1418 2100 1560 2164 apparent,
1577 2107 1658 2164 quam
1677 2107 1711 2147 ea

919 2196 980 2253 quae
994 2195 1050 2236 non
1068 2189 1128 2236 tuto
1143 2190 1255 2253 propter
1270 2184 1399 2239 scandala
1414 2183 1514 2240 ibidem
1524 2185 1710 2256 relictaappa-

918 2279 1045 2328 ruerunt.
1060 2271 1226 2329 Admiranda
1237 2275 1372 2345 siquidem
1382 2283 1409 2332 et
1430 2276 1487 2332 iere
1512 2277 1712 2332 incredibiliora

918 2363 986 2419 viris
997 2364 1126 2421 veridicis
1136 2366 1358 2436 quunrpiuribus,
1386 2369 1461 2423 ctah
1485 2367 1616 2438 episeopo
1635 2366 1710 2422 Lau·

918 2455 1036 2512 dunensi
1051 2456 1175 2528 1111111,
1192 2459 1219 2514 11
1237 2459 1421 2515 celebratione
1435 2460 1537 2526 missae,
1551 2460 1585 2516 de
1601 2459 1710 2514 Sanctae

920 2545 1030 2620 Sophiae
1043 2557 1267 2603 ornamentorum
1284 2549 1474 2620 praerogativa,
1487 2565 1596 2606 necnon
1608 2557 1635 2605 et
1646 2551 1711 2604 alia·

111 2641 282 2700 Veiepiorem
299 2662 365 2702 voi-o
381 2647 501 2702 [obuiam
515 2647 586 2703 mii-o
604 2663 686 2720 oooro
701 2654 867 2720 sumptuque
917 2655 980 2693 rum
992 2640 1171 2696 eeclesiarum
1187 2641 1372 2698 audieramus.
1389 2642 1455 2709 Quae
1469 2643 1492 2697 Si
1508 2643 1546 2696 ita
1562 2651 1636 2703 sunl,
1654 2642 1710 2697 11110

65 2733 203 2806 ppoi‘ooo⁹
223 2737 355 2808 quonian]
375 2737 485 2794 boi-bari
499 2745 526 2793 ei
541 2738 713 2810 profusiores
734 2738 867 2796 nostrati.
918 2730 982 2800 quia
997 2745 1093 2786 eorum
1115 2732 1272 2787 testimonio
1292 2733 1403 2788 11116816
1422 2734 1571 2798 010111111118,
1587 2741 1643 2788 tam
1668 2734 1711 2786 iu-

67 2826 635 2902 bosemn12f21fl0e3‚caniformaquam
653 2832 866 2888 mosomio.
917 2823 1090 2879 aestimabilia
1105 2839 1187 2894 quam
1217 2824 1442 2894 incomparabilia
1461 2825 1609 2878 multorum
1634 2824 1711 2896 iudi-

66 2918 135 2984 hili,
151 2918 270 2991 anaglifo
297 2927 468 2991 opere‚uta
496 2922 662 2992 qrrihusdam
683 2921 738 2976 dici
765 2923 863 2993 possit,
917 2915 960 2970 cia
994 2923 1204 2986 exponerentur.
1236 2914 1363 2971 Abundat
1383 2917 1574 2988 unusquisque
1595 2917 1622 2970 in
1654 2931 1713 2972 suo.

65 3013 219 3068 materiam
243 3015 392 3083 superabat
420 3029 501 3084 opas,
526 3014 685 3073 extulimus.
711 3013 793 3068 hlalta
830 3015 865 3070 de
918 3023 1011 3064 sensa.
1030 3005 1094 3061 llibi
1120 3005 1209 3062 iatear
1227 3008 1281 3062 hoc
1304 3007 1481 3078 potissimum
1506 3009 1654 3078 placuisse,
1681 3015 1710 3061 ut

65 3104 229 3174 acqrvisitis‚
245 3106 325 3175 plura
352 3106 386 3162 de
413 3107 515 3176 quibus
532 3106 656 3162 eeclesiae
681 3108 862 3173 ornamentis,
915 3114 1085 3170 quaecunque
1100 3099 1219 3165 0111011,
1245 3100 1582 3170 11133011118011135111131
1609 3116 1707 3156 11010·

61 3214 134 3267 ,iuae
150 3199 263 3268 pei-dere
282 3199 456 3266 timebamus,
468 3199 596 3256 videlicet
611 3201 862 3272 pededecureatum
878 3225 901 3284 C
918 3196 1022 3246 sanctae
1040 3189 1220 3245 Eucharistiae
1242 3190 1475 3245 administrationi
1501 3207 1584 3262 saper
1615 3193 1709 3246 amula

62 3289 188 3344 calicem
202 3304 328 3356 aureum,
341 3290 502 3361 etqaaedam
514 3291 567 3344 alia
577 3290 677 3346 ibidem
686 3291 785 3362 corrilgi
795 3291 862 3346 icci-
918 3283 1057 3356 deservire
1074 3284 1200 3339 debeant·
1218 3283 1246 3338 Si
1260 3284 1389 3339 1111101111
1418 3301 1511 3350 aurea,
1527 3287 1549 3340 Si
1566 3287 1634 3341 5³¹oe
1658 3301 1708 3340 {¹¹¹-

62 3395 145 3436 fflug,
162 3379 195 3435 Ei
212 3382 438 3452 quoniomtooiia
452 3383 529 3438 pisus
554 3384 712 3455 cognitione
738 3385 863 3440 materiei
915 3373 1379 3438 1111,11111101111101111111111
1400 3376 1542 3430 collectam
1565 3374 1715 3448 sanguinii

62 3471 231 3540 diversitas,
245 3474 317 3540 auri,
328 3490 509 3552 gemmarum,
524 3476 668 3542 unionum,
687 3476 792 3548 absque
816 3477 865 3534 dc-

61 3564 224 3634 scriptione
234 3565 315 3622 facile
324 3582 380 3622 non
400 3553 588 3640 cognoscitur,
604 3584 675 3640 opas
699 3569 773 3640 quod
795 3571 863 3628 solis

61 3663 148 3726 patet
159 3657 296 3728 litteratis,
311 3657 385 3730 quod
396 3659 588 3731 allegoriarum
610 3661 796 3731 iocundarum
818 3662 864 3732 ju-

60 3747 138 3802 hore
149 3747 313 3818 resplendet,
336 3751 460 3820 apicibus
472 3751 626 3808 litterarum
652 3753 778 3808 mandari
797 3753 864 3809 icci-

59 3852 146 3892 1111.
163 3835 267 3894 Versus
287 3839 369 3894 etiam
388 3840 508 3911 idipsam
532 3841 718 3914 ioqucntcsut
733 3845 863 3902 enuclea·

58 3928 128 3982 tius
141 3927 318 4000 intelligatur,
332 3933 511 4002 apposuimus
528 3953 534 3988 :

65 4021 144 4074 Voce
152 4037 250 4076 sonares
261 4039 358 4093 mopao
367 4023 471 4080 Christo
479 4025 550 4094 plebs
562 4026 661 4082 clareat
671 4028 803 4094 hosanna,

59 4092 142 4157 Quae
156 4090 237 4146 datur
247 4095 358 4148 iacoena
371 4095 431 4150 tulit
446 4113 535 4152 omues
550 4097 637 4152 boetia
649 4115 719 4154 curu.

58 4161 155 4217 Ferre
168 4179 270 4218 erucem
285 4169 575 4238 properatqaieanctor
591 4171 702 4224 iucruce
712 4171 808 4228 soluat.

60 4232 131 4288 Hoc
146 4234 215 4304 quad
227 4235 327 4290 Abram
342 4254 390 4307 pro
403 4239 476 4307 prole
487 4240 557 4302 litut,
573 4237 674 4294 Christi
688 4258 751 4297 earo
761 4243 859 4313 signat.

57 4303 334 4362 Melchisedeclriibat
346 4309 415 4380 quari
426 4309 525 4363 librom
536 4327 614 4380 saper
624 4311 697 4366 boote
705 4313 860 4384 triumphat.

57 4377 182 4432 Butram
190 4386 258 4432 vecte
269 4377 357 4447 ierunt
371 4380 415 4451 qai
426 4380 561 4436 Claristum
573 4398 632 4436 coar
643 4399 719 4437 crare
728 4396 859 4456 quaeruut.

105 4466 171 4523 llaec
186 4469 268 4540 igitur
282 4479 339 4525 tam
358 4487 429 4528 nova
446 4488 529 4544 quam
539 4475 657 4545 antiqua
681 4486 860 4534 ornamento·

915 3467 1056 3522 hircorum
1081 3473 1129 3520 aut
1142 3467 1302 3532 vitulorum,
1323 3473 1371 3520 aut
1385 3482 1475 3522 raucae
1494 3467 1571 3532 raiae,
1589 3484 1637 3524 ore
1657 3468 1705 3522 De'

915 3565 962 3614 aut
973 3560 1113 3629 prophetae
1124 3559 1204 3630 iussu
1220 3559 1412 3616 deserviebant
1424 3581 1430 3615 :
1442 3567 1546 3630 qrranto
1558 3560 1646 3630 magis
1672 3560 1707 3614 ad

915 3653 1117 3722 susceptionem
1135 3652 1276 3724 sanguinis
1300 3651 1365 3708 lesu
1392 3652 1494 3709 Christi
1520 3669 1586 3706 vasa
1610 3668 1706 3714 aurea,

914 3743 1019 3814 lapides
1033 3743 1282 3814 pretiosiqaaeque
1297 3744 1369 3799 inter
1380 3760 1476 3800 ornnes
1496 3750 1637 3799 creaturas
1659 3759 1707 3797 ca·

914 3834 1025 3890 rissirna
1040 3835 1171 3890 continuo
1187 3833 1329 3900 iamuiatu,
1345 3835 1426 3906 plena
1443 3835 1588 3891 devotione
1605 3833 1706 3906 erponi

915 3926 1025 3982 debent.
1052 3926 1134 3983 Certa
1163 3943 1215 3982 nec
1236 3942 1287 3982 nos
1317 3943 1369 3981 rrce
1390 3936 1484 3983 nostra
1504 3927 1548 3982 his
1568 3927 1708 3983 deservire

915 4017 1074 4075 sufficimus.
1091 4017 1164 4076 Side
1182 4029 1341 4075 satiatorum
1360 4020 1503 4076 cherubim
1523 4027 1550 4076 et
1564 4020 1709 4091 seraphim

913 4110 1069 4167 substantia
1096 4128 1166 4167 nova
1192 4114 1333 4169 creatione
1358 4121 1452 4168 nostra
1475 4120 1639 4180 rrnrtoretnr,
1661 4111 1705 4164 in-

914 4201 1093 4259 sufficientem
1110 4212 1201 4259 tamen
1212 4213 1239 4262 et
1251 4205 1393 4276 indignam
1409 4212 1493 4260 tantae
1507 4211 1598 4259 ettam
1608 4203 1706 4259 ineisa-

912 4294 1068 4351 hilihostiae
1091 4296 1231 4354 exhiheret
1259 4297 1431 4353 famulatam.
1462 4297 1580 4351 ‘lavatam
1611 4305 1704 4351 tamen

912 4388 1134 4458 propitiationem
1146 4405 1197 4460 pro
1207 4390 1441 4460 peccatisnostris
1452 4389 1594 4445 orabamus.
1610 4387 1703 4460 Oppo-

912 4489 981 4536 nunt
995 4481 1077 4536 etiarn
1096 4481 1143 4551 qui
1160 4481 1305 4552 derogant,
1320 4480 1427 4538 deferre
1442 4481 1566 4536 sufficere
1576 4481 1640 4536 huie
1654 4482 1703 4536 ad-

56 4575 131 4614 rum
148 4557 309 4616 discrimina
329 4577 362 4618 cx
387 4563 447 4634 ipsa
464 4565 562 4621 matris
577 4565 706 4623 Ecclesiae
716 4567 859 4626 allectione
873 4581 900 4643 1)
912 4571 1110 4626 ministrationi
1137 4580 1255 4628 mentem
1275 4579 1416 4639 sanctam,
1441 4573 1563 4629 animum
1590 4589 1701 4644 puram,

56 4653 169 4708 crebro
182 4654 397 4721 considerantes,
410 4656 474 4710 dum
483 4657 556 4712 illam
566 4659 754 4716 admirabilem
764 4661 790 4717 S.
804 4661 860 4717 Eu·-

57 4744 105 4815 gii
119 4760 183 4798 cum
197 4745 350 4802 minoribus
362 4762 483 4811 crucem,
499 4750 564 4804 dum
580 4751 795 4824 incomparabile
814 4771 860 4812 or·

54 4843 244 4904 nomentum,
256 4839 329 4908 quod
345 4839 425 4912 vulgo
440 4842 522 4897 crista
542 4855 666 4911 vocatur,
689 4863 779 4904 aureae
806 4865 861 4906 arae

55 4927 217 4998 superponi
233 4937 436 4998 contueremur,
452 4934 537 4990 corde
563 4942 645 4994 tenus
668 4941 833 5010 suspirando
851 4961 858 4999 :

54 5015 171 5080 oannis,
186 5016 308 5088 inquam,
324 5021 393 5091 lapis
408 5023 546 5092 pretiosas
556 5028 754 5096 operimentum
770 5039 859 5100 tuum,

55 5107 189 5174 sardius,
202 5111 336 5181 topazius,
348 5113 446 5186 jaspis,
475 5118 625 5184 crisolitus,
642 5121 718 5187 onix,
734 5131 761 5179 ct
776 5123 860 5180 beril-

54 5204 120 5263 lus,
138 5201 277 5273 saphirus,
292 5208 490 5275 carbunculus,
507 5220 535 5266 et
551 5215 723 5285 smaragdus.
740 5215 779 5272 De
790 5233 859 5287 qvia-

53 5309 129 5349 rum
151 5309 277 5362 numero,
293 5306 393 5370 praetcr
415 5302 503 5357 solum
520 5303 730 5373 carbunculum,
750 5310 857 5365 nullum

54 5391 176 5454 deesse,
187 5389 242 5445 imo
250 5391 440 5462 copiosissime
455 5395 604 5462 abundare,
616 5415 783 5470 gemmarum
795 5419 859 5474 pro·

55 5483 214 5554 prietatem
250 5488 491 5556 cognoscentibus,
519 5504 583 5544 cum
608 5485 715 5548 summa
741 5495 859 5551 admira·

56 5577 144 5629 tione
167 5575 263 5632 claret.
279 5575 358 5634 linde
375 5594 437 5634 cunr
459 5597 493 5636 ex
517 5580 663 5638 dilectione
685 5585 794 5644 decoris
809 5589 859 5644 do-

54 5679 128 5719 mus
140 5661 189 5718 Dei
212 5663 360 5736 aliqnando
373 5669 529 5726 multicolor
542 5687 709 5743 gemmarum
725 5679 857 5748 speciosi·

54 5765 108 5812 tas
127 5755 165 5811 ab
177 5755 371 5816 exintrinsccis
387 5777 429 5816 me
443 5764 518 5822 curis
532 5765 686 5830 devocaret,
701 5745 857 5829 sanctarum

53 5847 151 5907 etiarn
181 5849 368 5910 diversitatem
392 5855 524 5912 virtutum
549 5857 582 5915 de
601 5861 788 5920 materialibus
823 5865 856 5922 nd

913 4662 1093 4718 intentionem
1107 4663 1226 4719 fidelem.
1242 4663 1276 4718 Et
1287 4680 1338 4722 nos
1361 4663 1471 4736 quidem
1486 4665 1544 4722 haec
1564 4666 1699 4723 interesse

912 4755 1059 4827 praecipue,
1071 4757 1191 4827 proprie,
1206 4757 1363 4827 specialiter
1376 4759 1569 4830 approbamus.
1583 4758 1614 4814 ln
1626 4768 1704 4816 cate·

912 4848 1034 4905 rioribus
1048 4849 1129 4904 ctiam
1142 4866 1285 4907 sacrorum
1300 4868 1429 4908 vasorum
1440 4853 1621 4919 ornamentis,
1634 4855 1700 4908 nulli

911 4940 1108 5011 omniooaeque
1126 4948 1155 4996 at
1174 4943 1263 4998 sancti
1291 4941 1419 4999 sacrificii
1434 4945 1557 5009 servitio,
1572 4943 1602 4999 in
1625 4944 1702 4998 omni

911 5033 1031 5104 puritate
1046 5033 1182 5098 interiori,
1196 5035 1310 5090 inomni
1335 5034 1480 5091 nobilitate
1491 5035 1631 5100 citeriori,
1651 5035 1701 5090 de·

910 5123 976 5179 bere
986 5121 1124 5189 famulari,
1136 5124 1307 5195 profitemur.
1329 5123 1360 5180 ln
1369 5126 1498 5182 omnibus
1510 5125 1583 5181 enim
1594 5127 1702 5180 univcr-

911 5217 1006 5273 saliter
1015 5216 1207 5273 decentissime
1220 5234 1272 5274 nos
1286 5225 1394 5288 oportet
1409 5217 1546 5274 deservire
1565 5215 1700 5286 Redemp-

910 5309 963 5364 tari
986 5317 1093 5375 nostro,
1109 5309 1155 5378 qui
1180 5309 1207 5364 in
1230 5309 1359 5365 omnibus
1375 5309 1579 5375 universaliter,
1594 5309 1700 5379 absquo

909 5402 1071 5472 exceptione
1085 5400 1177 5470 aliqua
1199 5401 1279 5456 nobis
1297 5401 1441 5472 providere
1464 5416 1520 5456 non
1548 5399 1702 5462 recusavit,

909 5495 956 5566 qui
971 5500 1076 5548 naturae
1089 5507 1147 5547 suae
1160 5500 1284 5547 nostram
1305 5493 1357 5548 sub
1368 5509 1424 5548 uno
1434 5499 1460 5549 et
1482 5491 1638 5547 admirabili
1654 5491 1699 5545 in-

909 5589 1022 5645 dividuo
1035 5587 1132 5653 univit,
1147 5586 1194 5657 qai
1219 5603 1270 5642 rros
1288 5587 1316 5640 in
1331 5594 1409 5658 parte
1428 5586 1550 5643 dextera·
1576 5601 1632 5643 suae
1657 5585 1700 5638 lo-

909 5698 988 5747 cans,
1008 5695 1123 5753 regnum
1148 5696 1228 5735 suurn
1249 5681 1385 5738 veraciter
1406 5680 1548 5752 possidere
1560 5677 1698 5758 promisit,

909 5772 1042 5830 Dominus
1063 5780 1157 5828 noster
1171 5774 1217 5846 qui
1230 5775 1298 5830 vivit
1316 5782 1343 5830 et
1357 5779 1455 5844 regnat
1464 5789 1514 5846 per
1525 5774 1617 5830 omnia
1643 5783 1695 5828 sae·

909 5870 970 5924 cula
982 5873 1149 5921 occulorum.
