3967 6334
123 357 192 416 1561

849 366 1042 426 EPlSTOLAE.

1681 369 1755 429 15ΰῖ

122 472 288 528 charissimo
305 487 336 533 ac
351 473 521 544 praecordiali
536 476 626 531 amico
639 491 689 534 suo
706 475 913 536 Suesnrorene-
927 487 950 543 Α
962 485 999 539 tis
1026 498 1171 554 personam
1184 485 1318 539 'uestram
1346 481 1521 554 singulariter
1543 481 1698 555 diligimus,
1722 490 1751 541 et

120 563 202 619 rabili
215 563 306 620 abbati
321 565 394 621 Beati
411 566 532 640 Dionysii
546 569 678 636 salutem,
694 575 721 628 et
735 571 868 644 quidquid
883 574 911 630 in

121 664 239 728 utraque
251 657 306 712 rita
322 659 429 728 melius,
442 661 572 732 quidquid
584 662 744 732 jucundius.

157 747 196 804 De
209 757 301 804 vestra
316 749 463 808 dilectione
481 758 509 808 et
523 754 685 810 strenuitate
703 755 813 820 conlisi,
829 773 910 828 quam

120 854 307 910 saepenrrmero
330 844 434 914 experti
456 859 567 910 sumus,
583 845 777 916 benignitatem
793 855 911 903 vestram

121 947 184 987 cum
204 933 288 986 multa
305 949 415 1004 precum
431 934 559 990 instantia
582 937 740 1007 suppliciter
755 954 910 1005 exoramuS,

121 1030 257 1094 quatenus
275 1027 391 1080 nuncin
407 1042 504 1098 magna
520 1029 683 1085 necessitate
699 1037 793 1086 nostra
809 1032 843 1086 ad
862 1031 911 1086 ho-

121 1132 216 1173 norem
227 1115 274 1172 Dei
291 1126 318 1174 et
332 1127 470 1184 restmm,
486 1120 561 1178 etad
578 1121 767 1178 liberationem
781 1125 913 1179 ecclesia-

122 1223 183 1264 rum
204 1209 291 1266 beatae
312 1212 404 1268 llariae
422 1221 450 1269 et
467 1213 542 1268 Deati
567 1212 701 1286 Remigii,
725 1217 828 1288 absque
852 1217 912 1272 lon·

121 1303 197 1373 ginre
208 1319 284 1358 mora
299 1306 378 1360 nobis
387 1307 414 1360 in
430 1322 510 1362 manu
522 1307 757 1365 lorti‘suceurrere
767 1309 910 1366 studeatis.

963 578 1034 634 sicut
1051 576 1197 646 specialem
1210 574 1400 631 cluniacensis
1414 574 1542 632 Ecclesiae
1555 576 1673 631 amicum
1686 591 1752 648 pro·

963 669 1083 741 pensiori
1107 668 1250 724 eharitatis
1277 667 1375 723 affectu
1397 683 1570 724 veneramur.
1593 666 1671 724 Unde
1695 684 1752 726 non

962 760 1069 816 modice
1082 773 1228 830 gravamur
1240 759 1314 828 quod
1328 759 1507 814 reuerentiam
1523 766 1651 825 vestram,
1668 775 1750 830 quarn

961 861 1018 908 tarn
1033 851 1154 908 studiose
1167 851 1315 922 diligimus,
1331 866 1381 905 nec
1396 866 1460 906 raro
1474 851 1569 906 saltem
1583 851 1676 907 ridere
1689 867 1752 922 per-

961 942 1090 1004 mittitur,
1106 947 1133 994 et
1147 940 1300 995 desiderata
1316 941 1362 995 diu
1377 940 1503 1011 colloquii
1519 941 1602 995 vestri
1621 949 1752 1012 opportu-

961 1036 1034 1091 nitas
1059 1032 1224 1102 importunis
1246 1032 1437 1103 multiplicium
1452 1031 1624 1102 negotiorum
1642 1039 1753 1087 nostro·

963 1139 1024 1178 rum
1038 1120 1265 1191 occupationibus
1286 1121 1443 1192 impeditur.
1458 1119 1591 1176 Mittimus
1607 1122 1698 1192 itaque
1710 1121 1754 1176 di·

963 1215 1072 1272 lecticni
1088 1224 1185 1271 restrae
1203 1214 1394 1270 charissimum
1407 1212 1517 1268 tratrem
1533 1222 1657 1268 nostmm
1671 1221 1699 1268 et
1711 1213 1753 1267 in·

962 1311 1058 1364 timum
1070 1310 1203 1373 amicum,
1220 1305 1349 1362 domnum
1366 1306 1505 1377 lingonem
1521 1307 1554 1362 de
1567 1307 1691 1371 Creceiu,
1702 1322 1758 1378 per

122 1393 276 1466 burgenses
289 1397 389 1451 etenim
404 1397 437 1453 de
453 1397 554 1454 Sancto
569 1399 703 1472 Remigio,
718 1404 764 1474 qui
776 1403 912 1473 praedictis
961 1416 1043 1472 quem
1057 1400 1256 1470 beneplacitum
1271 1407 1391 1456 vestrum
1407 1397 1488 1454 nubis
1506 1397 1661 1469 significare
1675 1406 1752 1469 pote

122 1487 247 1544 ecclesiis
274 1496 302 1544 et
324 1489 404 1546 nobis
430 1500 537 1548 atroces
556 1493 673 1565 injurias
698 1503 726 1550 ct
750 1495 912 1553 detrimenta
962 1495 1033 1550 ritis.
1050 1493 1079 1548 Si
1095 1493 1161 1564 quid
1174 1493 1248 1549 cuim
1269 1493 1373 1548 scimus
1388 1503 1435 1548 aut
1452 1508 1598 1564 possumus
1617 1491 1691 1564 quod
1703 1506 1754 1547 ro·

122 1579 215 1648 gravia
229 1580 379 1635 intulerunt
391 1621 398 1646 ,
410 1598 483 1637 nunc
496 1584 606 1639 tandem
620 1595 716 1641 contra
731 1600 782 1642 nos
797 1587 913 1657 superbe
962 1587 1006 1642 bis
1020 1585 1087 1640 utile
1099 1599 1296 1658 cognoscamus
1310 1594 1338 1639 et
1359 1584 1549 1650 commodum,
1566 1585 1619 1639 lroc
1640 1585 1754 1641 servitio

121 1669 349 1739 insurrexerunt,
365 1681 392 1728 et
408 1675 509 1730 milites
523 1675 713 1732 conduxerunt
726 1684 757 1732 ut
770 1693 820 1733 nos
841 1678 912 1734 iule-

962 1687 1055 1737 vestro
1070 1687 1125 1734 tam
1144 1679 1172 1733 in
1184 1678 1382 1748 temporalibus
1403 1694 1486 1748 qnam
1513 1679 1541 1733 in
1564 1678 1756 1749 spiritualibus

122 1765 211 1826 stent,
236 1767 264 1815 θῑ
278 1774 311 1816 ea
332 1776 393 1833 ttuae
411 1761 445 1818 ati
467 1779 518 1818 nos
540 1765 678 1834 pertinent
699 1765 828 1840 diripiant
844 1767 910 1840 (18).
963 1773 1092 1830 exhibere
1111 1772 1199 1843 parati
1210 1786 1315 1826 sumus.
1331 1769 1475 1826 Decaetero
1488 1771 1602 1826 verbum
1616 1770 1753 1842 quoddam

121 1847 224 1908 talete.

384 1964 553 2024 brtsrom
570 1967 656 2025 XXX.

209 2071 394 2114 rutenensis
410 2075 609 2116 tncbtrrtscoet
626 2076 659 2116 rb
679 2075 822 2119 sustentati.

120 2145 223 2216 Quaerit
250 2149 313 2220 quid
339 2151 389 2219 ipsi
423 2151 456 2206 rie
487 2152 730 2224 Hierosolymitane
750 2155 912 2225 expeditione

257 2221 444 2278 intimaverunt
459 2225 545 2278 narrtii
557 2226 626 2296 regis
643 2223 777 2282 Francioe.

152 2311 262 2368 deusne
286 2313 334 2370 Dei
362 2316 451 2386 gratia
479 2315 659 2373 Treverorum
687 2318 799 2376 humilis
831 2319 912 2375 mini-

928 1839 1118 1928 Bsecretum,
1139 1862 1213 1933 quod
1236 1861 1340 1933 scripto
1364 1863 1638 1927 crederenuluimus,
1659 1863 1687 1917 in
1705 1879 1759 1919 ore

961 1954 1066 2010 domini
1095 1953 1217 2025 lingonis
1243 1953 1405 2024 posuimus,
1421 1954 1494 2024 quod
1508 1969 1540 2010 ea
1560 1953 1667 2011 ratione
1679 1969 1744 2010 man

961 2047 1086 2104 darirnus
1100 2054 1130 2100 ut
1148 2053 1174 2102 et
1189 2061 1238 2102 ros
1252 2046 1319 2101 illud
1341 2056 1476 2103 secretum
1491 2047 1626 2114 babeatis,
1643 2057 1670 2104 et
1679 2047 1756 2104 sicut

962 2140 1089 2212 expedire
1105 2139 1229 2195 videritis
1244 2147 1324 2194 caute
1335 2139 1468 2194 tractetis

1122 2279 1129 2292 ·
1209 2249 1378 2305 EPlSTDLd
1396 2247 1505 2304 lilllill.

1148 2356 1257 2396 eueann
1276 2355 1348 2394 aare
1368 2355 1402 2394 an
1421 2353 1566 2396 suaserunt.

117 2411 176 2460 Μ
194 2412 222 2508 ef
245 2421 358 2507 ffen'us’
376 2405 497 2465 ⁵⁰⁶²³¹⁰
520 2410 609 2464 “mim
635 2410 798 2468 ⁰¹¹³¹⁵⁵⁵i¹¹¹⁰
821 2413 910 2468 1111)θῦ
997 2434 1132 2490 Eussnrus
1153 2435 1309 2505 episcopus,
1334 2447 1431 2489 servus
1452 2447 1593 2487 servorum
1607 2431 1671 2495 Dei,
1686 2431 1754 2486 dile·

119 2493 364 2570 SanctrDronysil,
379 2500 519 2557 orationes
533 2509 560 2558 et
573 2503 676 2559 intimae
697 2503 855 2561 dilectionis
870 2505 912 2560 al·
962 2534 1007 2585 eqo
1021 2528 1076 2583 fiqo
1092 2526 1210 2582 Sumo
1225 2526 1316 2580 3,ng
1335 2524 1430 2580 5an
1444 2522 1580 2596 pponysq,
1597 2525 1712 2579 saputem
1726 2531 1754 2579 ὃ,

116 2585 229 2644 seclum·
962 2620 1138 2691 apostolicam
1153 2619 1381 2674 benedictionem.

152 2681 332 2754 benignitatis
343 2693 440 2743 restrae
454 2688 571 2760 benigna
583 2689 736 2747 recordatio
750 2691 815 2748 dum
827 2693 911 2747 menti
996 2713 1064 2768 Cum
1084 2711 1216 2766 pominus
1230 2725 1262 2765 π
1275 2709 1441 2780 [redemptor
1452 2717 1557 2774 noster,
1571 2716 1624 2764 ete.
1647 2707 1713 2764 Vide
1725 2710 1758 2762 ln

116 2783 219 2831 nostre
233 2777 380 2849 seingerit,
394 2794 443 2835 cor
457 2793 547 2835 meum
562 2787 589 2836 et
604 2781 694 2836 anima
703 2781 853 2851 jucundius
869 2782 912 2836 hi·
963 2801 1079 2875 gwy,
1093 2816 1163 2873 papa
1177 2799 1241 2866 111,
1255 2799 1290 2854 aa
1305 2817 1349 2854 an,
1368 2798 1449 2855 1153.

116 2867 244 2934 larescit,
261 2878 422 2942 certumque
438 2879 480 2927 est
499 2872 579 2926 nobis
598 2873 680 2928 talem
702 2873 791 2928 rirnm
815 2872 912 2930 merito
1206 2889 1376 2946 EptSTOLA
1388 2888 1507 2946 xxttlt.

116 2960 258 3025 Venellfi·
274 2977 355 3032 (luem
370 2963 450 3033 101116
465 2964 573 3034 lateque
584 2964 681 3020 11111115
692 2966 852 3021 [1611101111]
863 2966 913 3022 ‘¹⁰‘
963 3001 1074 3044 rsrtrro
1087 2999 1244 3041 coaternus
1258 2998 1353 3039 saacrr
1367 2997 1490 3037 nrraanu
1508 2997 1542 3036 an
1554 2995 1687 3038 suosmmr
1702 2994 1756 3036 mo

115 3058 160 3108 cet
174 3052 312 3107 honorari.
331 3052 415 3124 lgitur
429 3056 559 3126 quoniam
576 3057 628 3110 boc
639 3055 702 3126 jure
723 3057 849 3128 amplecti
865 3056 913 3113 de·
1209 3069 1359 3110 runcatoris
1377 3068 1499 3109 inauras.

116 3143 180 3209 beo,
196 3143 230 3199 ad
245 3146 386 3202 servitium
403 3155 522 3202 vestrum
548 3149 654 3220 accingi
674 3149 769 3220 cupiu;
785 3151 832 3206 sed
847 3152 945 3242 quiec
998 3147 1055 3220 Ego
1070 3146 1228 3202 Sreruaaus
1255 3145 1430 3202 centulensis
1458 3143 1533 3215 prior
1556 3142 1686 3210 coenobii,
1710 3151 1750 3200 to·

115 3235 241 3292 absentia
268 3237 351 3294 nimis
383 3238 495 3309 impedit
518 3239 663 3306 ellectum,
703 3242 775 3298 bona
800 3243 910 3300 devotio
963 3240 1194 3311 tusqueejusdem
1211 3239 1439 3294 lociconrentus.

116 3328 234 3398 complet
260 3329 432 3386 orationibus
451 3329 588 3387 allectum.
606 3330 730 3388 llelatum
747 3341 790 3389 est
812 3335 908 3400 nobis,
996 3332 1095 3388 Notum
1116 3332 1174 3388 iteri
1193 3331 1319 3386 volumus
1345 3329 1472 3385 onarribus
1501 3335 1604 3384 sanctae
1625 3327 1760 3384 Ecclesiae

115 3414 198 3473 Pater
212 3424 239 3473 et
261 3417 388 3484 domine,
403 3419 516 3476 nuntios
539 3421 647 3478 uenisse
668 3423 778 3480 vobisa
800 3424 911 3480 dominu
961 3425 1035 3489 liliis,
1058 3423 1092 3478 ad
1108 3439 1225 3494 quorum
1241 3421 1366 3476 notitiam
1385 3420 1482 3474 litterae
1496 3419 1554 3474 istae
1568 3420 1756 3491 pervenerint,

116 3521 180 3577 rege
193 3503 329 3573 Francia,
347 3509 393 3579 qui
413 3511 603 3568 certitudinem
617 3511 651 3568 dc
674 3512 846 3584 expeditione
861 3515 910 3570 de·
960 3515 1033 3587 quoti
1048 3529 1100 3570 nos
1110 3527 1206 3568 omnes
1221 3510 1250 3566 S.
1264 3510 1386 3566 Richaril
1402 3508 1531 3565 monachi
1546 3508 1677 3563 dornnum
1699 3506 1753 3562 Pc-

115 3598 200 3654 beant
218 3599 355 3657 intimare.
367 3600 396 3657 Si
410 3603 448 3658 ita
463 3611 521 3669 est,
539 3604 681 3662 rescribite
695 3607 775 3662 nobis
787 3622 848 3678 quae
863 3623 911 3678 po-
961 3616 1034 3664 trum
1050 3605 1248 3660 Dituricensem
1263 3602 1292 3659 S.
1309 3601 1431 3674 Dionysii
1441 3600 1618 3665 monachum,
1633 3600 1756 3656 consilio

115 3692 205 3759 testis,
220 3701 246 3748 ct
261 3694 284 3750 si
301 3710 353 3765 qua
369 3695 445 3752 rubis
459 3697 583 3767 placent,
598 3713 659 3770 quae
681 3698 754 3770 apud
768 3715 819 3757 nos
829 3709 909 3764 sunt,
961 3707 989 3756 et
1003 3715 1119 3756 assensu
1135 3698 1325 3769 religiosarum
1340 3705 1443 3754 nostrae
1459 3696 1606 3767 provinciae
1618 3711 1753 3768 persona-

115 3785 205 3855 purati
234 3801 330 3843 sumus
353 3787 387 3844 ad
413 3804 494 3844 omne
525 3783 814 3860 servitiumlvestrum
839 3791 911 3846 bono
960 3808 1033 3857 rum,
1048 3807 1081 3846 ac
1095 3791 1224 3856 militurn,
1241 3797 1270 3846 et
1284 3805 1428 3861 procerum
1454 3797 1622 3853 nostrorum,
1640 3789 1757 3844 clericu-

80 3945 91 3966 ·
115 3876 216 3940 corde.
232 3878 304 3934 bona
319 3881 469 3938 vuluntate.
484 3881 587 3940 l'alete.
607 3881 727 3940 Puerum
742 3900 822 3955 quem
833 3883 910 3940 robis
960 3899 1022 3938 rum
1036 3884 1119 3939 etiam
1139 3898 1172 3936 ac
1191 3881 1381 3952 burgensium,
1405 3880 1566 3949 regulariter
1580 3889 1608 3937 et
1621 3879 1755 3937 canonice

116 3971 305 4027 cornurisimus
329 3973 483 4045 benignitas
497 3982 588 4031 restra
608 3975 724 4047 benigne
750 3975 868 4032 instruat
883 3983 911 4032 et

117 4062 219 4121 iurent.

373 4158 542 4216 EPlSTDLd
561 4157 657 4216 xxxi.

100 4270 108 4286 ·
195 4265 275 4304 ream
296 4268 408 4309 tranans
427 4267 616 4307 cuunracensrs
635 4267 669 4306 an
689 4265 831 4307 susumus.

157 4341 312 4400 Venerabili
327 4353 354 4400 ct
374 4344 540 4401 clarissimo
555 4343 665 4399 domino
680 4351 775 4399 nostre
790 4341 909 4398 Suuenro

116 4437 210 4494 abbati
226 4435 319 4492 Sancti
344 4437 482 4510 Dionysii,
509 4436 595 4493 irater
615 4437 645 4492 D.
661 4437 773 4494 humilis
798 4437 909 4493 Clunia-

960 3977 1042 4033 nobis
1055 3976 1084 4030 in
1100 3981 1237 4047 pastorem
1252 3975 1393 4044 elegimus.

1225 4084 1395 4143 errsrom
1409 4085 1479 4143 xil.

1014 4191 1176 4233 rasonsnrct
1190 4191 1308 4232 srrseonr
1320 4191 1495 4234 turtunensis
1508 4192 1541 4230 an
1554 4189 1697 4232 suaserunt.

960 4269 1052 4326 Donet
1072 4277 1171 4325 recreta
1184 4278 1213 4322 ut
1233 4268 1320 4339 uigilet
1336 4267 1368 4322 de
1387 4267 1506 4339 elipando
1525 4265 1712 4338 airoreligioso
1723 4266 1753 4320 in

1202 4339 1322 4394 tribulent
1335 4338 1365 4396 S.
1377 4337 1507 4394 Riclterii.

994 4431 1165 4490 charissimo
1188 4431 1299 4486 domino
1312 4440 1340 4486 et
1361 4429 1437 4484 Patri
1461 4428 1581 4485 Suesnro
1602 4428 1751 4485 venerabili

115 4530 209 4586 censis
231 4529 316 4585 abbas
331 4530 447 4586 salutern
471 4536 498 4583 et
514 4527 649 4584 sinceram
665 4527 693 4582 in
711 4526 826 4584 Domino
842 4528 910 4584 dile·
924 4557 949 4616 D
961 4525 1052 4582 abbati
1068 4524 1161 4579 Sancti
1176 4522 1309 4596 Dionysii,
1334 4522 1366 4577 T.
1388 4522 1435 4578 Dei
1455 4522 1542 4594 gratia
1556 4522 1751 4578 ambianensis

115 4621 245 4678 ctionem.

155 4714 188 4770 Et
205 4713 266 4769 aliis
280 4712 380 4769 litteris
394 4712 472 4768 robis
485 4727 573 4783 nuper
587 4711 788 4777 mandavimus,
800 4719 828 4768 et
842 4727 911 4784 prte-

115 4807 190 4866 senti
205 4806 320 4877 scripto,
332 4805 403 4860 sicut
416 4803 444 4858 in
456 4803 539 4859 corde
553 4809 649 4858 nostro
659 4804 819 4866 est,iterum
833 4803 912 4876 repli-

116 4915 226 4964 camus,
241 4898 315 4970 quod
330 4895 502 4970 praecaeteris
516 4895 798 4967 partiumrestrarum
812 4895 909 4966 praela·

154 5077 211 5151 (18)
228 5120 235 5134 .
249 5121 255 5134 .
270 5120 277 5132 .
303 5075 447 5146 Diripiunt.
459 5073 553 5130 ddan.
567 5073 637 5128 1117
649 5085 790 5128 reterenna
800 5078 910 5127 muetur

115 5151 176 5205 liare
189 5149 314 5220 epistola,
327 5163 359 5202 ex
374 5156 437 5201 ηοω
451 5146 615 5217 temporaria
627 5145 766 5214 sequentis
777 5144 908 5214 epistolae.

114 5223 253 5278 Caclernm
278 5218 362 5290 quieti
387 5218 583 5272 trionaclrorum
608 5215 636 5270 S.
653 5213 768 5286 ilenrigii
793 5212 910 5286 providit

114 5293 204 5348 redux
217 5292 252 5345 ab
262 5289 435 5360 expeditione
454 5287 683 5358 Jerosolynritana
698 5283 853 5342 Lndovicus
864 5283 908 5338 Vll

113 5365 266 5432 diplomate
279 5361 352 5432 quod
367 5361 463 5415 recitat
476 5358 625 5415 Martenius
639 5365 660 5413 t.
674 5357 684 5410 l
698 5355 828 5440 Ampliss.
845 5355 909 5410 Col·

114 5433 193 5496 lect,
211 5432 263 5485 col.
282 5432 344 5495 815,
360 5431 387 5486 in
403 5447 458 5502 quo
477 5438 575 5500 praeter
588 5430 654 5484 alia:
673 5446 683 5479 r
707 5427 747 5482 Ex
769 5443 845 5483 mure
859 5443 909 5482 an-

115 5513 287 5559 tecessorum
300 5508 458 5558 nostrorum
471 5517 584 5574 regum,
599 5499 675 5570 regia
689 5507 784 5556 nostra
805 5513 908 5569 praece-

91 5572 97 5581 '
114 5575 212 5646 ptione
224 5575 296 5629 sicut
310 5583 336 5630 et
352 5573 386 5628 ab
403 5574 458 5628 illis
481 5573 620 5629 decretum
644 5578 701 5635 est,
718 5570 907 5636 decrevimus,

83 5651 86 5656 ‘
114 5646 222 5717 inquit.
239 5654 265 5701 et
285 5645 393 5716 publica
419 5645 581 5700 auctoritate
594 5642 789 5696 constituimus
810 5649 841 5696 ut
861 5655 907 5694 ca-

114 5725 205 5774 strum
222 5717 249 5769 in
272 5731 326 5786 quo
346 5716 416 5770 idern
437 5715 466 5771 B.
482 5715 623 5784 Renrigius
637 5725 752 5784 corpore
768 5711 905 5784 quiescit,

113 5803 181 5843 cum
200 5787 288 5856 burgo
302 5787 376 5856 quod
394 5787 500 5855 adjacet
514 5785 585 5848 sibi,
601 5784 720 5840 immune
734 5785 769 5839 sit
786 5784 821 5838 ab
832 5781 906 5837 omni

113 5859 207 5914 aliena
228 5857 336 5930 justitia
359 5865 386 5915 et
402 5865 547 5928 potestate,
571 5863 598 5911 et
614 5862 711 5926 praeter
731 5854 858 5914 abbatem
880 5859 909 5909 ct

961 4618 1103 4689 presbyter
1113 4614 1235 4679 humilis,
1251 4630 1286 4670 ea
1299 4613 1392 4670 animo
1405 4613 1555 4668 servitium.

997 4708 1028 4764 ln
1050 4723 1143 4764 aurem
1169 4707 1247 4763 robis
1274 4708 1381 4779 loquor,
1396 4707 1460 4778 quia
1475 4722 1537 4763 cum
1558 4705 1652 4762 multis
1670 4706 1751 4763 malis

962 4802 1060 4874 latiger
1078 4810 1106 4857 et
1128 4800 1258 4866 assiduis,
1283 4808 1346 4856 ante
1370 4800 1461 4855 omnia
1487 4815 1571 4871 super
1588 4797 1751 4855 enormitate

961 4893 1190 4949 monasteriorum
1213 4906 1336 4948 meorum
1360 4891 1475 4963 spiritus
1501 4906 1579 4946 meus
1611 4891 1748 4946 atteritur.

960 5068 1178 5141 ejusmonachns
1191 5067 1282 5123 nullus
1296 5066 1333 5122 ibi
1346 5073 1471 5120 exerceat
1481 5064 1565 5118 ullam
1576 5062 1749 5134 judiciariam

960 5142 1220 5205 districtionen13et
1240 5139 1320 5193 liccat
1336 5135 1428 5191 abbati
1448 5144 1476 5192 et
1496 5134 1627 5190 iratribus
1649 5133 1749 5188 ibidem

960 5213 1060 5268 babere
1073 5220 1100 5266 et
1118 5226 1241 5274 caumas,
1256 5216 1283 5264 et
1300 5209 1405 5265 lurrros.
1421 5214 1448 5262 et
1462 5219 1553 5268 arces,
1575 5213 1602 5260 ct
1616 5204 1749 5261 molendi-

960 5301 1021 5351 nuS,
1037 5290 1064 5339 et
1079 5283 1242 5354 piscaturas,
1257 5287 1284 5334 et
1292 5277 1449 5350 judiciaria,
1463 5284 1491 5332 et
1504 5284 1672 5340 mereatum,
1687 5291 1749 5330 cum

960 5371 1004 5410 res
1019 5355 1085 5408 illud
1103 5350 1282 5424 postulaverit
1298 5360 1325 5405 et
1343 5361 1511 5420 quaecuuque
1525 5347 1634 5401 illorum
1648 5346 1751 5418 plaudo

959 5433 987 5482 et
1004 5427 1099 5482 usibus
1118 5424 1177 5479 visa
1194 5422 1309 5486 interint,
1325 5428 1352 5476 et
1366 5421 1449 5475 libere
1464 5417 1647 5490 permittimus
1661 5423 1688 5472 et
1700 5417 1748 5474 de

959 5512 1057 5552 namus
1082 5503 1159 5551 etc...

997 5537 1113 5622 ‹Act’nm
1134 5564 1242 5636 publice
1268 5560 1401 5629 Parisiis,
1429 5575 1502 5616 anne
1515 5557 1650 5614 lnramati
1664 5555 1750 5622 llerbi

959 5639 1043 5702 1151,
1059 5645 1154 5709 epacta
1176 5650 1232 5700 arr,
1254 5649 1381 5689 crincurr.
1401 5649 1453 5697 rar,
1472 5631 1547 5702 regni
1570 5644 1634 5685 vero
1659 5629 1748 5685 nostri

958 5725 1004 5765 xm
1021 5709 1048 5782 (a
1069 5707 1155 5780 prima
1167 5705 1362 5770 coronatione,
1379 5704 1423 5762 rel
1444 5703 1479 5760 ab
1492 5702 1568 5759 obitu
1582 5700 1748 5774 patrissat),

958 5778 1151 5840 astantibusin
1166 5777 1278 5851 palatio,
1294 5784 1371 5835 tete.
